{
    "summary": {
        "stock_name": "正德",
        "stock_id": "2641",
        "category": "航運",
        "main_business": "船務代理業<br>海運承攬運送業<br>其他顧問服務業",
        "website_url": "http://www.franbo.com.tw",
        "ceo": "蔡景仲",
        "pe_ratio": 7,
        "report_year_from": 2011,
        "report_year_to": 2023,
        "age": 13,
        "eps_negative_percentage": 18,
        "eps_growth_avg": {
            "last_all": 14.65,
            "last_2y": 39.43,
            "last_4y": 26.03,
            "last_8y": 2.46,
            "last_12y": null,
            "last_16y": null,
            "last_20y": null,
            "at_2006_last_3y": null,
            "at_2007_last_3y": null,
            "at_2008_last_3y": null,
            "at_2009_last_3y": null,
            "at_2010_last_3y": null,
            "at_2011_last_3y": null,
            "at_2012_last_3y": null,
            "at_2013_last_3y": null,
            "at_2014_last_3y": null,
            "at_2015_last_3y": null,
            "at_2016_last_3y": null,
            "at_2017_last_3y": -4.32,
            "at_2018_last_3y": -56.48,
            "at_2019_last_3y": -53.51,
            "at_2020_last_3y": 5.93,
            "at_2021_last_3y": 37.28,
            "at_2022_last_3y": 52.96,
            "at_2023_last_3y": 34.29,
            "at_2024_last_3y": 34.29,
            "at_2006_last_all": null,
            "at_2007_last_all": null,
            "at_2008_last_all": null,
            "at_2009_last_all": null,
            "at_2010_last_all": null,
            "at_2011_last_all": null,
            "at_2012_last_all": null,
            "at_2013_last_all": null,
            "at_2014_last_all": null,
            "at_2015_last_all": 43.52,
            "at_2016_last_all": -4.32,
            "at_2017_last_all": -4.32,
            "at_2018_last_all": -4.32,
            "at_2019_last_all": -5,
            "at_2020_last_all": -0.22,
            "at_2021_last_all": 16.48,
            "at_2022_last_all": 28.41,
            "at_2023_last_all": 14.65,
            "at_2024_last_all": 14.65
        },
        "latest_eps": 2.77,
        "latest_price": 20.1,
        "latest_roe": 13.52,
        "latest_gross_margin": 51.51,
        "latest_equity": 6009736,
        "latest_revenue": 349706,
        "latest_gross_profit": 180138,
        "latest_net_income": 164680,
        "latest_debt_ratio": 37.54,
        "latest_current_ratio": 168.77,
        "latest_account_receivable_turnover_ratio": 441.27,
        "latest_inventory_turnover_ratio": 0.25,
        "latest_reinvestment_rate": null,
        "latest_research_to_sale_ratio": null
    },
    "eps_dividends": {
        "2001": {
            "cash": 0,
            "stock": 0,
            "eps": 0
        },
        "2002": {
            "cash": 0,
            "stock": 0,
            "eps": 0
        },
        "2003": {
            "cash": 0,
            "stock": 0,
            "eps": 0
        },
        "2004": {
            "cash": 0,
            "stock": 0,
            "eps": 0
        },
        "2005": {
            "cash": 0,
            "stock": 0,
            "eps": 0
        },
        "2006": {
            "cash": 0,
            "stock": 0,
            "eps": 0
        },
        "2007": {
            "cash": 0,
            "stock": 0,
            "eps": 0
        },
        "2008": {
            "cash": 0,
            "stock": 0,
            "eps": 0
        },
        "2009": {
            "cash": 0,
            "stock": 0,
            "eps": 0
        },
        "2010": {
            "cash": 0,
            "stock": 0,
            "eps": 0
        },
        "2011": {
            "cash": 0,
            "stock": 0,
            "eps": 0
        },
        "2012": {
            "cash": 0.2,
            "stock": 0,
            "eps": 0
        },
        "2013": {
            "cash": 0.2,
            "stock": 0,
            "eps": 0.22
        },
        "2014": {
            "cash": 0.2,
            "stock": 0,
            "eps": 0.54
        },
        "2015": {
            "cash": 0.2,
            "stock": 0,
            "eps": 0.47
        },
        "2016": {
            "cash": 0.1,
            "stock": 0,
            "eps": -0.02
        },
        "2017": {
            "cash": 0,
            "stock": 0,
            "eps": -2.67
        },
        "2018": {
            "cash": 0,
            "stock": 0,
            "eps": 0.57
        },
        "2019": {
            "cash": 0,
            "stock": 0,
            "eps": 0.53
        },
        "2020": {
            "cash": 0.1,
            "stock": 0.1,
            "eps": 0.63
        },
        "2021": {
            "cash": 0,
            "stock": 0,
            "eps": 1.68
        },
        "2022": {
            "cash": 0.8,
            "stock": 0,
            "eps": 6.12
        },
        "2023": {
            "cash": 1.5,
            "stock": 0,
            "eps": 1.12
        },
        "2024": {
            "cash": 0.5,
            "stock": 0,
            "eps": 0
        }
    },
    "dividends": {
        "2012-03-23": {
            "cash": 0.2,
            "stock": 0
        },
        "2013-06-27": {
            "cash": 0.2,
            "stock": 0
        },
        "2014-08-15": {
            "cash": 0.2,
            "stock": 0
        },
        "2015-08-14": {
            "cash": 0.2,
            "stock": 0
        },
        "2016-08-15": {
            "cash": 0.1,
            "stock": 0
        },
        "2020-08-14": {
            "cash": 0.1,
            "stock": 0.1
        },
        "2022-07-08": {
            "cash": 0.8,
            "stock": 0
        },
        "2023-04-28": {
            "cash": 1.5,
            "stock": 0
        },
        "2024-03-07": {
            "cash": 0.5,
            "stock": 0
        }
    },
    "prices": {
        "200101": "無",
        "200102": "無",
        "200103": "無",
        "200104": "無",
        "200105": "無",
        "200106": "無",
        "200107": "無",
        "200108": "無",
        "200109": "無",
        "200110": "無",
        "200111": "無",
        "200112": "無",
        "200201": "無",
        "200202": "無",
        "200203": "無",
        "200204": "無",
        "200205": "無",
        "200206": "無",
        "200207": "無",
        "200208": "無",
        "200209": "無",
        "200210": "無",
        "200211": "無",
        "200212": "無",
        "200301": "無",
        "200302": "無",
        "200303": "無",
        "200304": "無",
        "200305": "無",
        "200306": "無",
        "200307": "無",
        "200308": "無",
        "200309": "無",
        "200310": "無",
        "200311": "無",
        "200312": "無",
        "200401": "無",
        "200402": "無",
        "200403": "無",
        "200404": "無",
        "200405": "無",
        "200406": "無",
        "200407": "無",
        "200408": "無",
        "200409": "無",
        "200410": "無",
        "200411": "無",
        "200412": "無",
        "200501": "無",
        "200502": "無",
        "200503": "無",
        "200504": "無",
        "200505": "無",
        "200506": "無",
        "200507": "無",
        "200508": "無",
        "200509": "無",
        "200510": "無",
        "200511": "無",
        "200512": "無",
        "200601": "無",
        "200602": "無",
        "200603": "無",
        "200604": "無",
        "200605": "無",
        "200606": "無",
        "200607": "無",
        "200608": "無",
        "200609": "無",
        "200610": "無",
        "200611": "無",
        "200612": "無",
        "200701": "無",
        "200702": "無",
        "200703": "無",
        "200704": "無",
        "200705": "無",
        "200706": "無",
        "200707": "無",
        "200708": "無",
        "200709": "無",
        "200710": "無",
        "200711": "無",
        "200712": "無",
        "200801": "無",
        "200802": "無",
        "200803": "無",
        "200804": "無",
        "200805": "無",
        "200806": "無",
        "200807": "無",
        "200808": "無",
        "200809": "無",
        "200810": "無",
        "200811": "無",
        "200812": "無",
        "200901": "無",
        "200902": "無",
        "200903": "無",
        "200904": "無",
        "200905": "無",
        "200906": "無",
        "200907": "無",
        "200908": "無",
        "200909": "無",
        "200910": "無",
        "200911": "無",
        "200912": "無",
        "201001": "無",
        "201002": "無",
        "201003": "無",
        "201004": "無",
        "201005": "無",
        "201006": "無",
        "201007": "無",
        "201008": "無",
        "201009": "無",
        "201010": "無",
        "201011": "無",
        "201012": "無",
        "201101": "無",
        "201102": "無",
        "201103": "無",
        "201104": "無",
        "201105": "無",
        "201106": "無",
        "201107": "無",
        "201108": "無",
        "201109": "無",
        "201110": "無",
        "201111": "無",
        "201112": "10.24",
        "201201": "10.09",
        "201202": "9.56",
        "201203": "9.47",
        "201204": "8.63",
        "201205": "9.25",
        "201206": "10.20",
        "201207": "10.55",
        "201208": "10.14",
        "201209": "9.96",
        "201210": "9.19",
        "201211": "8.76",
        "201212": "8.30",
        "201301": "8.74",
        "201302": "8.58",
        "201303": "8.42",
        "201304": "8.25",
        "201305": "8.04",
        "201306": "7.84",
        "201307": "8.41",
        "201308": "8.52",
        "201309": "9.58",
        "201310": "10.41",
        "201311": "10.60",
        "201312": "10.15",
        "201401": "10.31",
        "201402": "10.48",
        "201403": "11.57",
        "201404": "12.87",
        "201405": "14.21",
        "201406": "14.49",
        "201407": "14.25",
        "201408": "13.81",
        "201409": "14.13",
        "201410": "12.09",
        "201411": "11.68",
        "201412": "11.41",
        "201501": "11.67",
        "201502": "10.83",
        "201503": "10.96",
        "201504": "10.70",
        "201505": "10.29",
        "201506": "9.95",
        "201507": "9.91",
        "201508": "9.33",
        "201509": "8.86",
        "201510": "9.15",
        "201511": "9.05",
        "201512": "8.54",
        "201601": "7.53",
        "201602": "7.09",
        "201603": "7.69",
        "201604": "7.70",
        "201605": "7.12",
        "201606": "7.41",
        "201607": "9.55",
        "201608": "11.19",
        "201609": "10.84",
        "201610": "11.92",
        "201611": "12.20",
        "201612": "11.44",
        "201701": "10.91",
        "201702": "9.72",
        "201703": "8.46",
        "201704": "7.92",
        "201705": "7.24",
        "201706": "7.52",
        "201707": "7.63",
        "201708": "7.72",
        "201709": "7.67",
        "201710": "7.38",
        "201711": "7.39",
        "201712": "7.27",
        "201801": "7.17",
        "201802": "6.47",
        "201803": "6.19",
        "201804": "6.07",
        "201805": "7.37",
        "201806": "7.72",
        "201807": "7.35",
        "201808": "8.18",
        "201809": "7.53",
        "201810": "7.23",
        "201811": "7.26",
        "201812": "8.71",
        "201901": "7.84",
        "201902": "7.76",
        "201903": "8.02",
        "201904": "8.00",
        "201905": "7.88",
        "201906": "7.57",
        "201907": "7.94",
        "201908": "7.65",
        "201909": "7.75",
        "201910": "7.53",
        "201911": "7.24",
        "201912": "7.13",
        "202001": "6.96",
        "202002": "6.33",
        "202003": "5.61",
        "202004": "5.55",
        "202005": "6.12",
        "202006": "6.60",
        "202007": "6.64",
        "202008": "7.20",
        "202009": "7.99",
        "202010": "7.87",
        "202011": "8.09",
        "202012": "9.85",
        "202101": "11.17",
        "202102": "11.10",
        "202103": "12.78",
        "202104": "17.15",
        "202105": "18.33",
        "202106": "28.33",
        "202107": "34.00",
        "202108": "30.05",
        "202109": "32.18",
        "202110": "26.05",
        "202111": "24.66",
        "202112": "27.28",
        "202201": "24.39",
        "202202": "25.39",
        "202203": "26.11",
        "202204": "25.84",
        "202205": "27.42",
        "202206": "24.52",
        "202207": "20.26",
        "202208": "20.88",
        "202209": "17.97",
        "202210": "15.59",
        "202211": "17.21",
        "202212": "18.40",
        "202301": "18.02",
        "202302": "18.04",
        "202303": "21.20",
        "202304": "19.46",
        "202305": "18.26",
        "202306": "17.77",
        "202307": "16.82",
        "202308": "15.88",
        "202309": "16.59",
        "202310": "16.78",
        "202311": "17.00",
        "202312": "21.47"
    },
    "quarters": {
        "20011": {
            "year_quarter": 20011,
            "year": 2001,
            "quarter": 1,
            "eps": null,
            "eps_growth_year": null,
            "eps_4q": null,
            "eps_4q_growth_year": null,
            "roe": null,
            "roe_4q": 0,
            "gross_profit": null,
            "gross_margin": null,
            "gross_margin_4q_avg": 0,
            "net_income": null,
            "net_income_4q": null,
            "revenue": null,
            "revenue_4q": null,
            "common_shares": null,
            "book_valuer_per_share": null,
            "book_valuer_per_share_4q_avg": 0,
            "equity": null,
            "current_ratio": null,
            "debt_ratio": null,
            "inventory_turnover_ratio": null,
            "account_receivable_turnover_ratio": null,
            "reinvestment_rate": null,
            "research_to_sale_ratio": null,
            "price_fair": 0,
            "eps_avg_yearly": 0,
            "eps_latest_yearly": 0,
            "eps_growth_yearly": 0
        },
        "20012": {
            "year_quarter": 20012,
            "year": 2001,
            "quarter": 2,
            "eps": null,
            "eps_growth_year": null,
            "eps_4q": null,
            "eps_4q_growth_year": null,
            "roe": null,
            "roe_4q": 0,
            "gross_profit": null,
            "gross_margin": null,
            "gross_margin_4q_avg": 0,
            "net_income": null,
            "net_income_4q": null,
            "revenue": null,
            "revenue_4q": null,
            "common_shares": null,
            "book_valuer_per_share": null,
            "book_valuer_per_share_4q_avg": 0,
            "equity": null,
            "current_ratio": null,
            "debt_ratio": null,
            "inventory_turnover_ratio": null,
            "account_receivable_turnover_ratio": null,
            "reinvestment_rate": null,
            "research_to_sale_ratio": null,
            "price_fair": 0,
            "eps_avg_yearly": 0,
            "eps_latest_yearly": 0,
            "eps_growth_yearly": 0
        },
        "20013": {
            "year_quarter": 20013,
            "year": 2001,
            "quarter": 3,
            "eps": null,
            "eps_growth_year": null,
            "eps_4q": null,
            "eps_4q_growth_year": null,
            "roe": null,
            "roe_4q": 0,
            "gross_profit": null,
            "gross_margin": null,
            "gross_margin_4q_avg": 0,
            "net_income": null,
            "net_income_4q": null,
            "revenue": null,
            "revenue_4q": null,
            "common_shares": null,
            "book_valuer_per_share": null,
            "book_valuer_per_share_4q_avg": 0,
            "equity": null,
            "current_ratio": null,
            "debt_ratio": null,
            "inventory_turnover_ratio": null,
            "account_receivable_turnover_ratio": null,
            "reinvestment_rate": null,
            "research_to_sale_ratio": null,
            "price_fair": 0,
            "eps_avg_yearly": 0,
            "eps_latest_yearly": 0,
            "eps_growth_yearly": 0
        },
        "20014": {
            "year_quarter": 20014,
            "year": 2001,
            "quarter": 4,
            "eps": null,
            "eps_growth_year": null,
            "eps_4q": null,
            "eps_4q_growth_year": null,
            "roe": null,
            "roe_4q": 0,
            "gross_profit": null,
            "gross_margin": null,
            "gross_margin_4q_avg": 0,
            "net_income": null,
            "net_income_4q": null,
            "revenue": null,
            "revenue_4q": null,
            "common_shares": null,
            "book_valuer_per_share": null,
            "book_valuer_per_share_4q_avg": 0,
            "equity": null,
            "current_ratio": null,
            "debt_ratio": null,
            "inventory_turnover_ratio": null,
            "account_receivable_turnover_ratio": null,
            "reinvestment_rate": null,
            "research_to_sale_ratio": null,
            "price_fair": 0,
            "eps_avg_yearly": 0,
            "eps_latest_yearly": 0,
            "eps_growth_yearly": 0
        },
        "20021": {
            "year_quarter": 20021,
            "year": 2002,
            "quarter": 1,
            "eps": null,
            "eps_growth_year": null,
            "eps_4q": null,
            "eps_4q_growth_year": null,
            "roe": null,
            "roe_4q": 0,
            "gross_profit": null,
            "gross_margin": null,
            "gross_margin_4q_avg": 0,
            "net_income": null,
            "net_income_4q": null,
            "revenue": null,
            "revenue_4q": null,
            "common_shares": null,
            "book_valuer_per_share": null,
            "book_valuer_per_share_4q_avg": 0,
            "equity": null,
            "current_ratio": null,
            "debt_ratio": null,
            "inventory_turnover_ratio": null,
            "account_receivable_turnover_ratio": null,
            "reinvestment_rate": null,
            "research_to_sale_ratio": null,
            "price_fair": 0,
            "eps_avg_yearly": 0,
            "eps_latest_yearly": 0,
            "eps_growth_yearly": 0
        },
        "20022": {
            "year_quarter": 20022,
            "year": 2002,
            "quarter": 2,
            "eps": null,
            "eps_growth_year": null,
            "eps_4q": null,
            "eps_4q_growth_year": null,
            "roe": null,
            "roe_4q": 0,
            "gross_profit": null,
            "gross_margin": null,
            "gross_margin_4q_avg": 0,
            "net_income": null,
            "net_income_4q": null,
            "revenue": null,
            "revenue_4q": null,
            "common_shares": null,
            "book_valuer_per_share": null,
            "book_valuer_per_share_4q_avg": 0,
            "equity": null,
            "current_ratio": null,
            "debt_ratio": null,
            "inventory_turnover_ratio": null,
            "account_receivable_turnover_ratio": null,
            "reinvestment_rate": null,
            "research_to_sale_ratio": null,
            "price_fair": 0,
            "eps_avg_yearly": 0,
            "eps_latest_yearly": 0,
            "eps_growth_yearly": 0
        },
        "20023": {
            "year_quarter": 20023,
            "year": 2002,
            "quarter": 3,
            "eps": null,
            "eps_growth_year": null,
            "eps_4q": null,
            "eps_4q_growth_year": null,
            "roe": null,
            "roe_4q": 0,
            "gross_profit": null,
            "gross_margin": null,
            "gross_margin_4q_avg": 0,
            "net_income": null,
            "net_income_4q": null,
            "revenue": null,
            "revenue_4q": null,
            "common_shares": null,
            "book_valuer_per_share": null,
            "book_valuer_per_share_4q_avg": 0,
            "equity": null,
            "current_ratio": null,
            "debt_ratio": null,
            "inventory_turnover_ratio": null,
            "account_receivable_turnover_ratio": null,
            "reinvestment_rate": null,
            "research_to_sale_ratio": null,
            "price_fair": 0,
            "eps_avg_yearly": 0,
            "eps_latest_yearly": 0,
            "eps_growth_yearly": 0
        },
        "20024": {
            "year_quarter": 20024,
            "year": 2002,
            "quarter": 4,
            "eps": null,
            "eps_growth_year": null,
            "eps_4q": null,
            "eps_4q_growth_year": null,
            "roe": null,
            "roe_4q": 0,
            "gross_profit": null,
            "gross_margin": null,
            "gross_margin_4q_avg": 0,
            "net_income": null,
            "net_income_4q": null,
            "revenue": null,
            "revenue_4q": null,
            "common_shares": null,
            "book_valuer_per_share": null,
            "book_valuer_per_share_4q_avg": 0,
            "equity": null,
            "current_ratio": null,
            "debt_ratio": null,
            "inventory_turnover_ratio": null,
            "account_receivable_turnover_ratio": null,
            "reinvestment_rate": null,
            "research_to_sale_ratio": null,
            "price_fair": 0,
            "eps_avg_yearly": 0,
            "eps_latest_yearly": 0,
            "eps_growth_yearly": 0
        },
        "20031": {
            "year_quarter": 20031,
            "year": 2003,
            "quarter": 1,
            "eps": null,
            "eps_growth_year": null,
            "eps_4q": null,
            "eps_4q_growth_year": null,
            "roe": null,
            "roe_4q": 0,
            "gross_profit": null,
            "gross_margin": null,
            "gross_margin_4q_avg": 0,
            "net_income": null,
            "net_income_4q": null,
            "revenue": null,
            "revenue_4q": null,
            "common_shares": null,
            "book_valuer_per_share": null,
            "book_valuer_per_share_4q_avg": 0,
            "equity": null,
            "current_ratio": null,
            "debt_ratio": null,
            "inventory_turnover_ratio": null,
            "account_receivable_turnover_ratio": null,
            "reinvestment_rate": null,
            "research_to_sale_ratio": null,
            "price_fair": 0,
            "eps_avg_yearly": 0,
            "eps_latest_yearly": 0,
            "eps_growth_yearly": 0
        },
        "20032": {
            "year_quarter": 20032,
            "year": 2003,
            "quarter": 2,
            "eps": null,
            "eps_growth_year": null,
            "eps_4q": null,
            "eps_4q_growth_year": null,
            "roe": null,
            "roe_4q": 0,
            "gross_profit": null,
            "gross_margin": null,
            "gross_margin_4q_avg": 0,
            "net_income": null,
            "net_income_4q": null,
            "revenue": null,
            "revenue_4q": null,
            "common_shares": null,
            "book_valuer_per_share": null,
            "book_valuer_per_share_4q_avg": 0,
            "equity": null,
            "current_ratio": null,
            "debt_ratio": null,
            "inventory_turnover_ratio": null,
            "account_receivable_turnover_ratio": null,
            "reinvestment_rate": null,
            "research_to_sale_ratio": null,
            "price_fair": 0,
            "eps_avg_yearly": 0,
            "eps_latest_yearly": 0,
            "eps_growth_yearly": 0
        },
        "20033": {
            "year_quarter": 20033,
            "year": 2003,
            "quarter": 3,
            "eps": null,
            "eps_growth_year": null,
            "eps_4q": null,
            "eps_4q_growth_year": null,
            "roe": null,
            "roe_4q": 0,
            "gross_profit": null,
            "gross_margin": null,
            "gross_margin_4q_avg": 0,
            "net_income": null,
            "net_income_4q": null,
            "revenue": null,
            "revenue_4q": null,
            "common_shares": null,
            "book_valuer_per_share": null,
            "book_valuer_per_share_4q_avg": 0,
            "equity": null,
            "current_ratio": null,
            "debt_ratio": null,
            "inventory_turnover_ratio": null,
            "account_receivable_turnover_ratio": null,
            "reinvestment_rate": null,
            "research_to_sale_ratio": null,
            "price_fair": 0,
            "eps_avg_yearly": 0,
            "eps_latest_yearly": 0,
            "eps_growth_yearly": 0
        },
        "20034": {
            "year_quarter": 20034,
            "year": 2003,
            "quarter": 4,
            "eps": null,
            "eps_growth_year": null,
            "eps_4q": null,
            "eps_4q_growth_year": null,
            "roe": null,
            "roe_4q": 0,
            "gross_profit": null,
            "gross_margin": null,
            "gross_margin_4q_avg": 0,
            "net_income": null,
            "net_income_4q": null,
            "revenue": null,
            "revenue_4q": null,
            "common_shares": null,
            "book_valuer_per_share": null,
            "book_valuer_per_share_4q_avg": 0,
            "equity": null,
            "current_ratio": null,
            "debt_ratio": null,
            "inventory_turnover_ratio": null,
            "account_receivable_turnover_ratio": null,
            "reinvestment_rate": null,
            "research_to_sale_ratio": null,
            "price_fair": 0,
            "eps_avg_yearly": 0,
            "eps_latest_yearly": 0,
            "eps_growth_yearly": 0
        },
        "20041": {
            "year_quarter": 20041,
            "year": 2004,
            "quarter": 1,
            "eps": null,
            "eps_growth_year": null,
            "eps_4q": null,
            "eps_4q_growth_year": null,
            "roe": null,
            "roe_4q": 0,
            "gross_profit": null,
            "gross_margin": null,
            "gross_margin_4q_avg": 0,
            "net_income": null,
            "net_income_4q": null,
            "revenue": null,
            "revenue_4q": null,
            "common_shares": null,
            "book_valuer_per_share": null,
            "book_valuer_per_share_4q_avg": 0,
            "equity": null,
            "current_ratio": null,
            "debt_ratio": null,
            "inventory_turnover_ratio": null,
            "account_receivable_turnover_ratio": null,
            "reinvestment_rate": null,
            "research_to_sale_ratio": null,
            "price_fair": 0,
            "eps_avg_yearly": 0,
            "eps_latest_yearly": 0,
            "eps_growth_yearly": 0
        },
        "20042": {
            "year_quarter": 20042,
            "year": 2004,
            "quarter": 2,
            "eps": null,
            "eps_growth_year": null,
            "eps_4q": null,
            "eps_4q_growth_year": null,
            "roe": null,
            "roe_4q": 0,
            "gross_profit": null,
            "gross_margin": null,
            "gross_margin_4q_avg": 0,
            "net_income": null,
            "net_income_4q": null,
            "revenue": null,
            "revenue_4q": null,
            "common_shares": null,
            "book_valuer_per_share": null,
            "book_valuer_per_share_4q_avg": 0,
            "equity": null,
            "current_ratio": null,
            "debt_ratio": null,
            "inventory_turnover_ratio": null,
            "account_receivable_turnover_ratio": null,
            "reinvestment_rate": null,
            "research_to_sale_ratio": null,
            "price_fair": 0,
            "eps_avg_yearly": 0,
            "eps_latest_yearly": 0,
            "eps_growth_yearly": 0
        },
        "20043": {
            "year_quarter": 20043,
            "year": 2004,
            "quarter": 3,
            "eps": null,
            "eps_growth_year": null,
            "eps_4q": null,
            "eps_4q_growth_year": null,
            "roe": null,
            "roe_4q": 0,
            "gross_profit": null,
            "gross_margin": null,
            "gross_margin_4q_avg": 0,
            "net_income": null,
            "net_income_4q": null,
            "revenue": null,
            "revenue_4q": null,
            "common_shares": null,
            "book_valuer_per_share": null,
            "book_valuer_per_share_4q_avg": 0,
            "equity": null,
            "current_ratio": null,
            "debt_ratio": null,
            "inventory_turnover_ratio": null,
            "account_receivable_turnover_ratio": null,
            "reinvestment_rate": null,
            "research_to_sale_ratio": null,
            "price_fair": 0,
            "eps_avg_yearly": 0,
            "eps_latest_yearly": 0,
            "eps_growth_yearly": 0
        },
        "20044": {
            "year_quarter": 20044,
            "year": 2004,
            "quarter": 4,
            "eps": null,
            "eps_growth_year": null,
            "eps_4q": null,
            "eps_4q_growth_year": null,
            "roe": null,
            "roe_4q": 0,
            "gross_profit": null,
            "gross_margin": null,
            "gross_margin_4q_avg": 0,
            "net_income": null,
            "net_income_4q": null,
            "revenue": null,
            "revenue_4q": null,
            "common_shares": null,
            "book_valuer_per_share": null,
            "book_valuer_per_share_4q_avg": 0,
            "equity": null,
            "current_ratio": null,
            "debt_ratio": null,
            "inventory_turnover_ratio": null,
            "account_receivable_turnover_ratio": null,
            "reinvestment_rate": null,
            "research_to_sale_ratio": null,
            "price_fair": 0,
            "eps_avg_yearly": 0,
            "eps_latest_yearly": 0,
            "eps_growth_yearly": 0
        },
        "20051": {
            "year_quarter": 20051,
            "year": 2005,
            "quarter": 1,
            "eps": null,
            "eps_growth_year": null,
            "eps_4q": null,
            "eps_4q_growth_year": null,
            "roe": null,
            "roe_4q": 0,
            "gross_profit": null,
            "gross_margin": null,
            "gross_margin_4q_avg": 0,
            "net_income": null,
            "net_income_4q": null,
            "revenue": null,
            "revenue_4q": null,
            "common_shares": null,
            "book_valuer_per_share": null,
            "book_valuer_per_share_4q_avg": 0,
            "equity": null,
            "current_ratio": null,
            "debt_ratio": null,
            "inventory_turnover_ratio": null,
            "account_receivable_turnover_ratio": null,
            "reinvestment_rate": null,
            "research_to_sale_ratio": null,
            "price_fair": 0,
            "eps_avg_yearly": 0,
            "eps_latest_yearly": 0,
            "eps_growth_yearly": 0
        },
        "20052": {
            "year_quarter": 20052,
            "year": 2005,
            "quarter": 2,
            "eps": null,
            "eps_growth_year": null,
            "eps_4q": null,
            "eps_4q_growth_year": null,
            "roe": null,
            "roe_4q": 0,
            "gross_profit": null,
            "gross_margin": null,
            "gross_margin_4q_avg": 0,
            "net_income": null,
            "net_income_4q": null,
            "revenue": null,
            "revenue_4q": null,
            "common_shares": null,
            "book_valuer_per_share": null,
            "book_valuer_per_share_4q_avg": 0,
            "equity": null,
            "current_ratio": null,
            "debt_ratio": null,
            "inventory_turnover_ratio": null,
            "account_receivable_turnover_ratio": null,
            "reinvestment_rate": null,
            "research_to_sale_ratio": null,
            "price_fair": 0,
            "eps_avg_yearly": 0,
            "eps_latest_yearly": 0,
            "eps_growth_yearly": 0
        },
        "20053": {
            "year_quarter": 20053,
            "year": 2005,
            "quarter": 3,
            "eps": null,
            "eps_growth_year": null,
            "eps_4q": null,
            "eps_4q_growth_year": null,
            "roe": null,
            "roe_4q": 0,
            "gross_profit": null,
            "gross_margin": null,
            "gross_margin_4q_avg": 0,
            "net_income": null,
            "net_income_4q": null,
            "revenue": null,
            "revenue_4q": null,
            "common_shares": null,
            "book_valuer_per_share": null,
            "book_valuer_per_share_4q_avg": 0,
            "equity": null,
            "current_ratio": null,
            "debt_ratio": null,
            "inventory_turnover_ratio": null,
            "account_receivable_turnover_ratio": null,
            "reinvestment_rate": null,
            "research_to_sale_ratio": null,
            "price_fair": 0,
            "eps_avg_yearly": 0,
            "eps_latest_yearly": 0,
            "eps_growth_yearly": 0
        },
        "20054": {
            "year_quarter": 20054,
            "year": 2005,
            "quarter": 4,
            "eps": null,
            "eps_growth_year": null,
            "eps_4q": null,
            "eps_4q_growth_year": null,
            "roe": null,
            "roe_4q": 0,
            "gross_profit": null,
            "gross_margin": null,
            "gross_margin_4q_avg": 0,
            "net_income": null,
            "net_income_4q": null,
            "revenue": null,
            "revenue_4q": null,
            "common_shares": null,
            "book_valuer_per_share": null,
            "book_valuer_per_share_4q_avg": 0,
            "equity": null,
            "current_ratio": null,
            "debt_ratio": null,
            "inventory_turnover_ratio": null,
            "account_receivable_turnover_ratio": null,
            "reinvestment_rate": null,
            "research_to_sale_ratio": null,
            "price_fair": 0,
            "eps_avg_yearly": 0,
            "eps_latest_yearly": 0,
            "eps_growth_yearly": 0
        },
        "20061": {
            "year_quarter": 20061,
            "year": 2006,
            "quarter": 1,
            "eps": null,
            "eps_growth_year": null,
            "eps_4q": null,
            "eps_4q_growth_year": null,
            "roe": null,
            "roe_4q": 0,
            "gross_profit": null,
            "gross_margin": null,
            "gross_margin_4q_avg": 0,
            "net_income": null,
            "net_income_4q": null,
            "revenue": null,
            "revenue_4q": null,
            "common_shares": null,
            "book_valuer_per_share": null,
            "book_valuer_per_share_4q_avg": 0,
            "equity": null,
            "current_ratio": null,
            "debt_ratio": null,
            "inventory_turnover_ratio": null,
            "account_receivable_turnover_ratio": null,
            "reinvestment_rate": null,
            "research_to_sale_ratio": null,
            "price_fair": 0,
            "eps_avg_yearly": 0,
            "eps_latest_yearly": 0,
            "eps_growth_yearly": 0
        },
        "20062": {
            "year_quarter": 20062,
            "year": 2006,
            "quarter": 2,
            "eps": null,
            "eps_growth_year": null,
            "eps_4q": null,
            "eps_4q_growth_year": null,
            "roe": null,
            "roe_4q": 0,
            "gross_profit": null,
            "gross_margin": null,
            "gross_margin_4q_avg": 0,
            "net_income": null,
            "net_income_4q": null,
            "revenue": null,
            "revenue_4q": null,
            "common_shares": null,
            "book_valuer_per_share": null,
            "book_valuer_per_share_4q_avg": 0,
            "equity": null,
            "current_ratio": null,
            "debt_ratio": null,
            "inventory_turnover_ratio": null,
            "account_receivable_turnover_ratio": null,
            "reinvestment_rate": null,
            "research_to_sale_ratio": null,
            "price_fair": 0,
            "eps_avg_yearly": 0,
            "eps_latest_yearly": 0,
            "eps_growth_yearly": 0
        },
        "20063": {
            "year_quarter": 20063,
            "year": 2006,
            "quarter": 3,
            "eps": null,
            "eps_growth_year": null,
            "eps_4q": null,
            "eps_4q_growth_year": null,
            "roe": null,
            "roe_4q": 0,
            "gross_profit": null,
            "gross_margin": null,
            "gross_margin_4q_avg": 0,
            "net_income": null,
            "net_income_4q": null,
            "revenue": null,
            "revenue_4q": null,
            "common_shares": null,
            "book_valuer_per_share": null,
            "book_valuer_per_share_4q_avg": 0,
            "equity": null,
            "current_ratio": null,
            "debt_ratio": null,
            "inventory_turnover_ratio": null,
            "account_receivable_turnover_ratio": null,
            "reinvestment_rate": null,
            "research_to_sale_ratio": null,
            "price_fair": 0,
            "eps_avg_yearly": 0,
            "eps_latest_yearly": 0,
            "eps_growth_yearly": 0
        },
        "20064": {
            "year_quarter": 20064,
            "year": 2006,
            "quarter": 4,
            "eps": null,
            "eps_growth_year": null,
            "eps_4q": null,
            "eps_4q_growth_year": null,
            "roe": null,
            "roe_4q": 0,
            "gross_profit": null,
            "gross_margin": null,
            "gross_margin_4q_avg": 0,
            "net_income": null,
            "net_income_4q": null,
            "revenue": null,
            "revenue_4q": null,
            "common_shares": 10000,
            "book_valuer_per_share": 10.2,
            "book_valuer_per_share_4q_avg": 2.55,
            "equity": 10204,
            "current_ratio": 40.87,
            "debt_ratio": 53.3,
            "inventory_turnover_ratio": null,
            "account_receivable_turnover_ratio": null,
            "reinvestment_rate": null,
            "research_to_sale_ratio": null,
            "price_fair": 0,
            "eps_avg_yearly": 0,
            "eps_latest_yearly": 0,
            "eps_growth_yearly": 0
        },
        "20071": {
            "year_quarter": 20071,
            "year": 2007,
            "quarter": 1,
            "eps": null,
            "eps_growth_year": null,
            "eps_4q": null,
            "eps_4q_growth_year": null,
            "roe": null,
            "roe_4q": 0,
            "gross_profit": null,
            "gross_margin": null,
            "gross_margin_4q_avg": 0,
            "net_income": null,
            "net_income_4q": null,
            "revenue": null,
            "revenue_4q": null,
            "common_shares": null,
            "book_valuer_per_share": null,
            "book_valuer_per_share_4q_avg": 2.55,
            "equity": null,
            "current_ratio": null,
            "debt_ratio": null,
            "inventory_turnover_ratio": null,
            "account_receivable_turnover_ratio": null,
            "reinvestment_rate": null,
            "research_to_sale_ratio": null,
            "price_fair": 0,
            "eps_avg_yearly": 0,
            "eps_latest_yearly": 0,
            "eps_growth_yearly": 0
        },
        "20072": {
            "year_quarter": 20072,
            "year": 2007,
            "quarter": 2,
            "eps": null,
            "eps_growth_year": null,
            "eps_4q": null,
            "eps_4q_growth_year": null,
            "roe": null,
            "roe_4q": 0,
            "gross_profit": null,
            "gross_margin": null,
            "gross_margin_4q_avg": 0,
            "net_income": null,
            "net_income_4q": null,
            "revenue": null,
            "revenue_4q": null,
            "common_shares": null,
            "book_valuer_per_share": null,
            "book_valuer_per_share_4q_avg": 2.55,
            "equity": null,
            "current_ratio": null,
            "debt_ratio": null,
            "inventory_turnover_ratio": null,
            "account_receivable_turnover_ratio": null,
            "reinvestment_rate": null,
            "research_to_sale_ratio": null,
            "price_fair": 0,
            "eps_avg_yearly": 0,
            "eps_latest_yearly": 0,
            "eps_growth_yearly": 0
        },
        "20073": {
            "year_quarter": 20073,
            "year": 2007,
            "quarter": 3,
            "eps": null,
            "eps_growth_year": null,
            "eps_4q": null,
            "eps_4q_growth_year": null,
            "roe": null,
            "roe_4q": 0,
            "gross_profit": null,
            "gross_margin": null,
            "gross_margin_4q_avg": 0,
            "net_income": null,
            "net_income_4q": null,
            "revenue": null,
            "revenue_4q": null,
            "common_shares": null,
            "book_valuer_per_share": null,
            "book_valuer_per_share_4q_avg": 2.55,
            "equity": null,
            "current_ratio": null,
            "debt_ratio": null,
            "inventory_turnover_ratio": null,
            "account_receivable_turnover_ratio": null,
            "reinvestment_rate": null,
            "research_to_sale_ratio": null,
            "price_fair": 0,
            "eps_avg_yearly": 0,
            "eps_latest_yearly": 0,
            "eps_growth_yearly": 0
        },
        "20074": {
            "year_quarter": 20074,
            "year": 2007,
            "quarter": 4,
            "eps": null,
            "eps_growth_year": null,
            "eps_4q": null,
            "eps_4q_growth_year": null,
            "roe": null,
            "roe_4q": 0,
            "gross_profit": null,
            "gross_margin": null,
            "gross_margin_4q_avg": 0,
            "net_income": null,
            "net_income_4q": null,
            "revenue": null,
            "revenue_4q": null,
            "common_shares": 10000,
            "book_valuer_per_share": 12.28,
            "book_valuer_per_share_4q_avg": 3.07,
            "equity": 12278,
            "current_ratio": 110.35,
            "debt_ratio": 53.8,
            "inventory_turnover_ratio": null,
            "account_receivable_turnover_ratio": null,
            "reinvestment_rate": null,
            "research_to_sale_ratio": null,
            "price_fair": 0,
            "eps_avg_yearly": 0,
            "eps_latest_yearly": 0,
            "eps_growth_yearly": 0
        },
        "20081": {
            "year_quarter": 20081,
            "year": 2008,
            "quarter": 1,
            "eps": null,
            "eps_growth_year": null,
            "eps_4q": null,
            "eps_4q_growth_year": null,
            "roe": null,
            "roe_4q": 0,
            "gross_profit": null,
            "gross_margin": null,
            "gross_margin_4q_avg": 0,
            "net_income": null,
            "net_income_4q": null,
            "revenue": null,
            "revenue_4q": null,
            "common_shares": null,
            "book_valuer_per_share": null,
            "book_valuer_per_share_4q_avg": 3.07,
            "equity": null,
            "current_ratio": null,
            "debt_ratio": null,
            "inventory_turnover_ratio": null,
            "account_receivable_turnover_ratio": null,
            "reinvestment_rate": null,
            "research_to_sale_ratio": null,
            "price_fair": 0,
            "eps_avg_yearly": 0,
            "eps_latest_yearly": 0,
            "eps_growth_yearly": 0
        },
        "20082": {
            "year_quarter": 20082,
            "year": 2008,
            "quarter": 2,
            "eps": null,
            "eps_growth_year": null,
            "eps_4q": null,
            "eps_4q_growth_year": null,
            "roe": null,
            "roe_4q": 0,
            "gross_profit": null,
            "gross_margin": null,
            "gross_margin_4q_avg": 0,
            "net_income": null,
            "net_income_4q": null,
            "revenue": null,
            "revenue_4q": null,
            "common_shares": null,
            "book_valuer_per_share": null,
            "book_valuer_per_share_4q_avg": 3.07,
            "equity": null,
            "current_ratio": null,
            "debt_ratio": null,
            "inventory_turnover_ratio": null,
            "account_receivable_turnover_ratio": null,
            "reinvestment_rate": null,
            "research_to_sale_ratio": null,
            "price_fair": 0,
            "eps_avg_yearly": 0,
            "eps_latest_yearly": 0,
            "eps_growth_yearly": 0
        },
        "20083": {
            "year_quarter": 20083,
            "year": 2008,
            "quarter": 3,
            "eps": null,
            "eps_growth_year": null,
            "eps_4q": null,
            "eps_4q_growth_year": null,
            "roe": null,
            "roe_4q": 0,
            "gross_profit": null,
            "gross_margin": null,
            "gross_margin_4q_avg": 0,
            "net_income": null,
            "net_income_4q": null,
            "revenue": null,
            "revenue_4q": null,
            "common_shares": null,
            "book_valuer_per_share": null,
            "book_valuer_per_share_4q_avg": 3.07,
            "equity": null,
            "current_ratio": null,
            "debt_ratio": null,
            "inventory_turnover_ratio": null,
            "account_receivable_turnover_ratio": null,
            "reinvestment_rate": null,
            "research_to_sale_ratio": null,
            "price_fair": 0,
            "eps_avg_yearly": 0,
            "eps_latest_yearly": 0,
            "eps_growth_yearly": 0
        },
        "20084": {
            "year_quarter": 20084,
            "year": 2008,
            "quarter": 4,
            "eps": null,
            "eps_growth_year": null,
            "eps_4q": null,
            "eps_4q_growth_year": null,
            "roe": null,
            "roe_4q": 0,
            "gross_profit": null,
            "gross_margin": null,
            "gross_margin_4q_avg": 0,
            "net_income": null,
            "net_income_4q": null,
            "revenue": null,
            "revenue_4q": null,
            "common_shares": 10000,
            "book_valuer_per_share": 12.35,
            "book_valuer_per_share_4q_avg": 3.09,
            "equity": 12351,
            "current_ratio": 53.98,
            "debt_ratio": 59.56,
            "inventory_turnover_ratio": null,
            "account_receivable_turnover_ratio": null,
            "reinvestment_rate": null,
            "research_to_sale_ratio": null,
            "price_fair": 0,
            "eps_avg_yearly": 0,
            "eps_latest_yearly": 0,
            "eps_growth_yearly": 0
        },
        "20091": {
            "year_quarter": 20091,
            "year": 2009,
            "quarter": 1,
            "eps": null,
            "eps_growth_year": null,
            "eps_4q": null,
            "eps_4q_growth_year": null,
            "roe": null,
            "roe_4q": 0,
            "gross_profit": null,
            "gross_margin": null,
            "gross_margin_4q_avg": 0,
            "net_income": null,
            "net_income_4q": null,
            "revenue": null,
            "revenue_4q": null,
            "common_shares": null,
            "book_valuer_per_share": null,
            "book_valuer_per_share_4q_avg": 3.09,
            "equity": null,
            "current_ratio": null,
            "debt_ratio": null,
            "inventory_turnover_ratio": null,
            "account_receivable_turnover_ratio": null,
            "reinvestment_rate": null,
            "research_to_sale_ratio": null,
            "price_fair": 0,
            "eps_avg_yearly": 0,
            "eps_latest_yearly": 0,
            "eps_growth_yearly": 0
        },
        "20092": {
            "year_quarter": 20092,
            "year": 2009,
            "quarter": 2,
            "eps": null,
            "eps_growth_year": null,
            "eps_4q": null,
            "eps_4q_growth_year": null,
            "roe": null,
            "roe_4q": 0,
            "gross_profit": null,
            "gross_margin": null,
            "gross_margin_4q_avg": 0,
            "net_income": null,
            "net_income_4q": null,
            "revenue": null,
            "revenue_4q": null,
            "common_shares": null,
            "book_valuer_per_share": null,
            "book_valuer_per_share_4q_avg": 3.09,
            "equity": null,
            "current_ratio": null,
            "debt_ratio": null,
            "inventory_turnover_ratio": null,
            "account_receivable_turnover_ratio": null,
            "reinvestment_rate": null,
            "research_to_sale_ratio": null,
            "price_fair": 0,
            "eps_avg_yearly": 0,
            "eps_latest_yearly": 0,
            "eps_growth_yearly": 0
        },
        "20093": {
            "year_quarter": 20093,
            "year": 2009,
            "quarter": 3,
            "eps": null,
            "eps_growth_year": null,
            "eps_4q": null,
            "eps_4q_growth_year": null,
            "roe": null,
            "roe_4q": 0,
            "gross_profit": null,
            "gross_margin": null,
            "gross_margin_4q_avg": 0,
            "net_income": null,
            "net_income_4q": null,
            "revenue": null,
            "revenue_4q": null,
            "common_shares": null,
            "book_valuer_per_share": null,
            "book_valuer_per_share_4q_avg": 3.09,
            "equity": null,
            "current_ratio": null,
            "debt_ratio": null,
            "inventory_turnover_ratio": null,
            "account_receivable_turnover_ratio": null,
            "reinvestment_rate": null,
            "research_to_sale_ratio": null,
            "price_fair": 0,
            "eps_avg_yearly": 0,
            "eps_latest_yearly": 0,
            "eps_growth_yearly": 0
        },
        "20094": {
            "year_quarter": 20094,
            "year": 2009,
            "quarter": 4,
            "eps": null,
            "eps_growth_year": null,
            "eps_4q": null,
            "eps_4q_growth_year": null,
            "roe": null,
            "roe_4q": 0,
            "gross_profit": null,
            "gross_margin": null,
            "gross_margin_4q_avg": 0,
            "net_income": null,
            "net_income_4q": null,
            "revenue": null,
            "revenue_4q": null,
            "common_shares": 150000,
            "book_valuer_per_share": 10.5,
            "book_valuer_per_share_4q_avg": 2.63,
            "equity": 157534,
            "current_ratio": 225.81,
            "debt_ratio": 12.62,
            "inventory_turnover_ratio": null,
            "account_receivable_turnover_ratio": null,
            "reinvestment_rate": null,
            "research_to_sale_ratio": null,
            "price_fair": 0,
            "eps_avg_yearly": 0,
            "eps_latest_yearly": 0,
            "eps_growth_yearly": 0
        },
        "20101": {
            "year_quarter": 20101,
            "year": 2010,
            "quarter": 1,
            "eps": null,
            "eps_growth_year": null,
            "eps_4q": null,
            "eps_4q_growth_year": null,
            "roe": null,
            "roe_4q": 0,
            "gross_profit": null,
            "gross_margin": null,
            "gross_margin_4q_avg": 0,
            "net_income": null,
            "net_income_4q": null,
            "revenue": null,
            "revenue_4q": null,
            "common_shares": null,
            "book_valuer_per_share": null,
            "book_valuer_per_share_4q_avg": 2.63,
            "equity": null,
            "current_ratio": null,
            "debt_ratio": null,
            "inventory_turnover_ratio": null,
            "account_receivable_turnover_ratio": null,
            "reinvestment_rate": null,
            "research_to_sale_ratio": null,
            "price_fair": 0,
            "eps_avg_yearly": 0,
            "eps_latest_yearly": 0,
            "eps_growth_yearly": 0
        },
        "20102": {
            "year_quarter": 20102,
            "year": 2010,
            "quarter": 2,
            "eps": null,
            "eps_growth_year": null,
            "eps_4q": null,
            "eps_4q_growth_year": null,
            "roe": null,
            "roe_4q": 0,
            "gross_profit": null,
            "gross_margin": null,
            "gross_margin_4q_avg": 0,
            "net_income": null,
            "net_income_4q": null,
            "revenue": null,
            "revenue_4q": null,
            "common_shares": null,
            "book_valuer_per_share": null,
            "book_valuer_per_share_4q_avg": 2.63,
            "equity": null,
            "current_ratio": null,
            "debt_ratio": null,
            "inventory_turnover_ratio": null,
            "account_receivable_turnover_ratio": null,
            "reinvestment_rate": null,
            "research_to_sale_ratio": null,
            "price_fair": 0,
            "eps_avg_yearly": 0,
            "eps_latest_yearly": 0,
            "eps_growth_yearly": 0
        },
        "20103": {
            "year_quarter": 20103,
            "year": 2010,
            "quarter": 3,
            "eps": null,
            "eps_growth_year": null,
            "eps_4q": null,
            "eps_4q_growth_year": null,
            "roe": null,
            "roe_4q": 0,
            "gross_profit": null,
            "gross_margin": null,
            "gross_margin_4q_avg": 0,
            "net_income": null,
            "net_income_4q": null,
            "revenue": null,
            "revenue_4q": null,
            "common_shares": null,
            "book_valuer_per_share": null,
            "book_valuer_per_share_4q_avg": 2.63,
            "equity": null,
            "current_ratio": null,
            "debt_ratio": null,
            "inventory_turnover_ratio": null,
            "account_receivable_turnover_ratio": null,
            "reinvestment_rate": null,
            "research_to_sale_ratio": null,
            "price_fair": 0,
            "eps_avg_yearly": 0,
            "eps_latest_yearly": 0,
            "eps_growth_yearly": 0
        },
        "20104": {
            "year_quarter": 20104,
            "year": 2010,
            "quarter": 4,
            "eps": null,
            "eps_growth_year": null,
            "eps_4q": null,
            "eps_4q_growth_year": null,
            "roe": null,
            "roe_4q": 0,
            "gross_profit": null,
            "gross_margin": null,
            "gross_margin_4q_avg": 0,
            "net_income": null,
            "net_income_4q": null,
            "revenue": null,
            "revenue_4q": null,
            "common_shares": 950000,
            "book_valuer_per_share": 9.5,
            "book_valuer_per_share_4q_avg": 2.38,
            "equity": 902386,
            "current_ratio": 115.64,
            "debt_ratio": 52.63,
            "inventory_turnover_ratio": null,
            "account_receivable_turnover_ratio": null,
            "reinvestment_rate": null,
            "research_to_sale_ratio": null,
            "price_fair": 0,
            "eps_avg_yearly": 0,
            "eps_latest_yearly": 0,
            "eps_growth_yearly": 0
        },
        "20111": {
            "year_quarter": 20111,
            "year": 2011,
            "quarter": 1,
            "eps": null,
            "eps_growth_year": null,
            "eps_4q": null,
            "eps_4q_growth_year": null,
            "roe": null,
            "roe_4q": 0,
            "gross_profit": null,
            "gross_margin": null,
            "gross_margin_4q_avg": 0,
            "net_income": null,
            "net_income_4q": null,
            "revenue": null,
            "revenue_4q": null,
            "common_shares": null,
            "book_valuer_per_share": null,
            "book_valuer_per_share_4q_avg": 2.38,
            "equity": null,
            "current_ratio": null,
            "debt_ratio": null,
            "inventory_turnover_ratio": null,
            "account_receivable_turnover_ratio": null,
            "reinvestment_rate": null,
            "research_to_sale_ratio": null,
            "price_fair": 0,
            "eps_avg_yearly": 0,
            "eps_latest_yearly": 0,
            "eps_growth_yearly": 0
        },
        "20112": {
            "year_quarter": 20112,
            "year": 2011,
            "quarter": 2,
            "eps": null,
            "eps_growth_year": null,
            "eps_4q": null,
            "eps_4q_growth_year": null,
            "roe": null,
            "roe_4q": 0,
            "gross_profit": null,
            "gross_margin": null,
            "gross_margin_4q_avg": 0,
            "net_income": null,
            "net_income_4q": null,
            "revenue": null,
            "revenue_4q": null,
            "common_shares": 0,
            "book_valuer_per_share": null,
            "book_valuer_per_share_4q_avg": 2.38,
            "equity": 0,
            "current_ratio": null,
            "debt_ratio": null,
            "inventory_turnover_ratio": null,
            "account_receivable_turnover_ratio": null,
            "reinvestment_rate": null,
            "research_to_sale_ratio": null,
            "price_fair": 0,
            "eps_avg_yearly": 0,
            "eps_latest_yearly": 0,
            "eps_growth_yearly": 0
        },
        "20113": {
            "year_quarter": 20113,
            "year": 2011,
            "quarter": 3,
            "eps": null,
            "eps_growth_year": null,
            "eps_4q": null,
            "eps_4q_growth_year": null,
            "roe": null,
            "roe_4q": 0,
            "gross_profit": null,
            "gross_margin": null,
            "gross_margin_4q_avg": 0,
            "net_income": null,
            "net_income_4q": null,
            "revenue": null,
            "revenue_4q": null,
            "common_shares": null,
            "book_valuer_per_share": null,
            "book_valuer_per_share_4q_avg": 2.38,
            "equity": null,
            "current_ratio": null,
            "debt_ratio": null,
            "inventory_turnover_ratio": null,
            "account_receivable_turnover_ratio": null,
            "reinvestment_rate": null,
            "research_to_sale_ratio": null,
            "price_fair": 0,
            "eps_avg_yearly": 0,
            "eps_latest_yearly": 0,
            "eps_growth_yearly": 0
        },
        "20114": {
            "year_quarter": 20114,
            "year": 2011,
            "quarter": 4,
            "eps": null,
            "eps_growth_year": null,
            "eps_4q": null,
            "eps_4q_growth_year": null,
            "roe": null,
            "roe_4q": 0,
            "gross_profit": null,
            "gross_margin": null,
            "gross_margin_4q_avg": 0,
            "net_income": null,
            "net_income_4q": null,
            "revenue": null,
            "revenue_4q": null,
            "common_shares": 950000,
            "book_valuer_per_share": 10.68,
            "book_valuer_per_share_4q_avg": 2.67,
            "equity": 1014223,
            "current_ratio": 22.45,
            "debt_ratio": 61.32,
            "inventory_turnover_ratio": null,
            "account_receivable_turnover_ratio": null,
            "reinvestment_rate": null,
            "research_to_sale_ratio": null,
            "price_fair": 0,
            "eps_avg_yearly": 0,
            "eps_latest_yearly": 0,
            "eps_growth_yearly": 0
        },
        "20121": {
            "year_quarter": 20121,
            "year": 2012,
            "quarter": 1,
            "eps": null,
            "eps_growth_year": null,
            "eps_4q": null,
            "eps_4q_growth_year": null,
            "roe": null,
            "roe_4q": 0,
            "gross_profit": null,
            "gross_margin": null,
            "gross_margin_4q_avg": 0,
            "net_income": null,
            "net_income_4q": null,
            "revenue": null,
            "revenue_4q": null,
            "common_shares": null,
            "book_valuer_per_share": null,
            "book_valuer_per_share_4q_avg": 2.67,
            "equity": null,
            "current_ratio": null,
            "debt_ratio": null,
            "inventory_turnover_ratio": null,
            "account_receivable_turnover_ratio": null,
            "reinvestment_rate": null,
            "research_to_sale_ratio": null,
            "price_fair": 0,
            "eps_avg_yearly": 0,
            "eps_latest_yearly": 0,
            "eps_growth_yearly": 0
        },
        "20122": {
            "year_quarter": 20122,
            "year": 2012,
            "quarter": 2,
            "eps": null,
            "eps_growth_year": null,
            "eps_4q": null,
            "eps_4q_growth_year": null,
            "roe": null,
            "roe_4q": 0,
            "gross_profit": null,
            "gross_margin": null,
            "gross_margin_4q_avg": 0,
            "net_income": null,
            "net_income_4q": null,
            "revenue": null,
            "revenue_4q": null,
            "common_shares": 950000,
            "book_valuer_per_share": 10.68,
            "book_valuer_per_share_4q_avg": 5.34,
            "equity": 1014974,
            "current_ratio": 86.47,
            "debt_ratio": 58.87,
            "inventory_turnover_ratio": null,
            "account_receivable_turnover_ratio": null,
            "reinvestment_rate": null,
            "research_to_sale_ratio": null,
            "price_fair": 0,
            "eps_avg_yearly": 0,
            "eps_latest_yearly": 0,
            "eps_growth_yearly": 0
        },
        "20123": {
            "year_quarter": 20123,
            "year": 2012,
            "quarter": 3,
            "eps": null,
            "eps_growth_year": null,
            "eps_4q": null,
            "eps_4q_growth_year": null,
            "roe": null,
            "roe_4q": 0,
            "gross_profit": null,
            "gross_margin": null,
            "gross_margin_4q_avg": 0,
            "net_income": null,
            "net_income_4q": null,
            "revenue": null,
            "revenue_4q": null,
            "common_shares": null,
            "book_valuer_per_share": null,
            "book_valuer_per_share_4q_avg": 5.34,
            "equity": null,
            "current_ratio": null,
            "debt_ratio": null,
            "inventory_turnover_ratio": null,
            "account_receivable_turnover_ratio": null,
            "reinvestment_rate": null,
            "research_to_sale_ratio": null,
            "price_fair": 0,
            "eps_avg_yearly": 0,
            "eps_latest_yearly": 0,
            "eps_growth_yearly": 0
        },
        "20124": {
            "year_quarter": 20124,
            "year": 2012,
            "quarter": 4,
            "eps": null,
            "eps_growth_year": null,
            "eps_4q": null,
            "eps_4q_growth_year": null,
            "roe": null,
            "roe_4q": 0,
            "gross_profit": null,
            "gross_margin": null,
            "gross_margin_4q_avg": 0,
            "net_income": null,
            "net_income_4q": null,
            "revenue": null,
            "revenue_4q": null,
            "common_shares": 950000,
            "book_valuer_per_share": 10.47,
            "book_valuer_per_share_4q_avg": 5.29,
            "equity": 994587,
            "current_ratio": 78.79,
            "debt_ratio": 56.93,
            "inventory_turnover_ratio": null,
            "account_receivable_turnover_ratio": null,
            "reinvestment_rate": null,
            "research_to_sale_ratio": null,
            "price_fair": 0,
            "eps_avg_yearly": 0,
            "eps_latest_yearly": 0,
            "eps_growth_yearly": 0
        },
        "20131": {
            "year_quarter": 20131,
            "year": 2013,
            "quarter": 1,
            "eps": null,
            "eps_growth_year": null,
            "eps_4q": null,
            "eps_4q_growth_year": null,
            "roe": null,
            "roe_4q": 0,
            "gross_profit": 8865,
            "gross_margin": null,
            "gross_margin_4q_avg": 0,
            "net_income": -819,
            "net_income_4q": null,
            "revenue": 145291,
            "revenue_4q": null,
            "common_shares": 950000,
            "book_valuer_per_share": 10.77,
            "book_valuer_per_share_4q_avg": 7.98,
            "equity": 1022851,
            "current_ratio": 67.13,
            "debt_ratio": 56.04,
            "inventory_turnover_ratio": null,
            "account_receivable_turnover_ratio": null,
            "reinvestment_rate": null,
            "research_to_sale_ratio": null,
            "price_fair": 0,
            "eps_avg_yearly": 0,
            "eps_latest_yearly": 0,
            "eps_growth_yearly": 0
        },
        "20132": {
            "year_quarter": 20132,
            "year": 2013,
            "quarter": 2,
            "eps": 0.22,
            "eps_growth_year": null,
            "eps_4q": null,
            "eps_4q_growth_year": null,
            "roe": 2.03,
            "roe_4q": 2.03,
            "gross_profit": 39496,
            "gross_margin": 21.58,
            "gross_margin_4q_avg": 5.4,
            "net_income": 20859,
            "net_income_4q": null,
            "revenue": 183053,
            "revenue_4q": null,
            "common_shares": 950000,
            "book_valuer_per_share": 10.85,
            "book_valuer_per_share_4q_avg": 8.02,
            "equity": 1030808,
            "current_ratio": 35.32,
            "debt_ratio": 58.33,
            "inventory_turnover_ratio": 17.96,
            "account_receivable_turnover_ratio": 70.88,
            "reinvestment_rate": null,
            "research_to_sale_ratio": null,
            "price_fair": 0,
            "eps_avg_yearly": 0,
            "eps_latest_yearly": 0,
            "eps_growth_yearly": 0
        },
        "20133": {
            "year_quarter": 20133,
            "year": 2013,
            "quarter": 3,
            "eps": null,
            "eps_growth_year": null,
            "eps_4q": null,
            "eps_4q_growth_year": null,
            "roe": null,
            "roe_4q": 2.03,
            "gross_profit": 33564,
            "gross_margin": null,
            "gross_margin_4q_avg": 5.4,
            "net_income": 15067,
            "net_income_4q": null,
            "revenue": 173955,
            "revenue_4q": null,
            "common_shares": 950000,
            "book_valuer_per_share": 10.85,
            "book_valuer_per_share_4q_avg": 10.74,
            "equity": 1030444,
            "current_ratio": 38.98,
            "debt_ratio": 57.5,
            "inventory_turnover_ratio": null,
            "account_receivable_turnover_ratio": null,
            "reinvestment_rate": null,
            "research_to_sale_ratio": null,
            "price_fair": 0,
            "eps_avg_yearly": 0,
            "eps_latest_yearly": 0,
            "eps_growth_yearly": 0
        },
        "20134": {
            "year_quarter": 20134,
            "year": 2013,
            "quarter": 4,
            "eps": null,
            "eps_growth_year": null,
            "eps_4q": null,
            "eps_4q_growth_year": null,
            "roe": null,
            "roe_4q": 2.03,
            "gross_profit": 31266,
            "gross_margin": null,
            "gross_margin_4q_avg": 5.4,
            "net_income": 14162,
            "net_income_4q": null,
            "revenue": 166017,
            "revenue_4q": null,
            "common_shares": 950000,
            "book_valuer_per_share": 11.09,
            "book_valuer_per_share_4q_avg": 10.89,
            "equity": 1053265,
            "current_ratio": 48.77,
            "debt_ratio": 56.87,
            "inventory_turnover_ratio": null,
            "account_receivable_turnover_ratio": null,
            "reinvestment_rate": null,
            "research_to_sale_ratio": null,
            "price_fair": 0,
            "eps_avg_yearly": 0,
            "eps_latest_yearly": 0,
            "eps_growth_yearly": 0
        },
        "20141": {
            "year_quarter": 20141,
            "year": 2014,
            "quarter": 1,
            "eps": 0.17,
            "eps_growth_year": null,
            "eps_4q": 0.39,
            "eps_4q_growth_year": null,
            "roe": 1.48,
            "roe_4q": 3.51,
            "gross_profit": 33868,
            "gross_margin": 19.97,
            "gross_margin_4q_avg": 10.39,
            "net_income": 15844,
            "net_income_4q": null,
            "revenue": 169574,
            "revenue_4q": null,
            "common_shares": 950000,
            "book_valuer_per_share": 11.51,
            "book_valuer_per_share_4q_avg": 11.08,
            "equity": 1093810,
            "current_ratio": 48.32,
            "debt_ratio": 55.64,
            "inventory_turnover_ratio": 8.88,
            "account_receivable_turnover_ratio": 62.4,
            "reinvestment_rate": null,
            "research_to_sale_ratio": null,
            "price_fair": 0,
            "eps_avg_yearly": 0,
            "eps_latest_yearly": 0,
            "eps_growth_yearly": 0
        },
        "20142": {
            "year_quarter": 20142,
            "year": 2014,
            "quarter": 2,
            "eps": 0.14,
            "eps_growth_year": -36.24,
            "eps_4q": 0.31,
            "eps_4q_growth_year": null,
            "roe": 1.22,
            "roe_4q": 2.7,
            "gross_profit": 27987,
            "gross_margin": 16.41,
            "gross_margin_4q_avg": 9.1,
            "net_income": 13167,
            "net_income_4q": null,
            "revenue": 170512,
            "revenue_4q": null,
            "common_shares": 950000,
            "book_valuer_per_share": 11.21,
            "book_valuer_per_share_4q_avg": 11.17,
            "equity": 1065086,
            "current_ratio": 45.2,
            "debt_ratio": 55.82,
            "inventory_turnover_ratio": 5.18,
            "account_receivable_turnover_ratio": 61.37,
            "reinvestment_rate": null,
            "research_to_sale_ratio": null,
            "price_fair": 1.68,
            "eps_avg_yearly": 0.56,
            "eps_latest_yearly": 0.56,
            "eps_growth_yearly": -70.59
        },
        "20143": {
            "year_quarter": 20143,
            "year": 2014,
            "quarter": 3,
            "eps": 0.07,
            "eps_growth_year": null,
            "eps_4q": 0.37,
            "eps_4q_growth_year": null,
            "roe": 0.58,
            "roe_4q": 3.28,
            "gross_profit": 22258,
            "gross_margin": 13.51,
            "gross_margin_4q_avg": 12.47,
            "net_income": 6351,
            "net_income_4q": null,
            "revenue": 164698,
            "revenue_4q": null,
            "common_shares": 950000,
            "book_valuer_per_share": 11.53,
            "book_valuer_per_share_4q_avg": 11.34,
            "equity": 1110600,
            "current_ratio": 50.18,
            "debt_ratio": 56.06,
            "inventory_turnover_ratio": 4.77,
            "account_receivable_turnover_ratio": 64.55,
            "reinvestment_rate": null,
            "research_to_sale_ratio": null,
            "price_fair": 1.26,
            "eps_avg_yearly": 0.42,
            "eps_latest_yearly": 0.28,
            "eps_growth_yearly": -135.29
        },
        "20144": {
            "year_quarter": 20144,
            "year": 2014,
            "quarter": 4,
            "eps": 0.16,
            "eps_growth_year": null,
            "eps_4q": 0.49,
            "eps_4q_growth_year": null,
            "roe": 1.44,
            "roe_4q": 4.720000000000001,
            "gross_profit": 41328,
            "gross_margin": 20.68,
            "gross_margin_4q_avg": 17.64,
            "net_income": 17562,
            "net_income_4q": null,
            "revenue": 199869,
            "revenue_4q": null,
            "common_shares": 1070000,
            "book_valuer_per_share": 12.38,
            "book_valuer_per_share_4q_avg": 11.66,
            "equity": 1324142,
            "current_ratio": 23.97,
            "debt_ratio": 59.42,
            "inventory_turnover_ratio": 10.8,
            "account_receivable_turnover_ratio": 111.94,
            "reinvestment_rate": null,
            "research_to_sale_ratio": null,
            "price_fair": 17.27,
            "eps_avg_yearly": 0.49,
            "eps_latest_yearly": 0.64,
            "eps_growth_yearly": 81.23
        },
        "20151": {
            "year_quarter": 20151,
            "year": 2015,
            "quarter": 1,
            "eps": 0.03,
            "eps_growth_year": -82.35,
            "eps_4q": 0.34,
            "eps_4q_growth_year": -12.99,
            "roe": 0.22,
            "roe_4q": 3.46,
            "gross_profit": 36460,
            "gross_margin": 19.78,
            "gross_margin_4q_avg": 17.6,
            "net_income": 3106,
            "net_income_4q": null,
            "revenue": 184327,
            "revenue_4q": null,
            "common_shares": 1195000,
            "book_valuer_per_share": 12.11,
            "book_valuer_per_share_4q_avg": 11.81,
            "equity": 1447295,
            "current_ratio": 66.73,
            "debt_ratio": 59.93,
            "inventory_turnover_ratio": 14.18,
            "account_receivable_turnover_ratio": 215.46,
            "reinvestment_rate": null,
            "research_to_sale_ratio": null,
            "price_fair": 1.2,
            "eps_avg_yearly": 0.4,
            "eps_latest_yearly": 0.12,
            "eps_growth_yearly": -20.33
        },
        "20152": {
            "year_quarter": 20152,
            "year": 2015,
            "quarter": 2,
            "eps": 0.1,
            "eps_growth_year": -28.57,
            "eps_4q": 0.32,
            "eps_4q_growth_year": 5.72,
            "roe": 0.81,
            "roe_4q": 3.05,
            "gross_profit": 33609,
            "gross_margin": 18.12,
            "gross_margin_4q_avg": 18.02,
            "net_income": 11577,
            "net_income_4q": null,
            "revenue": 185488,
            "revenue_4q": null,
            "common_shares": 1195438,
            "book_valuer_per_share": 11.79,
            "book_valuer_per_share_4q_avg": 11.95,
            "equity": 1409513,
            "current_ratio": 57.18,
            "debt_ratio": 60.93,
            "inventory_turnover_ratio": 9.46,
            "account_receivable_turnover_ratio": 16.32,
            "reinvestment_rate": null,
            "research_to_sale_ratio": null,
            "price_fair": 14,
            "eps_avg_yearly": 0.4,
            "eps_latest_yearly": 0.4,
            "eps_growth_yearly": 170.41
        },
        "20153": {
            "year_quarter": 20153,
            "year": 2015,
            "quarter": 3,
            "eps": 0.02,
            "eps_growth_year": -71.43,
            "eps_4q": 0.29,
            "eps_4q_growth_year": -19.79,
            "roe": 0.2,
            "roe_4q": 2.67,
            "gross_profit": 23552,
            "gross_margin": 13.06,
            "gross_margin_4q_avg": 17.91,
            "net_income": 2944,
            "net_income_4q": null,
            "revenue": 180316,
            "revenue_4q": null,
            "common_shares": 1195438,
            "book_valuer_per_share": 12.82,
            "book_valuer_per_share_4q_avg": 12.28,
            "equity": 1532587,
            "current_ratio": 31.16,
            "debt_ratio": 63.19,
            "inventory_turnover_ratio": 8.36,
            "account_receivable_turnover_ratio": 16.22,
            "reinvestment_rate": null,
            "research_to_sale_ratio": null,
            "price_fair": 12.13,
            "eps_avg_yearly": 0.35,
            "eps_latest_yearly": 0.08,
            "eps_growth_yearly": 88.67
        },
        "20154": {
            "year_quarter": 20154,
            "year": 2015,
            "quarter": 4,
            "eps": 0.32,
            "eps_growth_year": 97.94,
            "eps_4q": 0.47,
            "eps_4q_growth_year": -4.51,
            "roe": 2.5,
            "roe_4q": 3.7300000000000004,
            "gross_profit": 23728,
            "gross_margin": 13.55,
            "gross_margin_4q_avg": 16.13,
            "net_income": 38837,
            "net_income_4q": null,
            "revenue": 175114,
            "revenue_4q": null,
            "common_shares": 1195438,
            "book_valuer_per_share": 13.12,
            "book_valuer_per_share_4q_avg": 12.46,
            "equity": 1568564,
            "current_ratio": 23.45,
            "debt_ratio": 62.79,
            "inventory_turnover_ratio": 11.23,
            "account_receivable_turnover_ratio": 491.2,
            "reinvestment_rate": null,
            "research_to_sale_ratio": null,
            "price_fair": 16.8,
            "eps_avg_yearly": 0.48,
            "eps_latest_yearly": 1.28,
            "eps_growth_yearly": 933.15
        },
        "20161": {
            "year_quarter": 20161,
            "year": 2016,
            "quarter": 1,
            "eps": -0.11,
            "eps_growth_year": -466.67,
            "eps_4q": 0.34,
            "eps_4q_growth_year": -0.14,
            "roe": -0.86,
            "roe_4q": 2.6500000000000004,
            "gross_profit": 15781,
            "gross_margin": 8.94,
            "gross_margin_4q_avg": 13.42,
            "net_income": -13227,
            "net_income_4q": null,
            "revenue": 176422,
            "revenue_4q": null,
            "common_shares": 1195438,
            "book_valuer_per_share": 12.65,
            "book_valuer_per_share_4q_avg": 12.6,
            "equity": 1511791,
            "current_ratio": 15.84,
            "debt_ratio": 66.96,
            "inventory_turnover_ratio": 14.03,
            "account_receivable_turnover_ratio": 68.34,
            "reinvestment_rate": null,
            "research_to_sale_ratio": null,
            "price_fair": 16.8,
            "eps_avg_yearly": 0.48,
            "eps_latest_yearly": 1.28,
            "eps_growth_yearly": 933.15
        },
        "20162": {
            "year_quarter": 20162,
            "year": 2016,
            "quarter": 2,
            "eps": -0.03,
            "eps_growth_year": -130,
            "eps_4q": 0.16,
            "eps_4q_growth_year": -49.4,
            "roe": -0.26,
            "roe_4q": 1.5799999999999998,
            "gross_profit": 31189,
            "gross_margin": 15.22,
            "gross_margin_4q_avg": 12.69,
            "net_income": -4122,
            "net_income_4q": null,
            "revenue": 204884,
            "revenue_4q": null,
            "common_shares": 1495438,
            "book_valuer_per_share": 11.42,
            "book_valuer_per_share_4q_avg": 12.5,
            "equity": 1707627,
            "current_ratio": 16.29,
            "debt_ratio": 65.38,
            "inventory_turnover_ratio": 15.58,
            "account_receivable_turnover_ratio": 20.4,
            "reinvestment_rate": null,
            "research_to_sale_ratio": null,
            "price_fair": 16.8,
            "eps_avg_yearly": 0.48,
            "eps_latest_yearly": 1.28,
            "eps_growth_yearly": 933.15
        },
        "20163": {
            "year_quarter": 20163,
            "year": 2016,
            "quarter": 3,
            "eps": 0.03,
            "eps_growth_year": 50,
            "eps_4q": 0.17,
            "eps_4q_growth_year": -42.58,
            "roe": 0.24,
            "roe_4q": 1.62,
            "gross_profit": 32536,
            "gross_margin": 15.1,
            "gross_margin_4q_avg": 13.2,
            "net_income": 4052,
            "net_income_4q": null,
            "revenue": 215482,
            "revenue_4q": null,
            "common_shares": 1495438,
            "book_valuer_per_share": 11.17,
            "book_valuer_per_share_4q_avg": 12.09,
            "equity": 1670326,
            "current_ratio": 23.23,
            "debt_ratio": 65.05,
            "inventory_turnover_ratio": 14.77,
            "account_receivable_turnover_ratio": 9.57,
            "reinvestment_rate": null,
            "research_to_sale_ratio": null,
            "price_fair": 16.8,
            "eps_avg_yearly": 0.48,
            "eps_latest_yearly": 1.28,
            "eps_growth_yearly": 933.15
        },
        "20164": {
            "year_quarter": 20164,
            "year": 2016,
            "quarter": 4,
            "eps": 0.09,
            "eps_growth_year": -73.46,
            "eps_4q": 0,
            "eps_4q_growth_year": -99.94,
            "roe": 0.77,
            "roe_4q": -0.10999999999999999,
            "gross_profit": 27510,
            "gross_margin": 13.37,
            "gross_margin_4q_avg": 13.16,
            "net_income": 13340,
            "net_income_4q": null,
            "revenue": 205816,
            "revenue_4q": null,
            "common_shares": 1529952,
            "book_valuer_per_share": 11.65,
            "book_valuer_per_share_4q_avg": 11.72,
            "equity": 1782973,
            "current_ratio": 23.84,
            "debt_ratio": 63.28,
            "inventory_turnover_ratio": 12.55,
            "account_receivable_turnover_ratio": 8.7,
            "reinvestment_rate": 1560.74,
            "research_to_sale_ratio": null,
            "price_fair": 16.28,
            "eps_avg_yearly": 0.47,
            "eps_latest_yearly": 0.36,
            "eps_growth_yearly": 916.5
        },
        "20171": {
            "year_quarter": 20171,
            "year": 2017,
            "quarter": 1,
            "eps": -0.07,
            "eps_growth_year": null,
            "eps_4q": 0.01,
            "eps_4q_growth_year": -97.48,
            "roe": -0.64,
            "roe_4q": 0.10999999999999999,
            "gross_profit": 19480,
            "gross_margin": 10.09,
            "gross_margin_4q_avg": 13.45,
            "net_income": -11704,
            "net_income_4q": null,
            "revenue": 193042,
            "revenue_4q": null,
            "common_shares": 1850115,
            "book_valuer_per_share": 10.17,
            "book_valuer_per_share_4q_avg": 11.1,
            "equity": 1881328,
            "current_ratio": 24.52,
            "debt_ratio": 58.59,
            "inventory_turnover_ratio": 14.38,
            "account_receivable_turnover_ratio": 9.72,
            "reinvestment_rate": 1473.13,
            "research_to_sale_ratio": null,
            "price_fair": 16.28,
            "eps_avg_yearly": 0.47,
            "eps_latest_yearly": 0.36,
            "eps_growth_yearly": 916.5
        },
        "20172": {
            "year_quarter": 20172,
            "year": 2017,
            "quarter": 2,
            "eps": 0,
            "eps_growth_year": null,
            "eps_4q": 0.03,
            "eps_4q_growth_year": -78.83,
            "roe": 0.04,
            "roe_4q": 0.41000000000000003,
            "gross_profit": 31270,
            "gross_margin": 16.52,
            "gross_margin_4q_avg": 13.77,
            "net_income": 710,
            "net_income_4q": null,
            "revenue": 189313,
            "revenue_4q": null,
            "common_shares": 1850115,
            "book_valuer_per_share": 10.2,
            "book_valuer_per_share_4q_avg": 10.8,
            "equity": 1887734,
            "current_ratio": 27.69,
            "debt_ratio": 58,
            "inventory_turnover_ratio": 13.52,
            "account_receivable_turnover_ratio": 11.37,
            "reinvestment_rate": 1450.71,
            "research_to_sale_ratio": null,
            "price_fair": 16.28,
            "eps_avg_yearly": 0.47,
            "eps_latest_yearly": 0.36,
            "eps_growth_yearly": 916.5
        },
        "20173": {
            "year_quarter": 20173,
            "year": 2017,
            "quarter": 3,
            "eps": 0.04,
            "eps_growth_year": 33.33,
            "eps_4q": 0.06,
            "eps_4q_growth_year": -67.01,
            "roe": 0.42,
            "roe_4q": 0.59,
            "gross_profit": 37023,
            "gross_margin": 19.12,
            "gross_margin_4q_avg": 14.78,
            "net_income": 7969,
            "net_income_4q": null,
            "revenue": 193614,
            "revenue_4q": null,
            "common_shares": 1850115,
            "book_valuer_per_share": 10.18,
            "book_valuer_per_share_4q_avg": 10.55,
            "equity": 1884104,
            "current_ratio": 21.56,
            "debt_ratio": 56.92,
            "inventory_turnover_ratio": 13.99,
            "account_receivable_turnover_ratio": 14.96,
            "reinvestment_rate": 1563.81,
            "research_to_sale_ratio": null,
            "price_fair": 16.28,
            "eps_avg_yearly": 0.47,
            "eps_latest_yearly": 0.36,
            "eps_growth_yearly": 916.5
        },
        "20174": {
            "year_quarter": 20174,
            "year": 2017,
            "quarter": 4,
            "eps": -2.64,
            "eps_growth_year": -3164.53,
            "eps_4q": -2.66,
            "eps_4q_growth_year": -956316.91,
            "roe": -29.97,
            "roe_4q": -30.15,
            "gross_profit": 8327,
            "gross_margin": 5.07,
            "gross_margin_4q_avg": 12.7,
            "net_income": -488788,
            "net_income_4q": null,
            "revenue": 164282,
            "revenue_4q": null,
            "common_shares": 1850115,
            "book_valuer_per_share": 7.44,
            "book_valuer_per_share_4q_avg": 9.5,
            "equity": 1377265,
            "current_ratio": 149.76,
            "debt_ratio": 67.61,
            "inventory_turnover_ratio": 14.47,
            "account_receivable_turnover_ratio": 9.88,
            "reinvestment_rate": null,
            "research_to_sale_ratio": null,
            "price_fair": 16.28,
            "eps_avg_yearly": 0.47,
            "eps_latest_yearly": 0.36,
            "eps_growth_yearly": 916.5
        },
        "20181": {
            "year_quarter": 20181,
            "year": 2018,
            "quarter": 1,
            "eps": 0.14,
            "eps_growth_year": null,
            "eps_4q": -2.45,
            "eps_4q_growth_year": -29076.89,
            "roe": 1.93,
            "roe_4q": -27.58,
            "gross_profit": 39129,
            "gross_margin": 23.91,
            "gross_margin_4q_avg": 16.16,
            "net_income": 26349,
            "net_income_4q": null,
            "revenue": 163636,
            "revenue_4q": null,
            "common_shares": 1850115,
            "book_valuer_per_share": 7.33,
            "book_valuer_per_share_4q_avg": 8.79,
            "equity": 1356388,
            "current_ratio": 104.3,
            "debt_ratio": 67.18,
            "inventory_turnover_ratio": 11.15,
            "account_receivable_turnover_ratio": 6.17,
            "reinvestment_rate": null,
            "research_to_sale_ratio": null,
            "price_fair": 16.28,
            "eps_avg_yearly": 0.47,
            "eps_latest_yearly": 0.36,
            "eps_growth_yearly": 916.5
        },
        "20182": {
            "year_quarter": 20182,
            "year": 2018,
            "quarter": 2,
            "eps": 0.1,
            "eps_growth_year": null,
            "eps_4q": -2.91,
            "eps_4q_growth_year": -8515.67,
            "roe": 1.03,
            "roe_4q": -26.589999999999996,
            "gross_profit": 46785,
            "gross_margin": 22.2,
            "gross_margin_4q_avg": 17.58,
            "net_income": 14651,
            "net_income_4q": null,
            "revenue": 210717,
            "revenue_4q": null,
            "common_shares": 1457028,
            "book_valuer_per_share": 10.3,
            "book_valuer_per_share_4q_avg": 8.81,
            "equity": 1500543,
            "current_ratio": 30.5,
            "debt_ratio": 65.71,
            "inventory_turnover_ratio": 14.22,
            "account_receivable_turnover_ratio": 4.86,
            "reinvestment_rate": null,
            "research_to_sale_ratio": null,
            "price_fair": 15.58,
            "eps_avg_yearly": 0.45,
            "eps_latest_yearly": 0.4,
            "eps_growth_yearly": 911.04
        },
        "20183": {
            "year_quarter": 20183,
            "year": 2018,
            "quarter": 3,
            "eps": 0.2,
            "eps_growth_year": 400,
            "eps_4q": -2.76,
            "eps_4q_growth_year": -5051.57,
            "roe": 2.01,
            "roe_4q": -25,
            "gross_profit": 64243,
            "gross_margin": 29.83,
            "gross_margin_4q_avg": 20.25,
            "net_income": 30586,
            "net_income_4q": null,
            "revenue": 215344,
            "revenue_4q": null,
            "common_shares": 1511246,
            "book_valuer_per_share": 10.16,
            "book_valuer_per_share_4q_avg": 8.81,
            "equity": 1535398,
            "current_ratio": 40.39,
            "debt_ratio": 64.78,
            "inventory_turnover_ratio": 11.4,
            "account_receivable_turnover_ratio": 3.3,
            "reinvestment_rate": null,
            "research_to_sale_ratio": null,
            "price_fair": 17.85,
            "eps_avg_yearly": 0.51,
            "eps_latest_yearly": 0.8,
            "eps_growth_yearly": 986.04
        },
        "20184": {
            "year_quarter": 20184,
            "year": 2018,
            "quarter": 4,
            "eps": 0.13,
            "eps_growth_year": null,
            "eps_4q": 0.61,
            "eps_4q_growth_year": null,
            "roe": 1.31,
            "roe_4q": 6.279999999999999,
            "gross_profit": 55653,
            "gross_margin": 27.1,
            "gross_margin_4q_avg": 25.76,
            "net_income": 20279,
            "net_income_4q": null,
            "revenue": 205390,
            "revenue_4q": null,
            "common_shares": 1511246,
            "book_valuer_per_share": 10.37,
            "book_valuer_per_share_4q_avg": 9.54,
            "equity": 1567280,
            "current_ratio": 38.59,
            "debt_ratio": 64.3,
            "inventory_turnover_ratio": 12.19,
            "account_receivable_turnover_ratio": 4.13,
            "reinvestment_rate": null,
            "research_to_sale_ratio": null,
            "price_fair": 17.33,
            "eps_avg_yearly": 0.5,
            "eps_latest_yearly": 0.52,
            "eps_growth_yearly": 904.26
        },
        "20191": {
            "year_quarter": 20191,
            "year": 2019,
            "quarter": 1,
            "eps": 0.12,
            "eps_growth_year": -14.29,
            "eps_4q": 0.55,
            "eps_4q_growth_year": null,
            "roe": 1.16,
            "roe_4q": 5.51,
            "gross_profit": 50471,
            "gross_margin": 25.94,
            "gross_margin_4q_avg": 26.27,
            "net_income": 18286,
            "net_income_4q": null,
            "revenue": 194574,
            "revenue_4q": null,
            "common_shares": 1511246,
            "book_valuer_per_share": 10.54,
            "book_valuer_per_share_4q_avg": 10.34,
            "equity": 1592198,
            "current_ratio": 20.89,
            "debt_ratio": 62.41,
            "inventory_turnover_ratio": 12.53,
            "account_receivable_turnover_ratio": 17.13,
            "reinvestment_rate": null,
            "research_to_sale_ratio": null,
            "price_fair": 18.9,
            "eps_avg_yearly": 0.54,
            "eps_latest_yearly": 0.48,
            "eps_growth_yearly": 941.03
        },
        "20192": {
            "year_quarter": 20192,
            "year": 2019,
            "quarter": 2,
            "eps": 0.12,
            "eps_growth_year": 20,
            "eps_4q": 0.58,
            "eps_4q_growth_year": null,
            "roe": 1.14,
            "roe_4q": 5.619999999999999,
            "gross_profit": 52556,
            "gross_margin": 26.37,
            "gross_margin_4q_avg": 27.31,
            "net_income": 18276,
            "net_income_4q": null,
            "revenue": 199332,
            "revenue_4q": null,
            "common_shares": 1511246,
            "book_valuer_per_share": 10.76,
            "book_valuer_per_share_4q_avg": 10.46,
            "equity": 1626642,
            "current_ratio": 21.65,
            "debt_ratio": 62.6,
            "inventory_turnover_ratio": 14.33,
            "account_receivable_turnover_ratio": 287.43,
            "reinvestment_rate": null,
            "research_to_sale_ratio": null,
            "price_fair": 19.25,
            "eps_avg_yearly": 0.55,
            "eps_latest_yearly": 0.48,
            "eps_growth_yearly": 824.37
        },
        "20193": {
            "year_quarter": 20193,
            "year": 2019,
            "quarter": 3,
            "eps": 0.12,
            "eps_growth_year": -40,
            "eps_4q": 0.49,
            "eps_4q_growth_year": null,
            "roe": 1.08,
            "roe_4q": 4.6899999999999995,
            "gross_profit": 45795,
            "gross_margin": 24.21,
            "gross_margin_4q_avg": 25.91,
            "net_income": 17700,
            "net_income_4q": null,
            "revenue": 189130,
            "revenue_4q": null,
            "common_shares": 1511246,
            "book_valuer_per_share": 10.87,
            "book_valuer_per_share_4q_avg": 10.64,
            "equity": 1642433,
            "current_ratio": 16.85,
            "debt_ratio": 61.9,
            "inventory_turnover_ratio": 16.27,
            "account_receivable_turnover_ratio": 410.71,
            "reinvestment_rate": null,
            "research_to_sale_ratio": null,
            "price_fair": 21,
            "eps_avg_yearly": 0.6,
            "eps_latest_yearly": 0.48,
            "eps_growth_yearly": 864.37
        },
        "20194": {
            "year_quarter": 20194,
            "year": 2019,
            "quarter": 4,
            "eps": 0.17,
            "eps_growth_year": 29.84,
            "eps_4q": 0.53,
            "eps_4q_growth_year": -12.27,
            "roe": 1.63,
            "roe_4q": 5.01,
            "gross_profit": 61608,
            "gross_margin": 30.15,
            "gross_margin_4q_avg": 26.67,
            "net_income": 26331,
            "net_income_4q": null,
            "revenue": 204363,
            "revenue_4q": null,
            "common_shares": 1511246,
            "book_valuer_per_share": 10.55,
            "book_valuer_per_share_4q_avg": 10.68,
            "equity": 1594466,
            "current_ratio": 10.17,
            "debt_ratio": 63.43,
            "inventory_turnover_ratio": 17.55,
            "account_receivable_turnover_ratio": 131.13,
            "reinvestment_rate": null,
            "research_to_sale_ratio": null,
            "price_fair": 18.38,
            "eps_avg_yearly": 0.53,
            "eps_latest_yearly": 0.68,
            "eps_growth_yearly": 135.2
        },
        "20201": {
            "year_quarter": 20201,
            "year": 2020,
            "quarter": 1,
            "eps": 0.17,
            "eps_growth_year": 41.67,
            "eps_4q": 0.58,
            "eps_4q_growth_year": 4.72,
            "roe": 1.58,
            "roe_4q": 5.43,
            "gross_profit": 51787,
            "gross_margin": 26.99,
            "gross_margin_4q_avg": 26.93,
            "net_income": 25451,
            "net_income_4q": null,
            "revenue": 191888,
            "revenue_4q": null,
            "common_shares": 1511246,
            "book_valuer_per_share": 10.83,
            "book_valuer_per_share_4q_avg": 10.75,
            "equity": 1637230,
            "current_ratio": 10.3,
            "debt_ratio": 62.22,
            "inventory_turnover_ratio": 17.78,
            "account_receivable_turnover_ratio": 31.02,
            "reinvestment_rate": null,
            "research_to_sale_ratio": null,
            "price_fair": 18.98,
            "eps_avg_yearly": 0.54,
            "eps_latest_yearly": 0.68,
            "eps_growth_yearly": 120.18
        },
        "20202": {
            "year_quarter": 20202,
            "year": 2020,
            "quarter": 2,
            "eps": 0.14,
            "eps_growth_year": 16.67,
            "eps_4q": 0.59,
            "eps_4q_growth_year": 2.4,
            "roe": 1.29,
            "roe_4q": 5.58,
            "gross_profit": 58648,
            "gross_margin": 30.43,
            "gross_margin_4q_avg": 27.95,
            "net_income": 20938,
            "net_income_4q": null,
            "revenue": 192756,
            "revenue_4q": null,
            "common_shares": 1511246,
            "book_valuer_per_share": 10.59,
            "book_valuer_per_share_4q_avg": 10.71,
            "equity": 1600222,
            "current_ratio": 23.15,
            "debt_ratio": 65.01,
            "inventory_turnover_ratio": 14.35,
            "account_receivable_turnover_ratio": 13.96,
            "reinvestment_rate": null,
            "research_to_sale_ratio": null,
            "price_fair": 19.04,
            "eps_avg_yearly": 0.54,
            "eps_latest_yearly": 0.56,
            "eps_growth_yearly": 101.1
        },
        "20203": {
            "year_quarter": 20203,
            "year": 2020,
            "quarter": 3,
            "eps": 0.19,
            "eps_growth_year": 58.33,
            "eps_4q": 0.66,
            "eps_4q_growth_year": 34.32,
            "roe": 1.78,
            "roe_4q": 6.28,
            "gross_profit": 53604,
            "gross_margin": 27.77,
            "gross_margin_4q_avg": 28.84,
            "net_income": 28402,
            "net_income_4q": null,
            "revenue": 193018,
            "revenue_4q": null,
            "common_shares": 1526358,
            "book_valuer_per_share": 10.42,
            "book_valuer_per_share_4q_avg": 10.6,
            "equity": 1589921,
            "current_ratio": 11.65,
            "debt_ratio": 63.02,
            "inventory_turnover_ratio": 16.92,
            "account_receivable_turnover_ratio": 14.55,
            "reinvestment_rate": null,
            "research_to_sale_ratio": null,
            "price_fair": 19.73,
            "eps_avg_yearly": 0.56,
            "eps_latest_yearly": 0.76,
            "eps_growth_yearly": 104.9
        },
        "20204": {
            "year_quarter": 20204,
            "year": 2020,
            "quarter": 4,
            "eps": 0.13,
            "eps_growth_year": -23.33,
            "eps_4q": 0.62,
            "eps_4q_growth_year": 16.93,
            "roe": 1.29,
            "roe_4q": 5.94,
            "gross_profit": 30543,
            "gross_margin": 17.98,
            "gross_margin_4q_avg": 25.79,
            "net_income": 20391,
            "net_income_4q": null,
            "revenue": 169872,
            "revenue_4q": null,
            "common_shares": 1526358,
            "book_valuer_per_share": 10.25,
            "book_valuer_per_share_4q_avg": 10.52,
            "equity": 1564308,
            "current_ratio": 21.67,
            "debt_ratio": 66.12,
            "inventory_turnover_ratio": 21.4,
            "account_receivable_turnover_ratio": 24.51,
            "reinvestment_rate": null,
            "research_to_sale_ratio": null,
            "price_fair": 17.74,
            "eps_avg_yearly": 0.58,
            "eps_latest_yearly": 0.52,
            "eps_growth_yearly": 20.69
        },
        "20211": {
            "year_quarter": 20211,
            "year": 2021,
            "quarter": 1,
            "eps": 0.18,
            "eps_growth_year": 5.88,
            "eps_4q": 0.63,
            "eps_4q_growth_year": 9.16,
            "roe": 1.71,
            "roe_4q": 6.07,
            "gross_profit": 42698,
            "gross_margin": 22.01,
            "gross_margin_4q_avg": 24.55,
            "net_income": 27021,
            "net_income_4q": null,
            "revenue": 194002,
            "revenue_4q": null,
            "common_shares": 1526358,
            "book_valuer_per_share": 10.46,
            "book_valuer_per_share_4q_avg": 10.43,
            "equity": 1596030,
            "current_ratio": 21.94,
            "debt_ratio": 65.72,
            "inventory_turnover_ratio": 19.75,
            "account_receivable_turnover_ratio": 53.06,
            "reinvestment_rate": null,
            "research_to_sale_ratio": null,
            "price_fair": 20.65,
            "eps_avg_yearly": 0.59,
            "eps_latest_yearly": 0.72,
            "eps_growth_yearly": 31.78
        },
        "20212": {
            "year_quarter": 20212,
            "year": 2021,
            "quarter": 2,
            "eps": null,
            "eps_growth_year": null,
            "eps_4q": null,
            "eps_4q_growth_year": null,
            "roe": null,
            "roe_4q": 4.78,
            "gross_profit": null,
            "gross_margin": null,
            "gross_margin_4q_avg": 16.94,
            "net_income": null,
            "net_income_4q": null,
            "revenue": null,
            "revenue_4q": null,
            "common_shares": null,
            "book_valuer_per_share": null,
            "book_valuer_per_share_4q_avg": 7.78,
            "equity": null,
            "current_ratio": null,
            "debt_ratio": null,
            "inventory_turnover_ratio": null,
            "account_receivable_turnover_ratio": null,
            "reinvestment_rate": null,
            "research_to_sale_ratio": null,
            "price_fair": 20.65,
            "eps_avg_yearly": 0.59,
            "eps_latest_yearly": 0.72,
            "eps_growth_yearly": 31.78
        },
        "20213": {
            "year_quarter": 20213,
            "year": 2021,
            "quarter": 3,
            "eps": 0.66,
            "eps_growth_year": 247.37,
            "eps_4q": 1.26,
            "eps_4q_growth_year": 90.16,
            "roe": 5.38,
            "roe_4q": 8.379999999999999,
            "gross_profit": 146815,
            "gross_margin": 39.63,
            "gross_margin_4q_avg": 19.91,
            "net_income": 117156,
            "net_income_4q": null,
            "revenue": 370501,
            "revenue_4q": null,
            "common_shares": 1886358,
            "book_valuer_per_share": 14.52,
            "book_valuer_per_share_4q_avg": 8.81,
            "equity": 2739014,
            "current_ratio": 126.64,
            "debt_ratio": 48.26,
            "inventory_turnover_ratio": 26.15,
            "account_receivable_turnover_ratio": 38.43,
            "reinvestment_rate": null,
            "research_to_sale_ratio": null,
            "price_fair": 20.65,
            "eps_avg_yearly": 0.59,
            "eps_latest_yearly": 0.72,
            "eps_growth_yearly": 31.78
        },
        "20214": {
            "year_quarter": 20214,
            "year": 2021,
            "quarter": 4,
            "eps": 0.84,
            "eps_growth_year": 527.01,
            "eps_4q": null,
            "eps_4q_growth_year": null,
            "roe": 5.63,
            "roe_4q": 12.719999999999999,
            "gross_profit": 184307,
            "gross_margin": 50.26,
            "gross_margin_4q_avg": 27.98,
            "net_income": 158009,
            "net_income_4q": null,
            "revenue": 366678,
            "revenue_4q": null,
            "common_shares": 1886358,
            "book_valuer_per_share": 15.25,
            "book_valuer_per_share_4q_avg": 10.06,
            "equity": 2877595,
            "current_ratio": 113.79,
            "debt_ratio": 49.68,
            "inventory_turnover_ratio": 20.01,
            "account_receivable_turnover_ratio": 57.23,
            "reinvestment_rate": null,
            "research_to_sale_ratio": null,
            "price_fair": 28.11,
            "eps_avg_yearly": 0.8,
            "eps_latest_yearly": 3.36,
            "eps_growth_yearly": 37.73
        },
        "20221": {
            "year_quarter": 20221,
            "year": 2022,
            "quarter": 1,
            "eps": 1.35,
            "eps_growth_year": 650,
            "eps_4q": null,
            "eps_4q_growth_year": null,
            "roe": 8.29,
            "roe_4q": 19.299999999999997,
            "gross_profit": 193188,
            "gross_margin": 52.01,
            "gross_margin_4q_avg": 35.48,
            "net_income": 253899,
            "net_income_4q": null,
            "revenue": 371452,
            "revenue_4q": null,
            "common_shares": 1886358,
            "book_valuer_per_share": 17.2,
            "book_valuer_per_share_4q_avg": 11.74,
            "equity": 3244486,
            "current_ratio": 116.97,
            "debt_ratio": 47.1,
            "inventory_turnover_ratio": 2.14,
            "account_receivable_turnover_ratio": 41.82,
            "reinvestment_rate": null,
            "research_to_sale_ratio": null,
            "price_fair": 39.6,
            "eps_avg_yearly": 1.13,
            "eps_latest_yearly": 5.4,
            "eps_growth_yearly": 52.38
        },
        "20222": {
            "year_quarter": 20222,
            "year": 2022,
            "quarter": 2,
            "eps": 1.13,
            "eps_growth_year": null,
            "eps_4q": 3.93,
            "eps_4q_growth_year": null,
            "roe": 6.37,
            "roe_4q": 25.669999999999998,
            "gross_profit": 214623,
            "gross_margin": 53.57,
            "gross_margin_4q_avg": 48.87,
            "net_income": 212812,
            "net_income_4q": null,
            "revenue": 400609,
            "revenue_4q": null,
            "common_shares": 1886358,
            "book_valuer_per_share": 18.24,
            "book_valuer_per_share_4q_avg": 16.3,
            "equity": 3439896,
            "current_ratio": 151.43,
            "debt_ratio": 46.16,
            "inventory_turnover_ratio": 0.76,
            "account_receivable_turnover_ratio": 54.71,
            "reinvestment_rate": null,
            "research_to_sale_ratio": null,
            "price_fair": 49.9,
            "eps_avg_yearly": 1.43,
            "eps_latest_yearly": 4.52,
            "eps_growth_yearly": 55.89
        },
        "20223": {
            "year_quarter": 20223,
            "year": 2022,
            "quarter": 3,
            "eps": 1.66,
            "eps_growth_year": 151.52,
            "eps_4q": 4.04,
            "eps_4q_growth_year": 220.75,
            "roe": 8.01,
            "roe_4q": 28.299999999999997,
            "gross_profit": 167744,
            "gross_margin": 43.42,
            "gross_margin_4q_avg": 49.82,
            "net_income": 339563,
            "net_income_4q": null,
            "revenue": 386327,
            "revenue_4q": null,
            "common_shares": 2386358,
            "book_valuer_per_share": 21.12,
            "book_valuer_per_share_4q_avg": 17.95,
            "equity": 5041098,
            "current_ratio": 378.23,
            "debt_ratio": 37.62,
            "inventory_turnover_ratio": 0.54,
            "account_receivable_turnover_ratio": 397.25,
            "reinvestment_rate": null,
            "research_to_sale_ratio": null,
            "price_fair": 64.5,
            "eps_avg_yearly": 1.84,
            "eps_latest_yearly": 6.64,
            "eps_growth_yearly": 40.72
        },
        "20224": {
            "year_quarter": 20224,
            "year": 2022,
            "quarter": 4,
            "eps": 1.98,
            "eps_growth_year": 136.43,
            "eps_4q": 5.35,
            "eps_4q_growth_year": null,
            "roe": 9.13,
            "roe_4q": 31.8,
            "gross_profit": 192456,
            "gross_margin": 62.37,
            "gross_margin_4q_avg": 52.84,
            "net_income": 473637,
            "net_income_4q": null,
            "revenue": 308561,
            "revenue_4q": null,
            "common_shares": 2386358,
            "book_valuer_per_share": 22.36,
            "book_valuer_per_share_4q_avg": 19.73,
            "equity": 5336825,
            "current_ratio": 266,
            "debt_ratio": 33.39,
            "inventory_turnover_ratio": 0.21,
            "account_receivable_turnover_ratio": 316.96,
            "reinvestment_rate": null,
            "research_to_sale_ratio": null,
            "price_fair": 83,
            "eps_avg_yearly": 2.37,
            "eps_latest_yearly": 7.92,
            "eps_growth_yearly": 56.23
        },
        "20231": {
            "year_quarter": 20231,
            "year": 2023,
            "quarter": 1,
            "eps": 0.32,
            "eps_growth_year": -76.3,
            "eps_4q": 4.6,
            "eps_4q_growth_year": null,
            "roe": 1.48,
            "roe_4q": 24.990000000000002,
            "gross_profit": 113548,
            "gross_margin": 44.19,
            "gross_margin_4q_avg": 50.89,
            "net_income": 76436,
            "net_income_4q": null,
            "revenue": 256958,
            "revenue_4q": null,
            "common_shares": 2391567,
            "book_valuer_per_share": 20.96,
            "book_valuer_per_share_4q_avg": 20.67,
            "equity": 5013432,
            "current_ratio": 157.55,
            "debt_ratio": 36.27,
            "inventory_turnover_ratio": 0.23,
            "account_receivable_turnover_ratio": 4671.96,
            "reinvestment_rate": null,
            "research_to_sale_ratio": null,
            "price_fair": 85,
            "eps_avg_yearly": 2.43,
            "eps_latest_yearly": 1.28,
            "eps_growth_yearly": 34.47
        },
        "20232": {
            "year_quarter": 20232,
            "year": 2023,
            "quarter": 2,
            "eps": 0.13,
            "eps_growth_year": -88.5,
            "eps_4q": 3.84,
            "eps_4q_growth_year": -2.36,
            "roe": 0.63,
            "roe_4q": 19.25,
            "gross_profit": 142958,
            "gross_margin": 42.67,
            "gross_margin_4q_avg": 48.16,
            "net_income": 32063,
            "net_income_4q": null,
            "revenue": 335037,
            "revenue_4q": null,
            "common_shares": 2400305,
            "book_valuer_per_share": 21.6,
            "book_valuer_per_share_4q_avg": 21.51,
            "equity": 5184836,
            "current_ratio": 121.85,
            "debt_ratio": 33.23,
            "inventory_turnover_ratio": 0.3,
            "account_receivable_turnover_ratio": 1431.78,
            "reinvestment_rate": null,
            "research_to_sale_ratio": null,
            "price_fair": 66.88,
            "eps_avg_yearly": 2.43,
            "eps_latest_yearly": 0.52,
            "eps_growth_yearly": 17.51
        },
        "20233": {
            "year_quarter": 20233,
            "year": 2023,
            "quarter": 3,
            "eps": 0.67,
            "eps_growth_year": -59.64,
            "eps_4q": 2.77,
            "eps_4q_growth_year": -31.56,
            "roe": 2.94,
            "roe_4q": 14.18,
            "gross_profit": 180138,
            "gross_margin": 51.51,
            "gross_margin_4q_avg": 50.19,
            "net_income": 164680,
            "net_income_4q": null,
            "revenue": 349706,
            "revenue_4q": null,
            "common_shares": 2700305,
            "book_valuer_per_share": 22.26,
            "book_valuer_per_share_4q_avg": 21.8,
            "equity": 6009736,
            "current_ratio": 168.77,
            "debt_ratio": 37.54,
            "inventory_turnover_ratio": 0.25,
            "account_receivable_turnover_ratio": 441.27,
            "reinvestment_rate": null,
            "research_to_sale_ratio": null,
            "price_fair": 90.6,
            "eps_avg_yearly": 2.59,
            "eps_latest_yearly": 2.68,
            "eps_growth_yearly": 136.19
        }
    },
    "months": {
        "2011-12": {
            "month": "2011-12",
            "price": "10.24",
            "revenue": 12002
        },
        "2012-01": {
            "month": "2012-01",
            "price": "10.09",
            "revenue": 11116
        },
        "2012-02": {
            "month": "2012-02",
            "price": "9.56",
            "revenue": 11488
        },
        "2012-03": {
            "month": "2012-03",
            "price": "9.47",
            "revenue": 11497
        },
        "2012-04": {
            "month": "2012-04",
            "price": "8.63",
            "revenue": 11430
        },
        "2012-05": {
            "month": "2012-05",
            "price": "9.25",
            "revenue": 11076
        },
        "2012-06": {
            "month": "2012-06",
            "price": "10.20",
            "revenue": 10190
        },
        "2012-07": {
            "month": "2012-07",
            "price": "10.55",
            "revenue": 9507
        },
        "2012-08": {
            "month": "2012-08",
            "price": "10.14",
            "revenue": 12576
        },
        "2012-09": {
            "month": "2012-09",
            "price": "9.96",
            "revenue": 7580
        },
        "2012-10": {
            "month": "2012-10",
            "price": "9.19",
            "revenue": 15578
        },
        "2012-11": {
            "month": "2012-11",
            "price": "8.76",
            "revenue": 14529
        },
        "2012-12": {
            "month": "2012-12",
            "price": "8.30",
            "revenue": 13042
        },
        "2013-01": {
            "month": "2013-01",
            "price": "8.74",
            "revenue": 53297
        },
        "2013-02": {
            "month": "2013-02",
            "price": "8.58",
            "revenue": 45068
        },
        "2013-03": {
            "month": "2013-03",
            "price": "8.42",
            "revenue": 46926
        },
        "2013-04": {
            "month": "2013-04",
            "price": "8.25",
            "revenue": 63024
        },
        "2013-05": {
            "month": "2013-05",
            "price": "8.04",
            "revenue": 63325
        },
        "2013-06": {
            "month": "2013-06",
            "price": "7.84",
            "revenue": 56705
        },
        "2013-07": {
            "month": "2013-07",
            "price": "8.41",
            "revenue": 53977
        },
        "2013-08": {
            "month": "2013-08",
            "price": "8.52",
            "revenue": 55754
        },
        "2013-09": {
            "month": "2013-09",
            "price": "9.58",
            "revenue": 64224
        },
        "2013-10": {
            "month": "2013-10",
            "price": "10.41",
            "revenue": 52820
        },
        "2013-11": {
            "month": "2013-11",
            "price": "10.60",
            "revenue": 58338
        },
        "2013-12": {
            "month": "2013-12",
            "price": "10.15",
            "revenue": 54859
        },
        "2014-01": {
            "month": "2014-01",
            "price": "10.31",
            "revenue": 62516
        },
        "2014-02": {
            "month": "2014-02",
            "price": "10.48",
            "revenue": 42744
        },
        "2014-03": {
            "month": "2014-03",
            "price": "11.57",
            "revenue": 64314
        },
        "2014-04": {
            "month": "2014-04",
            "price": "12.87",
            "revenue": 44801
        },
        "2014-05": {
            "month": "2014-05",
            "price": "14.21",
            "revenue": 62290
        },
        "2014-06": {
            "month": "2014-06",
            "price": "14.49",
            "revenue": 63421
        },
        "2014-07": {
            "month": "2014-07",
            "price": "14.25",
            "revenue": 56623
        },
        "2014-08": {
            "month": "2014-08",
            "price": "13.81",
            "revenue": 57532
        },
        "2014-09": {
            "month": "2014-09",
            "price": "14.13",
            "revenue": 50542
        },
        "2014-10": {
            "month": "2014-10",
            "price": "12.09",
            "revenue": 56508
        },
        "2014-11": {
            "month": "2014-11",
            "price": "11.68",
            "revenue": 71063
        },
        "2014-12": {
            "month": "2014-12",
            "price": "11.41",
            "revenue": 73426
        },
        "2015-01": {
            "month": "2015-01",
            "price": "11.67",
            "revenue": 63446
        },
        "2015-02": {
            "month": "2015-02",
            "price": "10.83",
            "revenue": 56666
        },
        "2015-03": {
            "month": "2015-03",
            "price": "10.96",
            "revenue": 64215
        },
        "2015-04": {
            "month": "2015-04",
            "price": "10.70",
            "revenue": 55892
        },
        "2015-05": {
            "month": "2015-05",
            "price": "10.29",
            "revenue": 55247
        },
        "2015-06": {
            "month": "2015-06",
            "price": "9.95",
            "revenue": 74349
        },
        "2015-07": {
            "month": "2015-07",
            "price": "9.91",
            "revenue": 63221
        },
        "2015-08": {
            "month": "2015-08",
            "price": "9.33",
            "revenue": 59101
        },
        "2015-09": {
            "month": "2015-09",
            "price": "8.86",
            "revenue": 57994
        },
        "2015-10": {
            "month": "2015-10",
            "price": "9.15",
            "revenue": 64571
        },
        "2015-11": {
            "month": "2015-11",
            "price": "9.05",
            "revenue": 59988
        },
        "2015-12": {
            "month": "2015-12",
            "price": "8.54",
            "revenue": 50554
        },
        "2016-01": {
            "month": "2016-01",
            "price": "7.53",
            "revenue": 55224
        },
        "2016-02": {
            "month": "2016-02",
            "price": "7.09",
            "revenue": 59527
        },
        "2016-03": {
            "month": "2016-03",
            "price": "7.69",
            "revenue": 61671
        },
        "2016-04": {
            "month": "2016-04",
            "price": "7.70",
            "revenue": 63680
        },
        "2016-05": {
            "month": "2016-05",
            "price": "7.12",
            "revenue": 73349
        },
        "2016-06": {
            "month": "2016-06",
            "price": "7.41",
            "revenue": 67855
        },
        "2016-07": {
            "month": "2016-07",
            "price": "9.55",
            "revenue": 73977
        },
        "2016-08": {
            "month": "2016-08",
            "price": "11.19",
            "revenue": 74074
        },
        "2016-09": {
            "month": "2016-09",
            "price": "10.84",
            "revenue": 67432
        },
        "2016-10": {
            "month": "2016-10",
            "price": "11.92",
            "revenue": 71179
        },
        "2016-11": {
            "month": "2016-11",
            "price": "12.20",
            "revenue": 62534
        },
        "2016-12": {
            "month": "2016-12",
            "price": "11.44",
            "revenue": 72102
        },
        "2017-01": {
            "month": "2017-01",
            "price": "10.91",
            "revenue": 69902
        },
        "2017-02": {
            "month": "2017-02",
            "price": "9.72",
            "revenue": 60825
        },
        "2017-03": {
            "month": "2017-03",
            "price": "8.46",
            "revenue": 62315
        },
        "2017-04": {
            "month": "2017-04",
            "price": "7.92",
            "revenue": 61793
        },
        "2017-05": {
            "month": "2017-05",
            "price": "7.24",
            "revenue": 63919
        },
        "2017-06": {
            "month": "2017-06",
            "price": "7.52",
            "revenue": 63601
        },
        "2017-07": {
            "month": "2017-07",
            "price": "7.63",
            "revenue": 68980
        },
        "2017-08": {
            "month": "2017-08",
            "price": "7.72",
            "revenue": 66917
        },
        "2017-09": {
            "month": "2017-09",
            "price": "7.67",
            "revenue": 57718
        },
        "2017-10": {
            "month": "2017-10",
            "price": "7.38",
            "revenue": 58543
        },
        "2017-11": {
            "month": "2017-11",
            "price": "7.39",
            "revenue": 53100
        },
        "2017-12": {
            "month": "2017-12",
            "price": "7.27",
            "revenue": 52638
        },
        "2018-01": {
            "month": "2018-01",
            "price": "7.17",
            "revenue": 64223
        },
        "2018-02": {
            "month": "2018-02",
            "price": "6.47",
            "revenue": 50575
        },
        "2018-03": {
            "month": "2018-03",
            "price": "6.19",
            "revenue": 48838
        },
        "2018-04": {
            "month": "2018-04",
            "price": "6.07",
            "revenue": 67616
        },
        "2018-05": {
            "month": "2018-05",
            "price": "7.37",
            "revenue": 70799
        },
        "2018-06": {
            "month": "2018-06",
            "price": "7.72",
            "revenue": 72302
        },
        "2018-07": {
            "month": "2018-07",
            "price": "7.35",
            "revenue": 72046
        },
        "2018-08": {
            "month": "2018-08",
            "price": "8.18",
            "revenue": 71913
        },
        "2018-09": {
            "month": "2018-09",
            "price": "7.53",
            "revenue": 71385
        },
        "2018-10": {
            "month": "2018-10",
            "price": "7.23",
            "revenue": 74347
        },
        "2018-11": {
            "month": "2018-11",
            "price": "7.26",
            "revenue": 66253
        },
        "2018-12": {
            "month": "2018-12",
            "price": "8.71",
            "revenue": 64791
        },
        "2019-01": {
            "month": "2019-01",
            "price": "7.84",
            "revenue": 63829
        },
        "2019-02": {
            "month": "2019-02",
            "price": "7.76",
            "revenue": 57826
        },
        "2019-03": {
            "month": "2019-03",
            "price": "8.02",
            "revenue": 72919
        },
        "2019-04": {
            "month": "2019-04",
            "price": "8.00",
            "revenue": 65002
        },
        "2019-05": {
            "month": "2019-05",
            "price": "7.88",
            "revenue": 69632
        },
        "2019-06": {
            "month": "2019-06",
            "price": "7.57",
            "revenue": 64698
        },
        "2019-07": {
            "month": "2019-07",
            "price": "7.94",
            "revenue": 65756
        },
        "2019-08": {
            "month": "2019-08",
            "price": "7.65",
            "revenue": 61532
        },
        "2019-09": {
            "month": "2019-09",
            "price": "7.75",
            "revenue": 61842
        },
        "2019-10": {
            "month": "2019-10",
            "price": "7.53",
            "revenue": 72010
        },
        "2019-11": {
            "month": "2019-11",
            "price": "7.24",
            "revenue": 67484
        },
        "2019-12": {
            "month": "2019-12",
            "price": "7.13",
            "revenue": 64943
        },
        "2020-01": {
            "month": "2020-01",
            "price": "6.96",
            "revenue": 65714
        },
        "2020-02": {
            "month": "2020-02",
            "price": "6.33",
            "revenue": 61811
        },
        "2020-03": {
            "month": "2020-03",
            "price": "5.61",
            "revenue": 64363
        },
        "2020-04": {
            "month": "2020-04",
            "price": "5.55",
            "revenue": 63665
        },
        "2020-05": {
            "month": "2020-05",
            "price": "6.12",
            "revenue": 65148
        },
        "2020-06": {
            "month": "2020-06",
            "price": "6.60",
            "revenue": 63943
        },
        "2020-07": {
            "month": "2020-07",
            "price": "6.64",
            "revenue": 70937
        },
        "2020-08": {
            "month": "2020-08",
            "price": "7.20",
            "revenue": 64358
        },
        "2020-09": {
            "month": "2020-09",
            "price": "7.99",
            "revenue": 57723
        },
        "2020-10": {
            "month": "2020-10",
            "price": "7.87",
            "revenue": 55055
        },
        "2020-11": {
            "month": "2020-11",
            "price": "8.09",
            "revenue": 55443
        },
        "2020-12": {
            "month": "2020-12",
            "price": "9.85",
            "revenue": 59374
        },
        "2021-01": {
            "month": "2021-01",
            "price": "11.17",
            "revenue": 66089
        },
        "2021-02": {
            "month": "2021-02",
            "price": "11.10",
            "revenue": 57976
        },
        "2021-03": {
            "month": "2021-03",
            "price": "12.78",
            "revenue": 69937
        },
        "2021-04": {
            "month": "2021-04",
            "price": "17.15",
            "revenue": 76943
        },
        "2021-05": {
            "month": "2021-05",
            "price": "18.33",
            "revenue": 114225
        },
        "2021-06": {
            "month": "2021-06",
            "price": "28.33",
            "revenue": 103790
        },
        "2021-07": {
            "month": "2021-07",
            "price": "34.00",
            "revenue": 111087
        },
        "2021-08": {
            "month": "2021-08",
            "price": "30.05",
            "revenue": 124682
        },
        "2021-09": {
            "month": "2021-09",
            "price": "32.18",
            "revenue": 134732
        },
        "2021-10": {
            "month": "2021-10",
            "price": "26.05",
            "revenue": 124725
        },
        "2021-11": {
            "month": "2021-11",
            "price": "24.66",
            "revenue": 119082
        },
        "2021-12": {
            "month": "2021-12",
            "price": "27.28",
            "revenue": 122871
        },
        "2022-01": {
            "month": "2022-01",
            "price": "24.39",
            "revenue": 127085
        },
        "2022-02": {
            "month": "2022-02",
            "price": "25.39",
            "revenue": 111052
        },
        "2022-03": {
            "month": "2022-03",
            "price": "26.11",
            "revenue": 133315
        },
        "2022-04": {
            "month": "2022-04",
            "price": "25.84",
            "revenue": 121980
        },
        "2022-05": {
            "month": "2022-05",
            "price": "27.42",
            "revenue": 126555
        },
        "2022-06": {
            "month": "2022-06",
            "price": "24.52",
            "revenue": 152074
        },
        "2022-07": {
            "month": "2022-07",
            "price": "20.26",
            "revenue": 146310
        },
        "2022-08": {
            "month": "2022-08",
            "price": "20.88",
            "revenue": 121183
        },
        "2022-09": {
            "month": "2022-09",
            "price": "17.97",
            "revenue": 118834
        },
        "2022-10": {
            "month": "2022-10",
            "price": "15.59",
            "revenue": 114214
        },
        "2022-11": {
            "month": "2022-11",
            "price": "17.21",
            "revenue": 89462
        },
        "2022-12": {
            "month": "2022-12",
            "price": "18.40",
            "revenue": 104885
        },
        "2023-01": {
            "month": "2023-01",
            "price": "18.02",
            "revenue": 83929
        },
        "2023-02": {
            "month": "2023-02",
            "price": "18.04",
            "revenue": 75639
        },
        "2023-03": {
            "month": "2023-03",
            "price": "21.20",
            "revenue": 97390
        },
        "2023-04": {
            "month": "2023-04",
            "price": "19.46",
            "revenue": 108073
        },
        "2023-05": {
            "month": "2023-05",
            "price": "18.26",
            "revenue": 118866
        },
        "2023-06": {
            "month": "2023-06",
            "price": "17.77",
            "revenue": 108098
        },
        "2023-07": {
            "month": "2023-07",
            "price": "16.82",
            "revenue": 114648
        },
        "2023-08": {
            "month": "2023-08",
            "price": "15.88",
            "revenue": 115300
        },
        "2023-09": {
            "month": "2023-09",
            "price": "16.59",
            "revenue": 119758
        },
        "2023-10": {
            "month": "2023-10",
            "price": "16.78",
            "revenue": 127495
        },
        "2023-11": {
            "month": "2023-11",
            "price": "17.00",
            "revenue": 128534
        },
        "2023-12": {
            "month": "2023-12",
            "price": "21.47",
            "revenue": 139930
        }
    }
}
