{
    "summary": {
        "stock_name": "宅配通",
        "stock_id": "2642",
        "category": "航運",
        "main_business": "汽車貨運及宅配<br>倉儲物流<br>理貨包裝",
        "website_url": "http://www.e-can.com.tw",
        "ceo": "彭繼曾",
        "pe_ratio": 35,
        "report_year_from": 2010,
        "report_year_to": 2023,
        "age": 14,
        "eps_negative_percentage": 0,
        "eps_growth_avg": {
            "last_all": -1.41,
            "last_2y": -22.58,
            "last_4y": 12.07,
            "last_8y": 0.88,
            "last_12y": null,
            "last_16y": null,
            "last_20y": null,
            "at_2006_last_3y": null,
            "at_2007_last_3y": null,
            "at_2008_last_3y": null,
            "at_2009_last_3y": null,
            "at_2010_last_3y": null,
            "at_2011_last_3y": null,
            "at_2012_last_3y": null,
            "at_2013_last_3y": null,
            "at_2014_last_3y": null,
            "at_2015_last_3y": null,
            "at_2016_last_3y": null,
            "at_2017_last_3y": -7.92,
            "at_2018_last_3y": -13.1,
            "at_2019_last_3y": 20.64,
            "at_2020_last_3y": 32.38,
            "at_2021_last_3y": 25.1,
            "at_2022_last_3y": 29.14,
            "at_2023_last_3y": -9.92,
            "at_2024_last_3y": -9.92,
            "at_2006_last_all": null,
            "at_2007_last_all": null,
            "at_2008_last_all": null,
            "at_2009_last_all": null,
            "at_2010_last_all": null,
            "at_2011_last_all": null,
            "at_2012_last_all": null,
            "at_2013_last_all": null,
            "at_2014_last_all": null,
            "at_2015_last_all": -28.49,
            "at_2016_last_all": -25.28,
            "at_2017_last_all": -7.92,
            "at_2018_last_all": -14.88,
            "at_2019_last_all": 4.27,
            "at_2020_last_all": 7.67,
            "at_2021_last_all": 8.59,
            "at_2022_last_all": 4.68,
            "at_2023_last_all": -1.41,
            "at_2024_last_all": -1.41
        },
        "latest_eps": 1.19,
        "latest_price": 41.1,
        "latest_roe": 5.25,
        "latest_gross_margin": 14.09,
        "latest_equity": 2240377,
        "latest_revenue": 1089467,
        "latest_gross_profit": 153462,
        "latest_net_income": 31608,
        "latest_debt_ratio": 48.75,
        "latest_current_ratio": 165.42,
        "latest_account_receivable_turnover_ratio": 1.61,
        "latest_inventory_turnover_ratio": 72.78,
        "latest_reinvestment_rate": 14.72,
        "latest_research_to_sale_ratio": null
    },
    "eps_dividends": {
        "2001": {
            "cash": 0,
            "stock": 0,
            "eps": 0
        },
        "2002": {
            "cash": 0,
            "stock": 0,
            "eps": 0
        },
        "2003": {
            "cash": 0,
            "stock": 0,
            "eps": 0
        },
        "2004": {
            "cash": 0,
            "stock": 0,
            "eps": 0
        },
        "2005": {
            "cash": 0,
            "stock": 0,
            "eps": 0
        },
        "2006": {
            "cash": 0,
            "stock": 0,
            "eps": 0
        },
        "2007": {
            "cash": 0,
            "stock": 0,
            "eps": 0
        },
        "2008": {
            "cash": 0,
            "stock": 0,
            "eps": 0
        },
        "2009": {
            "cash": 0,
            "stock": 0,
            "eps": 0
        },
        "2010": {
            "cash": 0,
            "stock": 0,
            "eps": 0
        },
        "2011": {
            "cash": 0,
            "stock": 0,
            "eps": 0
        },
        "2012": {
            "cash": 0,
            "stock": 0,
            "eps": 0
        },
        "2013": {
            "cash": 0.6,
            "stock": 0,
            "eps": 2.09
        },
        "2014": {
            "cash": 1.5,
            "stock": 0,
            "eps": 1.63
        },
        "2015": {
            "cash": 1.1,
            "stock": 0,
            "eps": 1.06
        },
        "2016": {
            "cash": 0.6,
            "stock": 0,
            "eps": 0.86
        },
        "2017": {
            "cash": 0.45,
            "stock": 0,
            "eps": 1.24
        },
        "2018": {
            "cash": 1.05,
            "stock": 0,
            "eps": 0.71
        },
        "2019": {
            "cash": 0.6,
            "stock": 0,
            "eps": 1.71
        },
        "2020": {
            "cash": 1.2,
            "stock": 0,
            "eps": 2.19
        },
        "2021": {
            "cash": 1.8,
            "stock": 0,
            "eps": 2.52
        },
        "2022": {
            "cash": 2.1,
            "stock": 0,
            "eps": 1.85
        },
        "2023": {
            "cash": 3,
            "stock": 0,
            "eps": 0.81
        }
    },
    "dividends": {
        "2013-03-21": {
            "cash": 0.6,
            "stock": 0
        },
        "2014-06-06": {
            "cash": 1.5,
            "stock": 0
        },
        "2015-07-15": {
            "cash": 1.1,
            "stock": 0
        },
        "2016-07-20": {
            "cash": 0.6,
            "stock": 0
        },
        "2017-07-20": {
            "cash": 0.45,
            "stock": 0
        },
        "2018-07-18": {
            "cash": 1.05,
            "stock": 0
        },
        "2019-07-05": {
            "cash": 0.6,
            "stock": 0
        },
        "2020-07-01": {
            "cash": 1.2,
            "stock": 0
        },
        "2021-09-15": {
            "cash": 1.8,
            "stock": 0
        },
        "2022-07-06": {
            "cash": 2.1,
            "stock": 0
        },
        "2023-02-23": {
            "cash": 1.5,
            "stock": 0
        },
        "2023-06-30": {
            "cash": 1.5,
            "stock": 0
        }
    },
    "prices": {
        "200101": "無",
        "200102": "無",
        "200103": "無",
        "200104": "無",
        "200105": "無",
        "200106": "無",
        "200107": "無",
        "200108": "無",
        "200109": "無",
        "200110": "無",
        "200111": "無",
        "200112": "無",
        "200201": "無",
        "200202": "無",
        "200203": "無",
        "200204": "無",
        "200205": "無",
        "200206": "無",
        "200207": "無",
        "200208": "無",
        "200209": "無",
        "200210": "無",
        "200211": "無",
        "200212": "無",
        "200301": "無",
        "200302": "無",
        "200303": "無",
        "200304": "無",
        "200305": "無",
        "200306": "無",
        "200307": "無",
        "200308": "無",
        "200309": "無",
        "200310": "無",
        "200311": "無",
        "200312": "無",
        "200401": "無",
        "200402": "無",
        "200403": "無",
        "200404": "無",
        "200405": "無",
        "200406": "無",
        "200407": "無",
        "200408": "無",
        "200409": "無",
        "200410": "無",
        "200411": "無",
        "200412": "無",
        "200501": "無",
        "200502": "無",
        "200503": "無",
        "200504": "無",
        "200505": "無",
        "200506": "無",
        "200507": "無",
        "200508": "無",
        "200509": "無",
        "200510": "無",
        "200511": "無",
        "200512": "無",
        "200601": "無",
        "200602": "無",
        "200603": "無",
        "200604": "無",
        "200605": "無",
        "200606": "無",
        "200607": "無",
        "200608": "無",
        "200609": "無",
        "200610": "無",
        "200611": "無",
        "200612": "無",
        "200701": "無",
        "200702": "無",
        "200703": "無",
        "200704": "無",
        "200705": "無",
        "200706": "無",
        "200707": "無",
        "200708": "無",
        "200709": "無",
        "200710": "無",
        "200711": "無",
        "200712": "無",
        "200801": "無",
        "200802": "無",
        "200803": "無",
        "200804": "無",
        "200805": "無",
        "200806": "無",
        "200807": "無",
        "200808": "無",
        "200809": "無",
        "200810": "無",
        "200811": "無",
        "200812": "無",
        "200901": "無",
        "200902": "無",
        "200903": "無",
        "200904": "無",
        "200905": "無",
        "200906": "無",
        "200907": "無",
        "200908": "無",
        "200909": "無",
        "200910": "無",
        "200911": "無",
        "200912": "無",
        "201001": "無",
        "201002": "無",
        "201003": "無",
        "201004": "無",
        "201005": "無",
        "201006": "無",
        "201007": "無",
        "201008": "無",
        "201009": "無",
        "201010": "無",
        "201011": "無",
        "201012": "無",
        "201101": "無",
        "201102": "無",
        "201103": "無",
        "201104": "無",
        "201105": "無",
        "201106": "無",
        "201107": "無",
        "201108": "無",
        "201109": "無",
        "201110": "無",
        "201111": "無",
        "201112": "無",
        "201201": "無",
        "201202": "無",
        "201203": "無",
        "201204": "無",
        "201205": "無",
        "201206": "無",
        "201207": "無",
        "201208": "無",
        "201209": "無",
        "201210": "無",
        "201211": "無",
        "201212": "29.65",
        "201301": "29.94",
        "201302": "29.60",
        "201303": "30.87",
        "201304": "32.47",
        "201305": "34.17",
        "201306": "35.01",
        "201307": "34.28",
        "201308": "36.90",
        "201309": "43.20",
        "201310": "52.44",
        "201311": "47.98",
        "201312": "67.34",
        "201401": "68.16",
        "201402": "63.47",
        "201403": "61.50",
        "201404": "57.75",
        "201405": "51.60",
        "201406": "48.35",
        "201407": "44.80",
        "201408": "46.52",
        "201409": "45.23",
        "201410": "47.00",
        "201411": "47.37",
        "201412": "48.67",
        "201501": "49.66",
        "201502": "47.40",
        "201503": "45.37",
        "201504": "42.68",
        "201505": "39.00",
        "201506": "33.55",
        "201507": "31.53",
        "201508": "28.42",
        "201509": "27.86",
        "201510": "30.83",
        "201511": "31.36",
        "201512": "28.93",
        "201601": "26.82",
        "201602": "27.05",
        "201603": "27.77",
        "201604": "25.64",
        "201605": "23.92",
        "201606": "24.26",
        "201607": "25.32",
        "201608": "26.83",
        "201609": "26.16",
        "201610": "25.00",
        "201611": "25.07",
        "201612": "24.73",
        "201701": "25.02",
        "201702": "25.28",
        "201703": "25.01",
        "201704": "23.88",
        "201705": "24.01",
        "201706": "24.73",
        "201707": "24.80",
        "201708": "28.01",
        "201709": "31.81",
        "201710": "31.46",
        "201711": "31.75",
        "201712": "29.61",
        "201801": "29.35",
        "201802": "28.17",
        "201803": "27.72",
        "201804": "27.28",
        "201805": "26.11",
        "201806": "25.48",
        "201807": "24.95",
        "201808": "24.79",
        "201809": "24.44",
        "201810": "23.19",
        "201811": "21.80",
        "201812": "21.92",
        "201901": "21.51",
        "201902": "22.38",
        "201903": "22.42",
        "201904": "22.08",
        "201905": "22.44",
        "201906": "22.60",
        "201907": "23.38",
        "201908": "25.31",
        "201909": "28.27",
        "201910": "28.55",
        "201911": "30.98",
        "201912": "29.81",
        "202001": "29.52",
        "202002": "30.15",
        "202003": "26.92",
        "202004": "28.90",
        "202005": "33.84",
        "202006": "35.60",
        "202007": "33.73",
        "202008": "33.64",
        "202009": "33.74",
        "202010": "33.89",
        "202011": "34.19",
        "202012": "33.54",
        "202101": "32.78",
        "202102": "31.87",
        "202103": "33.72",
        "202104": "34.63",
        "202105": "46.68",
        "202106": "96.14",
        "202107": "105.68",
        "202108": "81.96",
        "202109": "78.54",
        "202110": "67.58",
        "202111": "72.08",
        "202112": "72.75",
        "202201": "86.13",
        "202202": "78.34",
        "202203": "72.41",
        "202204": "79.24",
        "202205": "71.57",
        "202206": "63.01",
        "202207": "52.01",
        "202208": "53.72",
        "202209": "50.27",
        "202210": "42.28",
        "202211": "44.61",
        "202212": "49.02",
        "202301": "50.56",
        "202302": "49.06",
        "202303": "48.03",
        "202304": "46.61",
        "202305": "45.58",
        "202306": "44.70",
        "202307": "41.79",
        "202308": "40.99",
        "202309": "41.03",
        "202310": "39.70",
        "202311": "39.70",
        "202312": "41.16"
    },
    "quarters": {
        "20011": {
            "year_quarter": 20011,
            "year": 2001,
            "quarter": 1,
            "eps": null,
            "eps_growth_year": null,
            "eps_4q": null,
            "eps_4q_growth_year": null,
            "roe": null,
            "roe_4q": 0,
            "gross_profit": null,
            "gross_margin": null,
            "gross_margin_4q_avg": 0,
            "net_income": null,
            "net_income_4q": null,
            "revenue": null,
            "revenue_4q": null,
            "common_shares": null,
            "book_valuer_per_share": null,
            "book_valuer_per_share_4q_avg": 0,
            "equity": null,
            "current_ratio": null,
            "debt_ratio": null,
            "inventory_turnover_ratio": null,
            "account_receivable_turnover_ratio": null,
            "reinvestment_rate": null,
            "research_to_sale_ratio": null,
            "price_fair": 0,
            "eps_avg_yearly": 0,
            "eps_latest_yearly": 0,
            "eps_growth_yearly": 0
        },
        "20012": {
            "year_quarter": 20012,
            "year": 2001,
            "quarter": 2,
            "eps": null,
            "eps_growth_year": null,
            "eps_4q": null,
            "eps_4q_growth_year": null,
            "roe": null,
            "roe_4q": 0,
            "gross_profit": null,
            "gross_margin": null,
            "gross_margin_4q_avg": 0,
            "net_income": null,
            "net_income_4q": null,
            "revenue": null,
            "revenue_4q": null,
            "common_shares": null,
            "book_valuer_per_share": null,
            "book_valuer_per_share_4q_avg": 0,
            "equity": null,
            "current_ratio": null,
            "debt_ratio": null,
            "inventory_turnover_ratio": null,
            "account_receivable_turnover_ratio": null,
            "reinvestment_rate": null,
            "research_to_sale_ratio": null,
            "price_fair": 0,
            "eps_avg_yearly": 0,
            "eps_latest_yearly": 0,
            "eps_growth_yearly": 0
        },
        "20013": {
            "year_quarter": 20013,
            "year": 2001,
            "quarter": 3,
            "eps": null,
            "eps_growth_year": null,
            "eps_4q": null,
            "eps_4q_growth_year": null,
            "roe": null,
            "roe_4q": 0,
            "gross_profit": null,
            "gross_margin": null,
            "gross_margin_4q_avg": 0,
            "net_income": null,
            "net_income_4q": null,
            "revenue": null,
            "revenue_4q": null,
            "common_shares": null,
            "book_valuer_per_share": null,
            "book_valuer_per_share_4q_avg": 0,
            "equity": null,
            "current_ratio": null,
            "debt_ratio": null,
            "inventory_turnover_ratio": null,
            "account_receivable_turnover_ratio": null,
            "reinvestment_rate": null,
            "research_to_sale_ratio": null,
            "price_fair": 0,
            "eps_avg_yearly": 0,
            "eps_latest_yearly": 0,
            "eps_growth_yearly": 0
        },
        "20014": {
            "year_quarter": 20014,
            "year": 2001,
            "quarter": 4,
            "eps": null,
            "eps_growth_year": null,
            "eps_4q": null,
            "eps_4q_growth_year": null,
            "roe": null,
            "roe_4q": 0,
            "gross_profit": null,
            "gross_margin": null,
            "gross_margin_4q_avg": 0,
            "net_income": null,
            "net_income_4q": null,
            "revenue": null,
            "revenue_4q": null,
            "common_shares": null,
            "book_valuer_per_share": null,
            "book_valuer_per_share_4q_avg": 0,
            "equity": null,
            "current_ratio": null,
            "debt_ratio": null,
            "inventory_turnover_ratio": null,
            "account_receivable_turnover_ratio": null,
            "reinvestment_rate": null,
            "research_to_sale_ratio": null,
            "price_fair": 0,
            "eps_avg_yearly": 0,
            "eps_latest_yearly": 0,
            "eps_growth_yearly": 0
        },
        "20021": {
            "year_quarter": 20021,
            "year": 2002,
            "quarter": 1,
            "eps": null,
            "eps_growth_year": null,
            "eps_4q": null,
            "eps_4q_growth_year": null,
            "roe": null,
            "roe_4q": 0,
            "gross_profit": null,
            "gross_margin": null,
            "gross_margin_4q_avg": 0,
            "net_income": null,
            "net_income_4q": null,
            "revenue": null,
            "revenue_4q": null,
            "common_shares": null,
            "book_valuer_per_share": null,
            "book_valuer_per_share_4q_avg": 0,
            "equity": null,
            "current_ratio": null,
            "debt_ratio": null,
            "inventory_turnover_ratio": null,
            "account_receivable_turnover_ratio": null,
            "reinvestment_rate": null,
            "research_to_sale_ratio": null,
            "price_fair": 0,
            "eps_avg_yearly": 0,
            "eps_latest_yearly": 0,
            "eps_growth_yearly": 0
        },
        "20022": {
            "year_quarter": 20022,
            "year": 2002,
            "quarter": 2,
            "eps": null,
            "eps_growth_year": null,
            "eps_4q": null,
            "eps_4q_growth_year": null,
            "roe": null,
            "roe_4q": 0,
            "gross_profit": null,
            "gross_margin": null,
            "gross_margin_4q_avg": 0,
            "net_income": null,
            "net_income_4q": null,
            "revenue": null,
            "revenue_4q": null,
            "common_shares": null,
            "book_valuer_per_share": null,
            "book_valuer_per_share_4q_avg": 0,
            "equity": null,
            "current_ratio": null,
            "debt_ratio": null,
            "inventory_turnover_ratio": null,
            "account_receivable_turnover_ratio": null,
            "reinvestment_rate": null,
            "research_to_sale_ratio": null,
            "price_fair": 0,
            "eps_avg_yearly": 0,
            "eps_latest_yearly": 0,
            "eps_growth_yearly": 0
        },
        "20023": {
            "year_quarter": 20023,
            "year": 2002,
            "quarter": 3,
            "eps": null,
            "eps_growth_year": null,
            "eps_4q": null,
            "eps_4q_growth_year": null,
            "roe": null,
            "roe_4q": 0,
            "gross_profit": null,
            "gross_margin": null,
            "gross_margin_4q_avg": 0,
            "net_income": null,
            "net_income_4q": null,
            "revenue": null,
            "revenue_4q": null,
            "common_shares": null,
            "book_valuer_per_share": null,
            "book_valuer_per_share_4q_avg": 0,
            "equity": null,
            "current_ratio": null,
            "debt_ratio": null,
            "inventory_turnover_ratio": null,
            "account_receivable_turnover_ratio": null,
            "reinvestment_rate": null,
            "research_to_sale_ratio": null,
            "price_fair": 0,
            "eps_avg_yearly": 0,
            "eps_latest_yearly": 0,
            "eps_growth_yearly": 0
        },
        "20024": {
            "year_quarter": 20024,
            "year": 2002,
            "quarter": 4,
            "eps": null,
            "eps_growth_year": null,
            "eps_4q": null,
            "eps_4q_growth_year": null,
            "roe": null,
            "roe_4q": 0,
            "gross_profit": null,
            "gross_margin": null,
            "gross_margin_4q_avg": 0,
            "net_income": null,
            "net_income_4q": null,
            "revenue": null,
            "revenue_4q": null,
            "common_shares": null,
            "book_valuer_per_share": null,
            "book_valuer_per_share_4q_avg": 0,
            "equity": null,
            "current_ratio": null,
            "debt_ratio": null,
            "inventory_turnover_ratio": null,
            "account_receivable_turnover_ratio": null,
            "reinvestment_rate": null,
            "research_to_sale_ratio": null,
            "price_fair": 0,
            "eps_avg_yearly": 0,
            "eps_latest_yearly": 0,
            "eps_growth_yearly": 0
        },
        "20031": {
            "year_quarter": 20031,
            "year": 2003,
            "quarter": 1,
            "eps": null,
            "eps_growth_year": null,
            "eps_4q": null,
            "eps_4q_growth_year": null,
            "roe": null,
            "roe_4q": 0,
            "gross_profit": null,
            "gross_margin": null,
            "gross_margin_4q_avg": 0,
            "net_income": null,
            "net_income_4q": null,
            "revenue": null,
            "revenue_4q": null,
            "common_shares": null,
            "book_valuer_per_share": null,
            "book_valuer_per_share_4q_avg": 0,
            "equity": null,
            "current_ratio": null,
            "debt_ratio": null,
            "inventory_turnover_ratio": null,
            "account_receivable_turnover_ratio": null,
            "reinvestment_rate": null,
            "research_to_sale_ratio": null,
            "price_fair": 0,
            "eps_avg_yearly": 0,
            "eps_latest_yearly": 0,
            "eps_growth_yearly": 0
        },
        "20032": {
            "year_quarter": 20032,
            "year": 2003,
            "quarter": 2,
            "eps": null,
            "eps_growth_year": null,
            "eps_4q": null,
            "eps_4q_growth_year": null,
            "roe": null,
            "roe_4q": 0,
            "gross_profit": null,
            "gross_margin": null,
            "gross_margin_4q_avg": 0,
            "net_income": null,
            "net_income_4q": null,
            "revenue": null,
            "revenue_4q": null,
            "common_shares": null,
            "book_valuer_per_share": null,
            "book_valuer_per_share_4q_avg": 0,
            "equity": null,
            "current_ratio": null,
            "debt_ratio": null,
            "inventory_turnover_ratio": null,
            "account_receivable_turnover_ratio": null,
            "reinvestment_rate": null,
            "research_to_sale_ratio": null,
            "price_fair": 0,
            "eps_avg_yearly": 0,
            "eps_latest_yearly": 0,
            "eps_growth_yearly": 0
        },
        "20033": {
            "year_quarter": 20033,
            "year": 2003,
            "quarter": 3,
            "eps": null,
            "eps_growth_year": null,
            "eps_4q": null,
            "eps_4q_growth_year": null,
            "roe": null,
            "roe_4q": 0,
            "gross_profit": null,
            "gross_margin": null,
            "gross_margin_4q_avg": 0,
            "net_income": null,
            "net_income_4q": null,
            "revenue": null,
            "revenue_4q": null,
            "common_shares": null,
            "book_valuer_per_share": null,
            "book_valuer_per_share_4q_avg": 0,
            "equity": null,
            "current_ratio": null,
            "debt_ratio": null,
            "inventory_turnover_ratio": null,
            "account_receivable_turnover_ratio": null,
            "reinvestment_rate": null,
            "research_to_sale_ratio": null,
            "price_fair": 0,
            "eps_avg_yearly": 0,
            "eps_latest_yearly": 0,
            "eps_growth_yearly": 0
        },
        "20034": {
            "year_quarter": 20034,
            "year": 2003,
            "quarter": 4,
            "eps": null,
            "eps_growth_year": null,
            "eps_4q": null,
            "eps_4q_growth_year": null,
            "roe": null,
            "roe_4q": 0,
            "gross_profit": null,
            "gross_margin": null,
            "gross_margin_4q_avg": 0,
            "net_income": null,
            "net_income_4q": null,
            "revenue": null,
            "revenue_4q": null,
            "common_shares": null,
            "book_valuer_per_share": null,
            "book_valuer_per_share_4q_avg": 0,
            "equity": null,
            "current_ratio": null,
            "debt_ratio": null,
            "inventory_turnover_ratio": null,
            "account_receivable_turnover_ratio": null,
            "reinvestment_rate": null,
            "research_to_sale_ratio": null,
            "price_fair": 0,
            "eps_avg_yearly": 0,
            "eps_latest_yearly": 0,
            "eps_growth_yearly": 0
        },
        "20041": {
            "year_quarter": 20041,
            "year": 2004,
            "quarter": 1,
            "eps": null,
            "eps_growth_year": null,
            "eps_4q": null,
            "eps_4q_growth_year": null,
            "roe": null,
            "roe_4q": 0,
            "gross_profit": null,
            "gross_margin": null,
            "gross_margin_4q_avg": 0,
            "net_income": null,
            "net_income_4q": null,
            "revenue": null,
            "revenue_4q": null,
            "common_shares": null,
            "book_valuer_per_share": null,
            "book_valuer_per_share_4q_avg": 0,
            "equity": null,
            "current_ratio": null,
            "debt_ratio": null,
            "inventory_turnover_ratio": null,
            "account_receivable_turnover_ratio": null,
            "reinvestment_rate": null,
            "research_to_sale_ratio": null,
            "price_fair": 0,
            "eps_avg_yearly": 0,
            "eps_latest_yearly": 0,
            "eps_growth_yearly": 0
        },
        "20042": {
            "year_quarter": 20042,
            "year": 2004,
            "quarter": 2,
            "eps": null,
            "eps_growth_year": null,
            "eps_4q": null,
            "eps_4q_growth_year": null,
            "roe": null,
            "roe_4q": 0,
            "gross_profit": null,
            "gross_margin": null,
            "gross_margin_4q_avg": 0,
            "net_income": null,
            "net_income_4q": null,
            "revenue": null,
            "revenue_4q": null,
            "common_shares": null,
            "book_valuer_per_share": null,
            "book_valuer_per_share_4q_avg": 0,
            "equity": null,
            "current_ratio": null,
            "debt_ratio": null,
            "inventory_turnover_ratio": null,
            "account_receivable_turnover_ratio": null,
            "reinvestment_rate": null,
            "research_to_sale_ratio": null,
            "price_fair": 0,
            "eps_avg_yearly": 0,
            "eps_latest_yearly": 0,
            "eps_growth_yearly": 0
        },
        "20043": {
            "year_quarter": 20043,
            "year": 2004,
            "quarter": 3,
            "eps": null,
            "eps_growth_year": null,
            "eps_4q": null,
            "eps_4q_growth_year": null,
            "roe": null,
            "roe_4q": 0,
            "gross_profit": null,
            "gross_margin": null,
            "gross_margin_4q_avg": 0,
            "net_income": null,
            "net_income_4q": null,
            "revenue": null,
            "revenue_4q": null,
            "common_shares": null,
            "book_valuer_per_share": null,
            "book_valuer_per_share_4q_avg": 0,
            "equity": null,
            "current_ratio": null,
            "debt_ratio": null,
            "inventory_turnover_ratio": null,
            "account_receivable_turnover_ratio": null,
            "reinvestment_rate": null,
            "research_to_sale_ratio": null,
            "price_fair": 0,
            "eps_avg_yearly": 0,
            "eps_latest_yearly": 0,
            "eps_growth_yearly": 0
        },
        "20044": {
            "year_quarter": 20044,
            "year": 2004,
            "quarter": 4,
            "eps": null,
            "eps_growth_year": null,
            "eps_4q": null,
            "eps_4q_growth_year": null,
            "roe": null,
            "roe_4q": 0,
            "gross_profit": null,
            "gross_margin": null,
            "gross_margin_4q_avg": 0,
            "net_income": null,
            "net_income_4q": null,
            "revenue": null,
            "revenue_4q": null,
            "common_shares": null,
            "book_valuer_per_share": null,
            "book_valuer_per_share_4q_avg": 0,
            "equity": null,
            "current_ratio": null,
            "debt_ratio": null,
            "inventory_turnover_ratio": null,
            "account_receivable_turnover_ratio": null,
            "reinvestment_rate": null,
            "research_to_sale_ratio": null,
            "price_fair": 0,
            "eps_avg_yearly": 0,
            "eps_latest_yearly": 0,
            "eps_growth_yearly": 0
        },
        "20051": {
            "year_quarter": 20051,
            "year": 2005,
            "quarter": 1,
            "eps": null,
            "eps_growth_year": null,
            "eps_4q": null,
            "eps_4q_growth_year": null,
            "roe": null,
            "roe_4q": 0,
            "gross_profit": null,
            "gross_margin": null,
            "gross_margin_4q_avg": 0,
            "net_income": null,
            "net_income_4q": null,
            "revenue": null,
            "revenue_4q": null,
            "common_shares": null,
            "book_valuer_per_share": null,
            "book_valuer_per_share_4q_avg": 0,
            "equity": null,
            "current_ratio": null,
            "debt_ratio": null,
            "inventory_turnover_ratio": null,
            "account_receivable_turnover_ratio": null,
            "reinvestment_rate": null,
            "research_to_sale_ratio": null,
            "price_fair": 0,
            "eps_avg_yearly": 0,
            "eps_latest_yearly": 0,
            "eps_growth_yearly": 0
        },
        "20052": {
            "year_quarter": 20052,
            "year": 2005,
            "quarter": 2,
            "eps": null,
            "eps_growth_year": null,
            "eps_4q": null,
            "eps_4q_growth_year": null,
            "roe": null,
            "roe_4q": 0,
            "gross_profit": null,
            "gross_margin": null,
            "gross_margin_4q_avg": 0,
            "net_income": null,
            "net_income_4q": null,
            "revenue": null,
            "revenue_4q": null,
            "common_shares": null,
            "book_valuer_per_share": null,
            "book_valuer_per_share_4q_avg": 0,
            "equity": null,
            "current_ratio": null,
            "debt_ratio": null,
            "inventory_turnover_ratio": null,
            "account_receivable_turnover_ratio": null,
            "reinvestment_rate": null,
            "research_to_sale_ratio": null,
            "price_fair": 0,
            "eps_avg_yearly": 0,
            "eps_latest_yearly": 0,
            "eps_growth_yearly": 0
        },
        "20053": {
            "year_quarter": 20053,
            "year": 2005,
            "quarter": 3,
            "eps": null,
            "eps_growth_year": null,
            "eps_4q": null,
            "eps_4q_growth_year": null,
            "roe": null,
            "roe_4q": 0,
            "gross_profit": null,
            "gross_margin": null,
            "gross_margin_4q_avg": 0,
            "net_income": null,
            "net_income_4q": null,
            "revenue": null,
            "revenue_4q": null,
            "common_shares": null,
            "book_valuer_per_share": null,
            "book_valuer_per_share_4q_avg": 0,
            "equity": null,
            "current_ratio": null,
            "debt_ratio": null,
            "inventory_turnover_ratio": null,
            "account_receivable_turnover_ratio": null,
            "reinvestment_rate": null,
            "research_to_sale_ratio": null,
            "price_fair": 0,
            "eps_avg_yearly": 0,
            "eps_latest_yearly": 0,
            "eps_growth_yearly": 0
        },
        "20054": {
            "year_quarter": 20054,
            "year": 2005,
            "quarter": 4,
            "eps": null,
            "eps_growth_year": null,
            "eps_4q": null,
            "eps_4q_growth_year": null,
            "roe": null,
            "roe_4q": 0,
            "gross_profit": null,
            "gross_margin": null,
            "gross_margin_4q_avg": 0,
            "net_income": null,
            "net_income_4q": null,
            "revenue": null,
            "revenue_4q": null,
            "common_shares": null,
            "book_valuer_per_share": null,
            "book_valuer_per_share_4q_avg": 0,
            "equity": null,
            "current_ratio": null,
            "debt_ratio": null,
            "inventory_turnover_ratio": null,
            "account_receivable_turnover_ratio": null,
            "reinvestment_rate": null,
            "research_to_sale_ratio": null,
            "price_fair": 0,
            "eps_avg_yearly": 0,
            "eps_latest_yearly": 0,
            "eps_growth_yearly": 0
        },
        "20061": {
            "year_quarter": 20061,
            "year": 2006,
            "quarter": 1,
            "eps": null,
            "eps_growth_year": null,
            "eps_4q": null,
            "eps_4q_growth_year": null,
            "roe": null,
            "roe_4q": 0,
            "gross_profit": null,
            "gross_margin": null,
            "gross_margin_4q_avg": 0,
            "net_income": null,
            "net_income_4q": null,
            "revenue": null,
            "revenue_4q": null,
            "common_shares": null,
            "book_valuer_per_share": null,
            "book_valuer_per_share_4q_avg": 0,
            "equity": null,
            "current_ratio": null,
            "debt_ratio": null,
            "inventory_turnover_ratio": null,
            "account_receivable_turnover_ratio": null,
            "reinvestment_rate": null,
            "research_to_sale_ratio": null,
            "price_fair": 0,
            "eps_avg_yearly": 0,
            "eps_latest_yearly": 0,
            "eps_growth_yearly": 0
        },
        "20062": {
            "year_quarter": 20062,
            "year": 2006,
            "quarter": 2,
            "eps": null,
            "eps_growth_year": null,
            "eps_4q": null,
            "eps_4q_growth_year": null,
            "roe": null,
            "roe_4q": 0,
            "gross_profit": null,
            "gross_margin": null,
            "gross_margin_4q_avg": 0,
            "net_income": null,
            "net_income_4q": null,
            "revenue": null,
            "revenue_4q": null,
            "common_shares": null,
            "book_valuer_per_share": null,
            "book_valuer_per_share_4q_avg": 0,
            "equity": null,
            "current_ratio": null,
            "debt_ratio": null,
            "inventory_turnover_ratio": null,
            "account_receivable_turnover_ratio": null,
            "reinvestment_rate": null,
            "research_to_sale_ratio": null,
            "price_fair": 0,
            "eps_avg_yearly": 0,
            "eps_latest_yearly": 0,
            "eps_growth_yearly": 0
        },
        "20063": {
            "year_quarter": 20063,
            "year": 2006,
            "quarter": 3,
            "eps": null,
            "eps_growth_year": null,
            "eps_4q": null,
            "eps_4q_growth_year": null,
            "roe": null,
            "roe_4q": 0,
            "gross_profit": null,
            "gross_margin": null,
            "gross_margin_4q_avg": 0,
            "net_income": null,
            "net_income_4q": null,
            "revenue": null,
            "revenue_4q": null,
            "common_shares": null,
            "book_valuer_per_share": null,
            "book_valuer_per_share_4q_avg": 0,
            "equity": null,
            "current_ratio": null,
            "debt_ratio": null,
            "inventory_turnover_ratio": null,
            "account_receivable_turnover_ratio": null,
            "reinvestment_rate": null,
            "research_to_sale_ratio": null,
            "price_fair": 0,
            "eps_avg_yearly": 0,
            "eps_latest_yearly": 0,
            "eps_growth_yearly": 0
        },
        "20064": {
            "year_quarter": 20064,
            "year": 2006,
            "quarter": 4,
            "eps": null,
            "eps_growth_year": null,
            "eps_4q": null,
            "eps_4q_growth_year": null,
            "roe": null,
            "roe_4q": 0,
            "gross_profit": null,
            "gross_margin": null,
            "gross_margin_4q_avg": 0,
            "net_income": null,
            "net_income_4q": null,
            "revenue": null,
            "revenue_4q": null,
            "common_shares": null,
            "book_valuer_per_share": null,
            "book_valuer_per_share_4q_avg": 0,
            "equity": null,
            "current_ratio": null,
            "debt_ratio": null,
            "inventory_turnover_ratio": null,
            "account_receivable_turnover_ratio": null,
            "reinvestment_rate": null,
            "research_to_sale_ratio": null,
            "price_fair": 0,
            "eps_avg_yearly": 0,
            "eps_latest_yearly": 0,
            "eps_growth_yearly": 0
        },
        "20071": {
            "year_quarter": 20071,
            "year": 2007,
            "quarter": 1,
            "eps": null,
            "eps_growth_year": null,
            "eps_4q": null,
            "eps_4q_growth_year": null,
            "roe": null,
            "roe_4q": 0,
            "gross_profit": null,
            "gross_margin": null,
            "gross_margin_4q_avg": 0,
            "net_income": null,
            "net_income_4q": null,
            "revenue": null,
            "revenue_4q": null,
            "common_shares": null,
            "book_valuer_per_share": null,
            "book_valuer_per_share_4q_avg": 0,
            "equity": null,
            "current_ratio": null,
            "debt_ratio": null,
            "inventory_turnover_ratio": null,
            "account_receivable_turnover_ratio": null,
            "reinvestment_rate": null,
            "research_to_sale_ratio": null,
            "price_fair": 0,
            "eps_avg_yearly": 0,
            "eps_latest_yearly": 0,
            "eps_growth_yearly": 0
        },
        "20072": {
            "year_quarter": 20072,
            "year": 2007,
            "quarter": 2,
            "eps": null,
            "eps_growth_year": null,
            "eps_4q": null,
            "eps_4q_growth_year": null,
            "roe": null,
            "roe_4q": 0,
            "gross_profit": null,
            "gross_margin": null,
            "gross_margin_4q_avg": 0,
            "net_income": null,
            "net_income_4q": null,
            "revenue": null,
            "revenue_4q": null,
            "common_shares": null,
            "book_valuer_per_share": null,
            "book_valuer_per_share_4q_avg": 0,
            "equity": null,
            "current_ratio": null,
            "debt_ratio": null,
            "inventory_turnover_ratio": null,
            "account_receivable_turnover_ratio": null,
            "reinvestment_rate": null,
            "research_to_sale_ratio": null,
            "price_fair": 0,
            "eps_avg_yearly": 0,
            "eps_latest_yearly": 0,
            "eps_growth_yearly": 0
        },
        "20073": {
            "year_quarter": 20073,
            "year": 2007,
            "quarter": 3,
            "eps": null,
            "eps_growth_year": null,
            "eps_4q": null,
            "eps_4q_growth_year": null,
            "roe": null,
            "roe_4q": 0,
            "gross_profit": null,
            "gross_margin": null,
            "gross_margin_4q_avg": 0,
            "net_income": null,
            "net_income_4q": null,
            "revenue": null,
            "revenue_4q": null,
            "common_shares": null,
            "book_valuer_per_share": null,
            "book_valuer_per_share_4q_avg": 0,
            "equity": null,
            "current_ratio": null,
            "debt_ratio": null,
            "inventory_turnover_ratio": null,
            "account_receivable_turnover_ratio": null,
            "reinvestment_rate": null,
            "research_to_sale_ratio": null,
            "price_fair": 0,
            "eps_avg_yearly": 0,
            "eps_latest_yearly": 0,
            "eps_growth_yearly": 0
        },
        "20074": {
            "year_quarter": 20074,
            "year": 2007,
            "quarter": 4,
            "eps": null,
            "eps_growth_year": null,
            "eps_4q": null,
            "eps_4q_growth_year": null,
            "roe": null,
            "roe_4q": 0,
            "gross_profit": null,
            "gross_margin": null,
            "gross_margin_4q_avg": 0,
            "net_income": null,
            "net_income_4q": null,
            "revenue": null,
            "revenue_4q": null,
            "common_shares": 860000,
            "book_valuer_per_share": 1.44,
            "book_valuer_per_share_4q_avg": 0.36,
            "equity": 123607,
            "current_ratio": 87.21,
            "debt_ratio": 81.31,
            "inventory_turnover_ratio": null,
            "account_receivable_turnover_ratio": null,
            "reinvestment_rate": null,
            "research_to_sale_ratio": null,
            "price_fair": 0,
            "eps_avg_yearly": 0,
            "eps_latest_yearly": 0,
            "eps_growth_yearly": 0
        },
        "20081": {
            "year_quarter": 20081,
            "year": 2008,
            "quarter": 1,
            "eps": null,
            "eps_growth_year": null,
            "eps_4q": null,
            "eps_4q_growth_year": null,
            "roe": null,
            "roe_4q": 0,
            "gross_profit": null,
            "gross_margin": null,
            "gross_margin_4q_avg": 0,
            "net_income": null,
            "net_income_4q": null,
            "revenue": null,
            "revenue_4q": null,
            "common_shares": null,
            "book_valuer_per_share": null,
            "book_valuer_per_share_4q_avg": 0.36,
            "equity": null,
            "current_ratio": null,
            "debt_ratio": null,
            "inventory_turnover_ratio": null,
            "account_receivable_turnover_ratio": null,
            "reinvestment_rate": null,
            "research_to_sale_ratio": null,
            "price_fair": 0,
            "eps_avg_yearly": 0,
            "eps_latest_yearly": 0,
            "eps_growth_yearly": 0
        },
        "20082": {
            "year_quarter": 20082,
            "year": 2008,
            "quarter": 2,
            "eps": null,
            "eps_growth_year": null,
            "eps_4q": null,
            "eps_4q_growth_year": null,
            "roe": null,
            "roe_4q": 0,
            "gross_profit": null,
            "gross_margin": null,
            "gross_margin_4q_avg": 0,
            "net_income": null,
            "net_income_4q": null,
            "revenue": null,
            "revenue_4q": null,
            "common_shares": null,
            "book_valuer_per_share": null,
            "book_valuer_per_share_4q_avg": 0.36,
            "equity": null,
            "current_ratio": null,
            "debt_ratio": null,
            "inventory_turnover_ratio": null,
            "account_receivable_turnover_ratio": null,
            "reinvestment_rate": null,
            "research_to_sale_ratio": null,
            "price_fair": 0,
            "eps_avg_yearly": 0,
            "eps_latest_yearly": 0,
            "eps_growth_yearly": 0
        },
        "20083": {
            "year_quarter": 20083,
            "year": 2008,
            "quarter": 3,
            "eps": null,
            "eps_growth_year": null,
            "eps_4q": null,
            "eps_4q_growth_year": null,
            "roe": null,
            "roe_4q": 0,
            "gross_profit": null,
            "gross_margin": null,
            "gross_margin_4q_avg": 0,
            "net_income": null,
            "net_income_4q": null,
            "revenue": null,
            "revenue_4q": null,
            "common_shares": null,
            "book_valuer_per_share": null,
            "book_valuer_per_share_4q_avg": 0.36,
            "equity": null,
            "current_ratio": null,
            "debt_ratio": null,
            "inventory_turnover_ratio": null,
            "account_receivable_turnover_ratio": null,
            "reinvestment_rate": null,
            "research_to_sale_ratio": null,
            "price_fair": 0,
            "eps_avg_yearly": 0,
            "eps_latest_yearly": 0,
            "eps_growth_yearly": 0
        },
        "20084": {
            "year_quarter": 20084,
            "year": 2008,
            "quarter": 4,
            "eps": null,
            "eps_growth_year": null,
            "eps_4q": null,
            "eps_4q_growth_year": null,
            "roe": null,
            "roe_4q": 0,
            "gross_profit": null,
            "gross_margin": null,
            "gross_margin_4q_avg": 0,
            "net_income": null,
            "net_income_4q": null,
            "revenue": null,
            "revenue_4q": null,
            "common_shares": 860000,
            "book_valuer_per_share": 2.95,
            "book_valuer_per_share_4q_avg": 0.74,
            "equity": 253398,
            "current_ratio": 97.16,
            "debt_ratio": 67.25,
            "inventory_turnover_ratio": null,
            "account_receivable_turnover_ratio": null,
            "reinvestment_rate": null,
            "research_to_sale_ratio": null,
            "price_fair": 0,
            "eps_avg_yearly": 0,
            "eps_latest_yearly": 0,
            "eps_growth_yearly": 0
        },
        "20091": {
            "year_quarter": 20091,
            "year": 2009,
            "quarter": 1,
            "eps": null,
            "eps_growth_year": null,
            "eps_4q": null,
            "eps_4q_growth_year": null,
            "roe": null,
            "roe_4q": 0,
            "gross_profit": null,
            "gross_margin": null,
            "gross_margin_4q_avg": 0,
            "net_income": null,
            "net_income_4q": null,
            "revenue": null,
            "revenue_4q": null,
            "common_shares": null,
            "book_valuer_per_share": null,
            "book_valuer_per_share_4q_avg": 0.74,
            "equity": null,
            "current_ratio": null,
            "debt_ratio": null,
            "inventory_turnover_ratio": null,
            "account_receivable_turnover_ratio": null,
            "reinvestment_rate": null,
            "research_to_sale_ratio": null,
            "price_fair": 0,
            "eps_avg_yearly": 0,
            "eps_latest_yearly": 0,
            "eps_growth_yearly": 0
        },
        "20092": {
            "year_quarter": 20092,
            "year": 2009,
            "quarter": 2,
            "eps": null,
            "eps_growth_year": null,
            "eps_4q": null,
            "eps_4q_growth_year": null,
            "roe": null,
            "roe_4q": 0,
            "gross_profit": null,
            "gross_margin": null,
            "gross_margin_4q_avg": 0,
            "net_income": null,
            "net_income_4q": null,
            "revenue": null,
            "revenue_4q": null,
            "common_shares": null,
            "book_valuer_per_share": null,
            "book_valuer_per_share_4q_avg": 0.74,
            "equity": null,
            "current_ratio": null,
            "debt_ratio": null,
            "inventory_turnover_ratio": null,
            "account_receivable_turnover_ratio": null,
            "reinvestment_rate": null,
            "research_to_sale_ratio": null,
            "price_fair": 0,
            "eps_avg_yearly": 0,
            "eps_latest_yearly": 0,
            "eps_growth_yearly": 0
        },
        "20093": {
            "year_quarter": 20093,
            "year": 2009,
            "quarter": 3,
            "eps": null,
            "eps_growth_year": null,
            "eps_4q": null,
            "eps_4q_growth_year": null,
            "roe": null,
            "roe_4q": 0,
            "gross_profit": null,
            "gross_margin": null,
            "gross_margin_4q_avg": 0,
            "net_income": null,
            "net_income_4q": null,
            "revenue": null,
            "revenue_4q": null,
            "common_shares": null,
            "book_valuer_per_share": null,
            "book_valuer_per_share_4q_avg": 0.74,
            "equity": null,
            "current_ratio": null,
            "debt_ratio": null,
            "inventory_turnover_ratio": null,
            "account_receivable_turnover_ratio": null,
            "reinvestment_rate": null,
            "research_to_sale_ratio": null,
            "price_fair": 0,
            "eps_avg_yearly": 0,
            "eps_latest_yearly": 0,
            "eps_growth_yearly": 0
        },
        "20094": {
            "year_quarter": 20094,
            "year": 2009,
            "quarter": 4,
            "eps": null,
            "eps_growth_year": null,
            "eps_4q": null,
            "eps_4q_growth_year": null,
            "roe": null,
            "roe_4q": 0,
            "gross_profit": null,
            "gross_margin": null,
            "gross_margin_4q_avg": 0,
            "net_income": null,
            "net_income_4q": null,
            "revenue": null,
            "revenue_4q": null,
            "common_shares": 560000,
            "book_valuer_per_share": 8.89,
            "book_valuer_per_share_4q_avg": 2.22,
            "equity": 498058,
            "current_ratio": 126.9,
            "debt_ratio": 56.2,
            "inventory_turnover_ratio": null,
            "account_receivable_turnover_ratio": null,
            "reinvestment_rate": null,
            "research_to_sale_ratio": null,
            "price_fair": 0,
            "eps_avg_yearly": 0,
            "eps_latest_yearly": 0,
            "eps_growth_yearly": 0
        },
        "20101": {
            "year_quarter": 20101,
            "year": 2010,
            "quarter": 1,
            "eps": null,
            "eps_growth_year": null,
            "eps_4q": null,
            "eps_4q_growth_year": null,
            "roe": null,
            "roe_4q": 0,
            "gross_profit": null,
            "gross_margin": null,
            "gross_margin_4q_avg": 0,
            "net_income": null,
            "net_income_4q": null,
            "revenue": null,
            "revenue_4q": null,
            "common_shares": null,
            "book_valuer_per_share": null,
            "book_valuer_per_share_4q_avg": 2.22,
            "equity": null,
            "current_ratio": null,
            "debt_ratio": null,
            "inventory_turnover_ratio": null,
            "account_receivable_turnover_ratio": null,
            "reinvestment_rate": null,
            "research_to_sale_ratio": null,
            "price_fair": 0,
            "eps_avg_yearly": 0,
            "eps_latest_yearly": 0,
            "eps_growth_yearly": 0
        },
        "20102": {
            "year_quarter": 20102,
            "year": 2010,
            "quarter": 2,
            "eps": null,
            "eps_growth_year": null,
            "eps_4q": null,
            "eps_4q_growth_year": null,
            "roe": null,
            "roe_4q": 0,
            "gross_profit": null,
            "gross_margin": null,
            "gross_margin_4q_avg": 0,
            "net_income": null,
            "net_income_4q": null,
            "revenue": null,
            "revenue_4q": null,
            "common_shares": null,
            "book_valuer_per_share": null,
            "book_valuer_per_share_4q_avg": 2.22,
            "equity": null,
            "current_ratio": null,
            "debt_ratio": null,
            "inventory_turnover_ratio": null,
            "account_receivable_turnover_ratio": null,
            "reinvestment_rate": null,
            "research_to_sale_ratio": null,
            "price_fair": 0,
            "eps_avg_yearly": 0,
            "eps_latest_yearly": 0,
            "eps_growth_yearly": 0
        },
        "20103": {
            "year_quarter": 20103,
            "year": 2010,
            "quarter": 3,
            "eps": null,
            "eps_growth_year": null,
            "eps_4q": null,
            "eps_4q_growth_year": null,
            "roe": null,
            "roe_4q": 0,
            "gross_profit": null,
            "gross_margin": null,
            "gross_margin_4q_avg": 0,
            "net_income": null,
            "net_income_4q": null,
            "revenue": null,
            "revenue_4q": null,
            "common_shares": null,
            "book_valuer_per_share": null,
            "book_valuer_per_share_4q_avg": 2.22,
            "equity": null,
            "current_ratio": null,
            "debt_ratio": null,
            "inventory_turnover_ratio": null,
            "account_receivable_turnover_ratio": null,
            "reinvestment_rate": null,
            "research_to_sale_ratio": null,
            "price_fair": 0,
            "eps_avg_yearly": 0,
            "eps_latest_yearly": 0,
            "eps_growth_yearly": 0
        },
        "20104": {
            "year_quarter": 20104,
            "year": 2010,
            "quarter": 4,
            "eps": null,
            "eps_growth_year": null,
            "eps_4q": null,
            "eps_4q_growth_year": null,
            "roe": null,
            "roe_4q": 0,
            "gross_profit": null,
            "gross_margin": null,
            "gross_margin_4q_avg": 0,
            "net_income": null,
            "net_income_4q": null,
            "revenue": null,
            "revenue_4q": null,
            "common_shares": 560000,
            "book_valuer_per_share": 11.59,
            "book_valuer_per_share_4q_avg": 2.9,
            "equity": 649154,
            "current_ratio": 146.7,
            "debt_ratio": 49.62,
            "inventory_turnover_ratio": null,
            "account_receivable_turnover_ratio": null,
            "reinvestment_rate": null,
            "research_to_sale_ratio": null,
            "price_fair": 0,
            "eps_avg_yearly": 0,
            "eps_latest_yearly": 0,
            "eps_growth_yearly": 0
        },
        "20111": {
            "year_quarter": 20111,
            "year": 2011,
            "quarter": 1,
            "eps": null,
            "eps_growth_year": null,
            "eps_4q": null,
            "eps_4q_growth_year": null,
            "roe": null,
            "roe_4q": 0,
            "gross_profit": null,
            "gross_margin": null,
            "gross_margin_4q_avg": 0,
            "net_income": null,
            "net_income_4q": null,
            "revenue": null,
            "revenue_4q": null,
            "common_shares": null,
            "book_valuer_per_share": null,
            "book_valuer_per_share_4q_avg": 2.9,
            "equity": null,
            "current_ratio": null,
            "debt_ratio": null,
            "inventory_turnover_ratio": null,
            "account_receivable_turnover_ratio": null,
            "reinvestment_rate": null,
            "research_to_sale_ratio": null,
            "price_fair": 0,
            "eps_avg_yearly": 0,
            "eps_latest_yearly": 0,
            "eps_growth_yearly": 0
        },
        "20112": {
            "year_quarter": 20112,
            "year": 2011,
            "quarter": 2,
            "eps": null,
            "eps_growth_year": null,
            "eps_4q": null,
            "eps_4q_growth_year": null,
            "roe": null,
            "roe_4q": 0,
            "gross_profit": null,
            "gross_margin": null,
            "gross_margin_4q_avg": 0,
            "net_income": null,
            "net_income_4q": null,
            "revenue": null,
            "revenue_4q": null,
            "common_shares": 560000,
            "book_valuer_per_share": null,
            "book_valuer_per_share_4q_avg": 2.9,
            "equity": 752984,
            "current_ratio": null,
            "debt_ratio": null,
            "inventory_turnover_ratio": null,
            "account_receivable_turnover_ratio": null,
            "reinvestment_rate": null,
            "research_to_sale_ratio": null,
            "price_fair": 0,
            "eps_avg_yearly": 0,
            "eps_latest_yearly": 0,
            "eps_growth_yearly": 0
        },
        "20113": {
            "year_quarter": 20113,
            "year": 2011,
            "quarter": 3,
            "eps": null,
            "eps_growth_year": null,
            "eps_4q": null,
            "eps_4q_growth_year": null,
            "roe": null,
            "roe_4q": 0,
            "gross_profit": null,
            "gross_margin": null,
            "gross_margin_4q_avg": 0,
            "net_income": null,
            "net_income_4q": null,
            "revenue": null,
            "revenue_4q": null,
            "common_shares": null,
            "book_valuer_per_share": null,
            "book_valuer_per_share_4q_avg": 2.9,
            "equity": null,
            "current_ratio": null,
            "debt_ratio": null,
            "inventory_turnover_ratio": null,
            "account_receivable_turnover_ratio": null,
            "reinvestment_rate": null,
            "research_to_sale_ratio": null,
            "price_fair": 0,
            "eps_avg_yearly": 0,
            "eps_latest_yearly": 0,
            "eps_growth_yearly": 0
        },
        "20114": {
            "year_quarter": 20114,
            "year": 2011,
            "quarter": 4,
            "eps": null,
            "eps_growth_year": null,
            "eps_4q": null,
            "eps_4q_growth_year": null,
            "roe": null,
            "roe_4q": 0,
            "gross_profit": null,
            "gross_margin": null,
            "gross_margin_4q_avg": 0,
            "net_income": null,
            "net_income_4q": null,
            "revenue": null,
            "revenue_4q": null,
            "common_shares": 860000,
            "book_valuer_per_share": 10.06,
            "book_valuer_per_share_4q_avg": 2.52,
            "equity": 865487,
            "current_ratio": 142.66,
            "debt_ratio": 44.96,
            "inventory_turnover_ratio": null,
            "account_receivable_turnover_ratio": null,
            "reinvestment_rate": null,
            "research_to_sale_ratio": null,
            "price_fair": 0,
            "eps_avg_yearly": 0,
            "eps_latest_yearly": 0,
            "eps_growth_yearly": 0
        },
        "20121": {
            "year_quarter": 20121,
            "year": 2012,
            "quarter": 1,
            "eps": null,
            "eps_growth_year": null,
            "eps_4q": null,
            "eps_4q_growth_year": null,
            "roe": null,
            "roe_4q": 0,
            "gross_profit": 147124,
            "gross_margin": null,
            "gross_margin_4q_avg": 0,
            "net_income": 50572,
            "net_income_4q": null,
            "revenue": 631875,
            "revenue_4q": null,
            "common_shares": 860000,
            "book_valuer_per_share": null,
            "book_valuer_per_share_4q_avg": 2.52,
            "equity": 898809,
            "current_ratio": null,
            "debt_ratio": null,
            "inventory_turnover_ratio": null,
            "account_receivable_turnover_ratio": null,
            "reinvestment_rate": null,
            "research_to_sale_ratio": null,
            "price_fair": 0,
            "eps_avg_yearly": 0,
            "eps_latest_yearly": 0,
            "eps_growth_yearly": 0
        },
        "20122": {
            "year_quarter": 20122,
            "year": 2012,
            "quarter": 2,
            "eps": null,
            "eps_growth_year": null,
            "eps_4q": null,
            "eps_4q_growth_year": null,
            "roe": null,
            "roe_4q": 0,
            "gross_profit": 145043,
            "gross_margin": null,
            "gross_margin_4q_avg": 0,
            "net_income": 47137,
            "net_income_4q": null,
            "revenue": 617636,
            "revenue_4q": null,
            "common_shares": 860000,
            "book_valuer_per_share": 11.14,
            "book_valuer_per_share_4q_avg": 5.3,
            "equity": 957628,
            "current_ratio": 162.9,
            "debt_ratio": 40.24,
            "inventory_turnover_ratio": null,
            "account_receivable_turnover_ratio": null,
            "reinvestment_rate": null,
            "research_to_sale_ratio": null,
            "price_fair": 0,
            "eps_avg_yearly": 0,
            "eps_latest_yearly": 0,
            "eps_growth_yearly": 0
        },
        "20123": {
            "year_quarter": 20123,
            "year": 2012,
            "quarter": 3,
            "eps": null,
            "eps_growth_year": null,
            "eps_4q": null,
            "eps_4q_growth_year": null,
            "roe": null,
            "roe_4q": 0,
            "gross_profit": 148198,
            "gross_margin": null,
            "gross_margin_4q_avg": 0,
            "net_income": 50909,
            "net_income_4q": null,
            "revenue": 653877,
            "revenue_4q": null,
            "common_shares": 860000,
            "book_valuer_per_share": null,
            "book_valuer_per_share_4q_avg": 5.3,
            "equity": 996610,
            "current_ratio": null,
            "debt_ratio": null,
            "inventory_turnover_ratio": null,
            "account_receivable_turnover_ratio": null,
            "reinvestment_rate": null,
            "research_to_sale_ratio": null,
            "price_fair": 0,
            "eps_avg_yearly": 0,
            "eps_latest_yearly": 0,
            "eps_growth_yearly": 0
        },
        "20124": {
            "year_quarter": 20124,
            "year": 2012,
            "quarter": 4,
            "eps": null,
            "eps_growth_year": null,
            "eps_4q": null,
            "eps_4q_growth_year": null,
            "roe": null,
            "roe_4q": 0,
            "gross_profit": 159280,
            "gross_margin": null,
            "gross_margin_4q_avg": 0,
            "net_income": 89075,
            "net_income_4q": null,
            "revenue": 647547,
            "revenue_4q": null,
            "common_shares": 860000,
            "book_valuer_per_share": 12.82,
            "book_valuer_per_share_4q_avg": 5.99,
            "equity": 1102829,
            "current_ratio": 171.57,
            "debt_ratio": 39.31,
            "inventory_turnover_ratio": null,
            "account_receivable_turnover_ratio": null,
            "reinvestment_rate": null,
            "research_to_sale_ratio": null,
            "price_fair": 0,
            "eps_avg_yearly": 0,
            "eps_latest_yearly": 0,
            "eps_growth_yearly": 0
        },
        "20131": {
            "year_quarter": 20131,
            "year": 2013,
            "quarter": 1,
            "eps": 0.73,
            "eps_growth_year": null,
            "eps_4q": 0.73,
            "eps_4q_growth_year": null,
            "roe": 5.55,
            "roe_4q": 5.55,
            "gross_profit": 159841,
            "gross_margin": 23.62,
            "gross_margin_4q_avg": 5.91,
            "net_income": 62675,
            "net_income_4q": null,
            "revenue": 676803,
            "revenue_4q": null,
            "common_shares": 860000,
            "book_valuer_per_share": 13.43,
            "book_valuer_per_share_4q_avg": 9.35,
            "equity": 1155329,
            "current_ratio": 206.25,
            "debt_ratio": 34.94,
            "inventory_turnover_ratio": null,
            "account_receivable_turnover_ratio": 1.77,
            "reinvestment_rate": null,
            "research_to_sale_ratio": null,
            "price_fair": 0,
            "eps_avg_yearly": 0,
            "eps_latest_yearly": 0,
            "eps_growth_yearly": 0
        },
        "20132": {
            "year_quarter": 20132,
            "year": 2013,
            "quarter": 2,
            "eps": 0.49,
            "eps_growth_year": null,
            "eps_4q": 1.22,
            "eps_4q_growth_year": null,
            "roe": 3.86,
            "roe_4q": 9.41,
            "gross_profit": 139225,
            "gross_margin": 22.07,
            "gross_margin_4q_avg": 11.42,
            "net_income": 42097,
            "net_income_4q": null,
            "revenue": 630721,
            "revenue_4q": null,
            "common_shares": 860000,
            "book_valuer_per_share": 11.92,
            "book_valuer_per_share_4q_avg": 9.54,
            "equity": 1025187,
            "current_ratio": 196.05,
            "debt_ratio": 35.25,
            "inventory_turnover_ratio": null,
            "account_receivable_turnover_ratio": 1.71,
            "reinvestment_rate": null,
            "research_to_sale_ratio": null,
            "price_fair": 5.88,
            "eps_avg_yearly": 1.96,
            "eps_latest_yearly": 1.96,
            "eps_growth_yearly": -131.51
        },
        "20133": {
            "year_quarter": 20133,
            "year": 2013,
            "quarter": 3,
            "eps": 0.33,
            "eps_growth_year": null,
            "eps_4q": 1.55,
            "eps_4q_growth_year": null,
            "roe": 2.71,
            "roe_4q": 12.120000000000001,
            "gross_profit": 124064,
            "gross_margin": 19.81,
            "gross_margin_4q_avg": 16.38,
            "net_income": 28169,
            "net_income_4q": null,
            "revenue": 626159,
            "revenue_4q": null,
            "common_shares": 860000,
            "book_valuer_per_share": 12.25,
            "book_valuer_per_share_4q_avg": 12.61,
            "equity": 1053184,
            "current_ratio": 193.03,
            "debt_ratio": 36.65,
            "inventory_turnover_ratio": null,
            "account_receivable_turnover_ratio": 1.71,
            "reinvestment_rate": null,
            "research_to_sale_ratio": null,
            "price_fair": 4.92,
            "eps_avg_yearly": 1.64,
            "eps_latest_yearly": 1.32,
            "eps_growth_yearly": -131.06
        },
        "20134": {
            "year_quarter": 20134,
            "year": 2013,
            "quarter": 4,
            "eps": 0.54,
            "eps_growth_year": null,
            "eps_4q": 1.93,
            "eps_4q_growth_year": null,
            "roe": 4.05,
            "roe_4q": 16.169999999999998,
            "gross_profit": 157098,
            "gross_margin": 24.44,
            "gross_margin_4q_avg": 22.49,
            "net_income": 51759,
            "net_income_4q": null,
            "revenue": 642854,
            "revenue_4q": null,
            "common_shares": 954670,
            "book_valuer_per_share": 15.74,
            "book_valuer_per_share_4q_avg": 13.34,
            "equity": 1502242,
            "current_ratio": 307.4,
            "debt_ratio": 25.08,
            "inventory_turnover_ratio": null,
            "account_receivable_turnover_ratio": 1.73,
            "reinvestment_rate": null,
            "research_to_sale_ratio": null,
            "price_fair": 5.44,
            "eps_avg_yearly": 1.81,
            "eps_latest_yearly": 2.16,
            "eps_growth_yearly": -2.52
        },
        "20141": {
            "year_quarter": 20141,
            "year": 2014,
            "quarter": 1,
            "eps": 0.45,
            "eps_growth_year": -38.36,
            "eps_4q": 1.73,
            "eps_4q_growth_year": 136.86,
            "roe": 2.72,
            "roe_4q": 13.34,
            "gross_profit": 142711,
            "gross_margin": 22.1,
            "gross_margin_4q_avg": 22.11,
            "net_income": 42768,
            "net_income_4q": null,
            "revenue": 645764,
            "revenue_4q": null,
            "common_shares": 954670,
            "book_valuer_per_share": 17.26,
            "book_valuer_per_share_4q_avg": 14.29,
            "equity": 1647566,
            "current_ratio": 275.77,
            "debt_ratio": 27.23,
            "inventory_turnover_ratio": null,
            "account_receivable_turnover_ratio": 1.79,
            "reinvestment_rate": null,
            "research_to_sale_ratio": null,
            "price_fair": 5.43,
            "eps_avg_yearly": 1.81,
            "eps_latest_yearly": 1.8,
            "eps_growth_yearly": -18.56
        },
        "20142": {
            "year_quarter": 20142,
            "year": 2014,
            "quarter": 2,
            "eps": 0.39,
            "eps_growth_year": -20.41,
            "eps_4q": 1.68,
            "eps_4q_growth_year": 37.87,
            "roe": 2.3,
            "roe_4q": 11.780000000000001,
            "gross_profit": 130081,
            "gross_margin": 20.66,
            "gross_margin_4q_avg": 21.75,
            "net_income": 37653,
            "net_income_4q": null,
            "revenue": 629775,
            "revenue_4q": null,
            "common_shares": 954670,
            "book_valuer_per_share": 16.98,
            "book_valuer_per_share_4q_avg": 15.56,
            "equity": 1621263,
            "current_ratio": 220.7,
            "debt_ratio": 32.98,
            "inventory_turnover_ratio": null,
            "account_receivable_turnover_ratio": 1.77,
            "reinvestment_rate": null,
            "research_to_sale_ratio": null,
            "price_fair": 5.28,
            "eps_avg_yearly": 1.76,
            "eps_latest_yearly": 1.56,
            "eps_growth_yearly": -25.51
        },
        "20143": {
            "year_quarter": 20143,
            "year": 2014,
            "quarter": 3,
            "eps": 0.19,
            "eps_growth_year": -42.42,
            "eps_4q": 1.57,
            "eps_4q_growth_year": 1.87,
            "roe": 1.11,
            "roe_4q": 10.18,
            "gross_profit": 112285,
            "gross_margin": 17.45,
            "gross_margin_4q_avg": 21.16,
            "net_income": 18150,
            "net_income_4q": null,
            "revenue": 643419,
            "revenue_4q": null,
            "common_shares": 954670,
            "book_valuer_per_share": 17.23,
            "book_valuer_per_share_4q_avg": 16.8,
            "equity": 1645017,
            "current_ratio": 301.3,
            "debt_ratio": 22.23,
            "inventory_turnover_ratio": null,
            "account_receivable_turnover_ratio": 1.75,
            "reinvestment_rate": null,
            "research_to_sale_ratio": null,
            "price_fair": 4.78,
            "eps_avg_yearly": 1.59,
            "eps_latest_yearly": 0.76,
            "eps_growth_yearly": -55.45
        },
        "20144": {
            "year_quarter": 20144,
            "year": 2014,
            "quarter": 4,
            "eps": 0.6,
            "eps_growth_year": 10.93,
            "eps_4q": 1.63,
            "eps_4q_growth_year": -15.54,
            "roe": 3.32,
            "roe_4q": 9.45,
            "gross_profit": 133855,
            "gross_margin": 20.65,
            "gross_margin_4q_avg": 20.22,
            "net_income": 57418,
            "net_income_4q": null,
            "revenue": 648312,
            "revenue_4q": null,
            "common_shares": 954670,
            "book_valuer_per_share": 18.99,
            "book_valuer_per_share_4q_avg": 17.62,
            "equity": 1812963,
            "current_ratio": 293.58,
            "debt_ratio": 23.27,
            "inventory_turnover_ratio": null,
            "account_receivable_turnover_ratio": 1.71,
            "reinvestment_rate": null,
            "research_to_sale_ratio": null,
            "price_fair": 59.8,
            "eps_avg_yearly": 1.71,
            "eps_latest_yearly": 2.4,
            "eps_growth_yearly": 75.78
        },
        "20151": {
            "year_quarter": 20151,
            "year": 2015,
            "quarter": 1,
            "eps": 0.45,
            "eps_growth_year": 0,
            "eps_4q": 1.63,
            "eps_4q_growth_year": -5.49,
            "roe": 2.38,
            "roe_4q": 9.11,
            "gross_profit": 142235,
            "gross_margin": 21.31,
            "gross_margin_4q_avg": 20.02,
            "net_income": 42521,
            "net_income_4q": null,
            "revenue": 667320,
            "revenue_4q": null,
            "common_shares": 954670,
            "book_valuer_per_share": 18.36,
            "book_valuer_per_share_4q_avg": 17.89,
            "equity": 1753055,
            "current_ratio": 323.7,
            "debt_ratio": 21.62,
            "inventory_turnover_ratio": null,
            "account_receivable_turnover_ratio": 1.78,
            "reinvestment_rate": null,
            "research_to_sale_ratio": null,
            "price_fair": 60.2,
            "eps_avg_yearly": 1.72,
            "eps_latest_yearly": 1.8,
            "eps_growth_yearly": 53.81
        },
        "20152": {
            "year_quarter": 20152,
            "year": 2015,
            "quarter": 2,
            "eps": 0.58,
            "eps_growth_year": 48.72,
            "eps_4q": 1.81,
            "eps_4q_growth_year": 8.04,
            "roe": 3.21,
            "roe_4q": 10.02,
            "gross_profit": 111202,
            "gross_margin": 17.48,
            "gross_margin_4q_avg": 19.22,
            "net_income": 55152,
            "net_income_4q": null,
            "revenue": 636051,
            "revenue_4q": null,
            "common_shares": 954670,
            "book_valuer_per_share": 17.68,
            "book_valuer_per_share_4q_avg": 18.07,
            "equity": 1687940,
            "current_ratio": 263.87,
            "debt_ratio": 26.47,
            "inventory_turnover_ratio": null,
            "account_receivable_turnover_ratio": 1.76,
            "reinvestment_rate": null,
            "research_to_sale_ratio": null,
            "price_fair": 62.53,
            "eps_avg_yearly": 1.79,
            "eps_latest_yearly": 2.32,
            "eps_growth_yearly": 60.67
        },
        "20153": {
            "year_quarter": 20153,
            "year": 2015,
            "quarter": 3,
            "eps": 0.07,
            "eps_growth_year": -63.16,
            "eps_4q": 1.7,
            "eps_4q_growth_year": 7.78,
            "roe": 0.42,
            "roe_4q": 9.33,
            "gross_profit": 101760,
            "gross_margin": 15.72,
            "gross_margin_4q_avg": 18.79,
            "net_income": 6934,
            "net_income_4q": null,
            "revenue": 647271,
            "revenue_4q": null,
            "common_shares": 954670,
            "book_valuer_per_share": 16.87,
            "book_valuer_per_share_4q_avg": 17.98,
            "equity": 1610251,
            "current_ratio": 303.63,
            "debt_ratio": 22.98,
            "inventory_turnover_ratio": null,
            "account_receivable_turnover_ratio": 1.77,
            "reinvestment_rate": null,
            "research_to_sale_ratio": null,
            "price_fair": 48.15,
            "eps_avg_yearly": 1.64,
            "eps_latest_yearly": 0.28,
            "eps_growth_yearly": 19.43
        },
        "20154": {
            "year_quarter": 20154,
            "year": 2015,
            "quarter": 4,
            "eps": -0.04,
            "eps_growth_year": -105.9,
            "eps_4q": 1.06,
            "eps_4q_growth_year": -35.11,
            "roe": -0.21,
            "roe_4q": 5.8,
            "gross_profit": 119171,
            "gross_margin": 18.69,
            "gross_margin_4q_avg": 18.3,
            "net_income": -3386,
            "net_income_4q": null,
            "revenue": 637526,
            "revenue_4q": null,
            "common_shares": 954670,
            "book_valuer_per_share": 17.01,
            "book_valuer_per_share_4q_avg": 17.48,
            "equity": 1623609,
            "current_ratio": 283.26,
            "debt_ratio": 25.61,
            "inventory_turnover_ratio": null,
            "account_receivable_turnover_ratio": 1.75,
            "reinvestment_rate": 28.61,
            "research_to_sale_ratio": null,
            "price_fair": 48.15,
            "eps_avg_yearly": 1.64,
            "eps_latest_yearly": 0.28,
            "eps_growth_yearly": 19.43
        },
        "20161": {
            "year_quarter": 20161,
            "year": 2016,
            "quarter": 1,
            "eps": 0.5,
            "eps_growth_year": 11.11,
            "eps_4q": 1.12,
            "eps_4q_growth_year": -31.46,
            "roe": 2.92,
            "roe_4q": 6.34,
            "gross_profit": 129593,
            "gross_margin": 19.27,
            "gross_margin_4q_avg": 17.79,
            "net_income": 48040,
            "net_income_4q": null,
            "revenue": 672360,
            "revenue_4q": null,
            "common_shares": 954670,
            "book_valuer_per_share": 17.52,
            "book_valuer_per_share_4q_avg": 17.27,
            "equity": 1672193,
            "current_ratio": 307.41,
            "debt_ratio": 23.28,
            "inventory_turnover_ratio": 783.21,
            "account_receivable_turnover_ratio": 1.87,
            "reinvestment_rate": 58.6,
            "research_to_sale_ratio": null,
            "price_fair": 48.15,
            "eps_avg_yearly": 1.64,
            "eps_latest_yearly": 0.28,
            "eps_growth_yearly": 19.43
        },
        "20162": {
            "year_quarter": 20162,
            "year": 2016,
            "quarter": 2,
            "eps": 0.21,
            "eps_growth_year": -63.79,
            "eps_4q": 0.75,
            "eps_4q_growth_year": -58.63,
            "roe": 1.21,
            "roe_4q": 4.34,
            "gross_profit": 112933,
            "gross_margin": 17.63,
            "gross_margin_4q_avg": 17.83,
            "net_income": 20074,
            "net_income_4q": null,
            "revenue": 640598,
            "revenue_4q": null,
            "common_shares": 954670,
            "book_valuer_per_share": 17.11,
            "book_valuer_per_share_4q_avg": 17.13,
            "equity": 1633046,
            "current_ratio": 276.89,
            "debt_ratio": 26.2,
            "inventory_turnover_ratio": 417.29,
            "account_receivable_turnover_ratio": 1.8,
            "reinvestment_rate": 27.8,
            "research_to_sale_ratio": null,
            "price_fair": 4.69,
            "eps_avg_yearly": 1.56,
            "eps_latest_yearly": 0.84,
            "eps_growth_yearly": -3.43
        },
        "20163": {
            "year_quarter": 20163,
            "year": 2016,
            "quarter": 3,
            "eps": 0.08,
            "eps_growth_year": 14.29,
            "eps_4q": 0.76,
            "eps_4q_growth_year": -55.04,
            "roe": 0.5,
            "roe_4q": 4.42,
            "gross_profit": 110152,
            "gross_margin": 16.66,
            "gross_margin_4q_avg": 18.06,
            "net_income": 8111,
            "net_income_4q": null,
            "revenue": 661001,
            "revenue_4q": null,
            "common_shares": 954670,
            "book_valuer_per_share": 17.16,
            "book_valuer_per_share_4q_avg": 17.2,
            "equity": 1638648,
            "current_ratio": 308.76,
            "debt_ratio": 23.12,
            "inventory_turnover_ratio": 492.71,
            "account_receivable_turnover_ratio": 1.85,
            "reinvestment_rate": 66.2,
            "research_to_sale_ratio": null,
            "price_fair": 4.38,
            "eps_avg_yearly": 1.46,
            "eps_latest_yearly": 0.32,
            "eps_growth_yearly": -23.78
        },
        "20164": {
            "year_quarter": 20164,
            "year": 2016,
            "quarter": 4,
            "eps": 0.07,
            "eps_growth_year": null,
            "eps_4q": 0.87,
            "eps_4q_growth_year": -17.84,
            "roe": 0.43,
            "roe_4q": 5.06,
            "gross_profit": 110794,
            "gross_margin": 16.68,
            "gross_margin_4q_avg": 17.56,
            "net_income": 6937,
            "net_income_4q": null,
            "revenue": 664280,
            "revenue_4q": null,
            "common_shares": 954670,
            "book_valuer_per_share": 17.01,
            "book_valuer_per_share_4q_avg": 17.2,
            "equity": 1623999,
            "current_ratio": 269.4,
            "debt_ratio": 27.59,
            "inventory_turnover_ratio": 163.8,
            "account_receivable_turnover_ratio": 1.78,
            "reinvestment_rate": 24.92,
            "research_to_sale_ratio": null,
            "price_fair": 4.11,
            "eps_avg_yearly": 1.37,
            "eps_latest_yearly": 0.28,
            "eps_growth_yearly": -25.79
        },
        "20171": {
            "year_quarter": 20171,
            "year": 2017,
            "quarter": 1,
            "eps": 0.52,
            "eps_growth_year": 4,
            "eps_4q": 0.89,
            "eps_4q_growth_year": -20.4,
            "roe": 3.04,
            "roe_4q": 5.18,
            "gross_profit": 121521,
            "gross_margin": 17.1,
            "gross_margin_4q_avg": 17.02,
            "net_income": 49838,
            "net_income_4q": null,
            "revenue": 710616,
            "revenue_4q": null,
            "common_shares": 954670,
            "book_valuer_per_share": 17.38,
            "book_valuer_per_share_4q_avg": 17.17,
            "equity": 1658794,
            "current_ratio": 289.83,
            "debt_ratio": 26.38,
            "inventory_turnover_ratio": 97.37,
            "account_receivable_turnover_ratio": 1.96,
            "reinvestment_rate": 9.68,
            "research_to_sale_ratio": null,
            "price_fair": 49.7,
            "eps_avg_yearly": 1.42,
            "eps_latest_yearly": 2.08,
            "eps_growth_yearly": 159.72
        },
        "20172": {
            "year_quarter": 20172,
            "year": 2017,
            "quarter": 2,
            "eps": 0.48,
            "eps_growth_year": 128.57,
            "eps_4q": 1.16,
            "eps_4q_growth_year": 54.37,
            "roe": 2.77,
            "roe_4q": 6.74,
            "gross_profit": 138074,
            "gross_margin": 19.22,
            "gross_margin_4q_avg": 17.42,
            "net_income": 45737,
            "net_income_4q": null,
            "revenue": 718239,
            "revenue_4q": null,
            "common_shares": 954670,
            "book_valuer_per_share": 17.17,
            "book_valuer_per_share_4q_avg": 17.18,
            "equity": 1639536,
            "current_ratio": 263.53,
            "debt_ratio": 29.65,
            "inventory_turnover_ratio": 92.93,
            "account_receivable_turnover_ratio": 1.96,
            "reinvestment_rate": 5.87,
            "research_to_sale_ratio": null,
            "price_fair": 49.6,
            "eps_avg_yearly": 1.42,
            "eps_latest_yearly": 1.92,
            "eps_growth_yearly": 166.92
        },
        "20173": {
            "year_quarter": 20173,
            "year": 2017,
            "quarter": 3,
            "eps": 0.23,
            "eps_growth_year": 187.5,
            "eps_4q": 1.3,
            "eps_4q_growth_year": 70.41,
            "roe": 1.31,
            "roe_4q": 7.55,
            "gross_profit": 136308,
            "gross_margin": 16.79,
            "gross_margin_4q_avg": 17.45,
            "net_income": 21613,
            "net_income_4q": null,
            "revenue": 811861,
            "revenue_4q": null,
            "common_shares": 954670,
            "book_valuer_per_share": 17.42,
            "book_valuer_per_share_4q_avg": 17.25,
            "equity": 1663202,
            "current_ratio": 241.13,
            "debt_ratio": 32.11,
            "inventory_turnover_ratio": 68.02,
            "account_receivable_turnover_ratio": 1.93,
            "reinvestment_rate": 14.52,
            "research_to_sale_ratio": null,
            "price_fair": 48.6,
            "eps_avg_yearly": 1.39,
            "eps_latest_yearly": 0.92,
            "eps_growth_yearly": 161.37
        },
        "20174": {
            "year_quarter": 20174,
            "year": 2017,
            "quarter": 4,
            "eps": 0.01,
            "eps_growth_year": -82.37,
            "eps_4q": 1.24,
            "eps_4q_growth_year": 42.39,
            "roe": 0.07,
            "roe_4q": 7.19,
            "gross_profit": 105647,
            "gross_margin": 12.9,
            "gross_margin_4q_avg": 16.5,
            "net_income": 1223,
            "net_income_4q": null,
            "revenue": 818894,
            "revenue_4q": null,
            "common_shares": 954670,
            "book_valuer_per_share": 17.42,
            "book_valuer_per_share_4q_avg": 17.35,
            "equity": 1662842,
            "current_ratio": 235.19,
            "debt_ratio": 31.9,
            "inventory_turnover_ratio": 52.62,
            "account_receivable_turnover_ratio": 1.69,
            "reinvestment_rate": 29.85,
            "research_to_sale_ratio": null,
            "price_fair": 43.3,
            "eps_avg_yearly": 1.24,
            "eps_latest_yearly": 0.04,
            "eps_growth_yearly": 115.85
        },
        "20181": {
            "year_quarter": 20181,
            "year": 2018,
            "quarter": 1,
            "eps": 0.16,
            "eps_growth_year": -69.23,
            "eps_4q": 0.88,
            "eps_4q_growth_year": -0.99,
            "roe": 0.92,
            "roe_4q": 5.07,
            "gross_profit": 129974,
            "gross_margin": 15.12,
            "gross_margin_4q_avg": 16.01,
            "net_income": 15543,
            "net_income_4q": null,
            "revenue": 859686,
            "revenue_4q": null,
            "common_shares": 954670,
            "book_valuer_per_share": 17.84,
            "book_valuer_per_share_4q_avg": 17.46,
            "equity": 1703375,
            "current_ratio": 243.62,
            "debt_ratio": 31.03,
            "inventory_turnover_ratio": 55.82,
            "account_receivable_turnover_ratio": 1.82,
            "reinvestment_rate": -16.29,
            "research_to_sale_ratio": null,
            "price_fair": 40.4,
            "eps_avg_yearly": 1.15,
            "eps_latest_yearly": 0.64,
            "eps_growth_yearly": 549.19
        },
        "20182": {
            "year_quarter": 20182,
            "year": 2018,
            "quarter": 2,
            "eps": 0.17,
            "eps_growth_year": -64.58,
            "eps_4q": 0.57,
            "eps_4q_growth_year": -50.4,
            "roe": 1,
            "roe_4q": 3.3,
            "gross_profit": 117591,
            "gross_margin": 14.39,
            "gross_margin_4q_avg": 14.8,
            "net_income": 16487,
            "net_income_4q": null,
            "revenue": 817352,
            "revenue_4q": null,
            "common_shares": 954670,
            "book_valuer_per_share": 16.7,
            "book_valuer_per_share_4q_avg": 17.35,
            "equity": 1594376,
            "current_ratio": 218.5,
            "debt_ratio": 34.52,
            "inventory_turnover_ratio": 57.92,
            "account_receivable_turnover_ratio": 1.74,
            "reinvestment_rate": -37.12,
            "research_to_sale_ratio": null,
            "price_fair": 38.2,
            "eps_avg_yearly": 1.09,
            "eps_latest_yearly": 0.68,
            "eps_growth_yearly": 554.78
        },
        "20183": {
            "year_quarter": 20183,
            "year": 2018,
            "quarter": 3,
            "eps": 0.12,
            "eps_growth_year": -47.83,
            "eps_4q": 0.47,
            "eps_4q_growth_year": -63.74,
            "roe": 0.74,
            "roe_4q": 2.73,
            "gross_profit": 118806,
            "gross_margin": 14.19,
            "gross_margin_4q_avg": 14.15,
            "net_income": 11760,
            "net_income_4q": null,
            "revenue": 837406,
            "revenue_4q": null,
            "common_shares": 954670,
            "book_valuer_per_share": 16.64,
            "book_valuer_per_share_4q_avg": 17.15,
            "equity": 1588369,
            "current_ratio": 232.6,
            "debt_ratio": 31.17,
            "inventory_turnover_ratio": 70.49,
            "account_receivable_turnover_ratio": 1.61,
            "reinvestment_rate": -23.36,
            "research_to_sale_ratio": null,
            "price_fair": 37.5,
            "eps_avg_yearly": 1.07,
            "eps_latest_yearly": 0.48,
            "eps_growth_yearly": 561.03
        },
        "20184": {
            "year_quarter": 20184,
            "year": 2018,
            "quarter": 4,
            "eps": 0.26,
            "eps_growth_year": 1918.35,
            "eps_4q": 0.72,
            "eps_4q_growth_year": -42.17,
            "roe": 1.54,
            "roe_4q": 4.2,
            "gross_profit": 140620,
            "gross_margin": 16.61,
            "gross_margin_4q_avg": 15.08,
            "net_income": 24685,
            "net_income_4q": null,
            "revenue": 846503,
            "revenue_4q": null,
            "common_shares": 954670,
            "book_valuer_per_share": 16.91,
            "book_valuer_per_share_4q_avg": 17.02,
            "equity": 1614210,
            "current_ratio": 220.84,
            "debt_ratio": 32.25,
            "inventory_turnover_ratio": 66.23,
            "account_receivable_turnover_ratio": 1.59,
            "reinvestment_rate": -38.28,
            "research_to_sale_ratio": null,
            "price_fair": 34.1,
            "eps_avg_yearly": 0.97,
            "eps_latest_yearly": 1.04,
            "eps_growth_yearly": 532.71
        },
        "20191": {
            "year_quarter": 20191,
            "year": 2019,
            "quarter": 1,
            "eps": 0.4,
            "eps_growth_year": 150,
            "eps_4q": 0.95,
            "eps_4q_growth_year": 7.79,
            "roe": 2.31,
            "roe_4q": 5.59,
            "gross_profit": 150655,
            "gross_margin": 16.82,
            "gross_margin_4q_avg": 15.5,
            "net_income": 37734,
            "net_income_4q": null,
            "revenue": 895500,
            "revenue_4q": null,
            "common_shares": 954670,
            "book_valuer_per_share": 17.26,
            "book_valuer_per_share_4q_avg": 16.88,
            "equity": 1648119,
            "current_ratio": 195.32,
            "debt_ratio": 53.47,
            "inventory_turnover_ratio": 61.75,
            "account_receivable_turnover_ratio": 1.69,
            "reinvestment_rate": -31.17,
            "research_to_sale_ratio": null,
            "price_fair": 33.6,
            "eps_avg_yearly": 0.96,
            "eps_latest_yearly": 1.6,
            "eps_growth_yearly": 555.24
        },
        "20192": {
            "year_quarter": 20192,
            "year": 2019,
            "quarter": 2,
            "eps": 0.45,
            "eps_growth_year": 164.71,
            "eps_4q": 1.22,
            "eps_4q_growth_year": 112.7,
            "roe": 2.59,
            "roe_4q": 7.180000000000001,
            "gross_profit": 152466,
            "gross_margin": 16.83,
            "gross_margin_4q_avg": 16.11,
            "net_income": 42522,
            "net_income_4q": null,
            "revenue": 906022,
            "revenue_4q": null,
            "common_shares": 954670,
            "book_valuer_per_share": 17.15,
            "book_valuer_per_share_4q_avg": 16.99,
            "equity": 1637008,
            "current_ratio": 183.7,
            "debt_ratio": 54.74,
            "inventory_turnover_ratio": 65.95,
            "account_receivable_turnover_ratio": 1.63,
            "reinvestment_rate": -33.89,
            "research_to_sale_ratio": null,
            "price_fair": 32.3,
            "eps_avg_yearly": 0.92,
            "eps_latest_yearly": 1.8,
            "eps_growth_yearly": 550.56
        },
        "20193": {
            "year_quarter": 20193,
            "year": 2019,
            "quarter": 3,
            "eps": 0.45,
            "eps_growth_year": 275,
            "eps_4q": 1.54,
            "eps_4q_growth_year": 227.55,
            "roe": 2.56,
            "roe_4q": 9,
            "gross_profit": 158883,
            "gross_margin": 16.58,
            "gross_margin_4q_avg": 16.71,
            "net_income": 42499,
            "net_income_4q": null,
            "revenue": 958525,
            "revenue_4q": null,
            "common_shares": 954670,
            "book_valuer_per_share": 17.59,
            "book_valuer_per_share_4q_avg": 17.23,
            "equity": 1678988,
            "current_ratio": 192.96,
            "debt_ratio": 53.81,
            "inventory_turnover_ratio": 76.07,
            "account_receivable_turnover_ratio": 1.56,
            "reinvestment_rate": -25.83,
            "research_to_sale_ratio": null,
            "price_fair": 36.1,
            "eps_avg_yearly": 1.03,
            "eps_latest_yearly": 1.8,
            "eps_growth_yearly": 575.68
        },
        "20194": {
            "year_quarter": 20194,
            "year": 2019,
            "quarter": 4,
            "eps": 0.41,
            "eps_growth_year": 57.4,
            "eps_4q": 1.69,
            "eps_4q_growth_year": 136.01,
            "roe": 2.28,
            "roe_4q": 9.74,
            "gross_profit": 154925,
            "gross_margin": 16.27,
            "gross_margin_4q_avg": 16.63,
            "net_income": 38853,
            "net_income_4q": null,
            "revenue": 952473,
            "revenue_4q": null,
            "common_shares": 954670,
            "book_valuer_per_share": 18.11,
            "book_valuer_per_share_4q_avg": 17.53,
            "equity": 1729250,
            "current_ratio": 200.66,
            "debt_ratio": 51.69,
            "inventory_turnover_ratio": 74.21,
            "account_receivable_turnover_ratio": 1.58,
            "reinvestment_rate": -9.54,
            "research_to_sale_ratio": null,
            "price_fair": 37.52,
            "eps_avg_yearly": 1.07,
            "eps_latest_yearly": 1.64,
            "eps_growth_yearly": 534.93
        },
        "20201": {
            "year_quarter": 20201,
            "year": 2020,
            "quarter": 1,
            "eps": 0.57,
            "eps_growth_year": 42.5,
            "eps_4q": 1.87,
            "eps_4q_growth_year": 96.79,
            "roe": 3.09,
            "roe_4q": 10.52,
            "gross_profit": 174633,
            "gross_margin": 18.05,
            "gross_margin_4q_avg": 16.93,
            "net_income": 54544,
            "net_income_4q": null,
            "revenue": 967253,
            "revenue_4q": null,
            "common_shares": 954670,
            "book_valuer_per_share": 18.92,
            "book_valuer_per_share_4q_avg": 17.94,
            "equity": 1806693,
            "current_ratio": 195.79,
            "debt_ratio": 49.22,
            "inventory_turnover_ratio": 68.18,
            "account_receivable_turnover_ratio": 1.76,
            "reinvestment_rate": -11.12,
            "research_to_sale_ratio": null,
            "price_fair": 40.16,
            "eps_avg_yearly": 1.15,
            "eps_latest_yearly": 2.28,
            "eps_growth_yearly": 511.25
        },
        "20202": {
            "year_quarter": 20202,
            "year": 2020,
            "quarter": 2,
            "eps": 0.58,
            "eps_growth_year": 28.89,
            "eps_4q": 2,
            "eps_4q_growth_year": 63.5,
            "roe": 2.95,
            "roe_4q": 10.88,
            "gross_profit": 171898,
            "gross_margin": 17.49,
            "gross_margin_4q_avg": 17.1,
            "net_income": 54914,
            "net_income_4q": null,
            "revenue": 982955,
            "revenue_4q": null,
            "common_shares": 954670,
            "book_valuer_per_share": 20.12,
            "book_valuer_per_share_4q_avg": 18.69,
            "equity": 1920717,
            "current_ratio": 188.7,
            "debt_ratio": 47.53,
            "inventory_turnover_ratio": 73.57,
            "account_receivable_turnover_ratio": 1.74,
            "reinvestment_rate": -7.14,
            "research_to_sale_ratio": null,
            "price_fair": 43.4,
            "eps_avg_yearly": 1.24,
            "eps_latest_yearly": 2.32,
            "eps_growth_yearly": 526.19
        },
        "20203": {
            "year_quarter": 20203,
            "year": 2020,
            "quarter": 3,
            "eps": 0.48,
            "eps_growth_year": 6.67,
            "eps_4q": 2.04,
            "eps_4q_growth_year": 31.93,
            "roe": 2.37,
            "roe_4q": 10.69,
            "gross_profit": 166425,
            "gross_margin": 16.37,
            "gross_margin_4q_avg": 17.05,
            "net_income": 46209,
            "net_income_4q": null,
            "revenue": 1016722,
            "revenue_4q": null,
            "common_shares": 954670,
            "book_valuer_per_share": 20.75,
            "book_valuer_per_share_4q_avg": 19.48,
            "equity": 1980793,
            "current_ratio": 175.68,
            "debt_ratio": 47.69,
            "inventory_turnover_ratio": 69.34,
            "account_receivable_turnover_ratio": 1.7,
            "reinvestment_rate": 9.4,
            "research_to_sale_ratio": null,
            "price_fair": 46.9,
            "eps_avg_yearly": 1.34,
            "eps_latest_yearly": 1.92,
            "eps_growth_yearly": 537.36
        },
        "20204": {
            "year_quarter": 20204,
            "year": 2020,
            "quarter": 4,
            "eps": 0.56,
            "eps_growth_year": 37.31,
            "eps_4q": 2.19,
            "eps_4q_growth_year": 29.33,
            "roe": 2.69,
            "roe_4q": 11.100000000000001,
            "gross_profit": 172247,
            "gross_margin": 16.95,
            "gross_margin_4q_avg": 17.22,
            "net_income": 53348,
            "net_income_4q": null,
            "revenue": 1016379,
            "revenue_4q": null,
            "common_shares": 954670,
            "book_valuer_per_share": 20.78,
            "book_valuer_per_share_4q_avg": 20.14,
            "equity": 1984272,
            "current_ratio": 177.54,
            "debt_ratio": 48.33,
            "inventory_turnover_ratio": 72.67,
            "account_receivable_turnover_ratio": 1.68,
            "reinvestment_rate": 12.46,
            "research_to_sale_ratio": null,
            "price_fair": 51.19,
            "eps_avg_yearly": 1.46,
            "eps_latest_yearly": 2.24,
            "eps_growth_yearly": 544.65
        },
        "20211": {
            "year_quarter": 20211,
            "year": 2021,
            "quarter": 1,
            "eps": 0.64,
            "eps_growth_year": 12.28,
            "eps_4q": 2.26,
            "eps_4q_growth_year": 20.88,
            "roe": 2.9,
            "roe_4q": 10.91,
            "gross_profit": 189231,
            "gross_margin": 18.05,
            "gross_margin_4q_avg": 17.22,
            "net_income": 61194,
            "net_income_4q": null,
            "revenue": 1048305,
            "revenue_4q": null,
            "common_shares": 954670,
            "book_valuer_per_share": 23.47,
            "book_valuer_per_share_4q_avg": 21.28,
            "equity": 2240741,
            "current_ratio": 196.35,
            "debt_ratio": 43.9,
            "inventory_turnover_ratio": 82.19,
            "account_receivable_turnover_ratio": 1.8,
            "reinvestment_rate": 18.84,
            "research_to_sale_ratio": null,
            "price_fair": 52.24,
            "eps_avg_yearly": 1.49,
            "eps_latest_yearly": 2.56,
            "eps_growth_yearly": 387.51
        },
        "20212": {
            "year_quarter": 20212,
            "year": 2021,
            "quarter": 2,
            "eps": 0.83,
            "eps_growth_year": 43.1,
            "eps_4q": 2.51,
            "eps_4q_growth_year": 25.81,
            "roe": 3.19,
            "roe_4q": 11.149999999999999,
            "gross_profit": 210866,
            "gross_margin": 18.61,
            "gross_margin_4q_avg": 17.5,
            "net_income": 79315,
            "net_income_4q": null,
            "revenue": 1133057,
            "revenue_4q": null,
            "common_shares": 954670,
            "book_valuer_per_share": 28.67,
            "book_valuer_per_share_4q_avg": 23.42,
            "equity": 2737122,
            "current_ratio": 192,
            "debt_ratio": 40.84,
            "inventory_turnover_ratio": 76.48,
            "account_receivable_turnover_ratio": 1.78,
            "reinvestment_rate": 20.55,
            "research_to_sale_ratio": null,
            "price_fair": 55.3,
            "eps_avg_yearly": 1.58,
            "eps_latest_yearly": 3.32,
            "eps_growth_yearly": 396.85
        },
        "20213": {
            "year_quarter": 20213,
            "year": 2021,
            "quarter": 3,
            "eps": 0.6,
            "eps_growth_year": 25,
            "eps_4q": 2.62,
            "eps_4q_growth_year": 28.81,
            "roe": 2.08,
            "roe_4q": 10.86,
            "gross_profit": 179281,
            "gross_margin": 15.6,
            "gross_margin_4q_avg": 17.3,
            "net_income": 56711,
            "net_income_4q": null,
            "revenue": 1148892,
            "revenue_4q": null,
            "common_shares": 954670,
            "book_valuer_per_share": 28.38,
            "book_valuer_per_share_4q_avg": 25.33,
            "equity": 2709695,
            "current_ratio": 172.66,
            "debt_ratio": 44.83,
            "inventory_turnover_ratio": 87.61,
            "account_receivable_turnover_ratio": 1.67,
            "reinvestment_rate": 13.33,
            "research_to_sale_ratio": null,
            "price_fair": 58.54,
            "eps_avg_yearly": 1.67,
            "eps_latest_yearly": 2.4,
            "eps_growth_yearly": 402.94
        },
        "20214": {
            "year_quarter": 20214,
            "year": 2021,
            "quarter": 4,
            "eps": 0.45,
            "eps_growth_year": -18.87,
            "eps_4q": 2.52,
            "eps_4q_growth_year": 15.06,
            "roe": 1.59,
            "roe_4q": 9.76,
            "gross_profit": 173559,
            "gross_margin": 15.28,
            "gross_margin_4q_avg": 16.89,
            "net_income": 43281,
            "net_income_4q": null,
            "revenue": 1135883,
            "revenue_4q": null,
            "common_shares": 954670,
            "book_valuer_per_share": 28.81,
            "book_valuer_per_share_4q_avg": 27.33,
            "equity": 2750827,
            "current_ratio": 166.33,
            "debt_ratio": 45.1,
            "inventory_turnover_ratio": 85.35,
            "account_receivable_turnover_ratio": 1.6,
            "reinvestment_rate": 13.23,
            "research_to_sale_ratio": null,
            "price_fair": 62.39,
            "eps_avg_yearly": 1.78,
            "eps_latest_yearly": 1.8,
            "eps_growth_yearly": 420.61
        },
        "20221": {
            "year_quarter": 20221,
            "year": 2022,
            "quarter": 1,
            "eps": 0.38,
            "eps_growth_year": -40.62,
            "eps_4q": 2.26,
            "eps_4q_growth_year": -0.08,
            "roe": 1.41,
            "roe_4q": 8.27,
            "gross_profit": 162024,
            "gross_margin": 14.7,
            "gross_margin_4q_avg": 16.05,
            "net_income": 36188,
            "net_income_4q": null,
            "revenue": 1102211,
            "revenue_4q": null,
            "common_shares": 954670,
            "book_valuer_per_share": 24.96,
            "book_valuer_per_share_4q_avg": 27.71,
            "equity": 2382627,
            "current_ratio": 179,
            "debt_ratio": 47.4,
            "inventory_turnover_ratio": 74.49,
            "account_receivable_turnover_ratio": 1.61,
            "reinvestment_rate": 25.54,
            "research_to_sale_ratio": null,
            "price_fair": 64.31,
            "eps_avg_yearly": 1.84,
            "eps_latest_yearly": 1.52,
            "eps_growth_yearly": 41.72
        },
        "20222": {
            "year_quarter": 20222,
            "year": 2022,
            "quarter": 2,
            "eps": 0.74,
            "eps_growth_year": -10.84,
            "eps_4q": 2.17,
            "eps_4q_growth_year": -13.88,
            "roe": 3.13,
            "roe_4q": 8.21,
            "gross_profit": 187934,
            "gross_margin": 16.48,
            "gross_margin_4q_avg": 15.52,
            "net_income": 70563,
            "net_income_4q": null,
            "revenue": 1140680,
            "revenue_4q": null,
            "common_shares": 954670,
            "book_valuer_per_share": 22.33,
            "book_valuer_per_share_4q_avg": 26.12,
            "equity": 2131785,
            "current_ratio": 155.62,
            "debt_ratio": 52.58,
            "inventory_turnover_ratio": 75.84,
            "account_receivable_turnover_ratio": 1.74,
            "reinvestment_rate": 21.04,
            "research_to_sale_ratio": null,
            "price_fair": 69.3,
            "eps_avg_yearly": 1.98,
            "eps_latest_yearly": 2.96,
            "eps_growth_yearly": 63.84
        },
        "20223": {
            "year_quarter": 20223,
            "year": 2022,
            "quarter": 3,
            "eps": 0.35,
            "eps_growth_year": -41.67,
            "eps_4q": 1.92,
            "eps_4q_growth_year": -26.96,
            "roe": 1.57,
            "roe_4q": 7.7,
            "gross_profit": 161280,
            "gross_margin": 14.06,
            "gross_margin_4q_avg": 15.13,
            "net_income": 32979,
            "net_income_4q": null,
            "revenue": 1147015,
            "revenue_4q": null,
            "common_shares": 954670,
            "book_valuer_per_share": 21.78,
            "book_valuer_per_share_4q_avg": 24.47,
            "equity": 2078945,
            "current_ratio": 156.12,
            "debt_ratio": 53.19,
            "inventory_turnover_ratio": 71.73,
            "account_receivable_turnover_ratio": 1.68,
            "reinvestment_rate": 22.22,
            "research_to_sale_ratio": null,
            "price_fair": 71.31,
            "eps_avg_yearly": 2.04,
            "eps_latest_yearly": 1.4,
            "eps_growth_yearly": 58.02
        },
        "20224": {
            "year_quarter": 20224,
            "year": 2022,
            "quarter": 4,
            "eps": 0.38,
            "eps_growth_year": -15.18,
            "eps_4q": 1.85,
            "eps_4q_growth_year": -26.64,
            "roe": 1.72,
            "roe_4q": 7.83,
            "gross_profit": 162387,
            "gross_margin": 14.5,
            "gross_margin_4q_avg": 14.94,
            "net_income": 36712,
            "net_income_4q": null,
            "revenue": 1119800,
            "revenue_4q": null,
            "common_shares": 954670,
            "book_valuer_per_share": 23.03,
            "book_valuer_per_share_4q_avg": 23.03,
            "equity": 2198308,
            "current_ratio": 156.57,
            "debt_ratio": 51.91,
            "inventory_turnover_ratio": 64.64,
            "account_receivable_turnover_ratio": 1.61,
            "reinvestment_rate": 15.19,
            "research_to_sale_ratio": null,
            "price_fair": 72.36,
            "eps_avg_yearly": 2.07,
            "eps_latest_yearly": 1.52,
            "eps_growth_yearly": 30.99
        },
        "20231": {
            "year_quarter": 20231,
            "year": 2023,
            "quarter": 1,
            "eps": 0.02,
            "eps_growth_year": -94.74,
            "eps_4q": 1.49,
            "eps_4q_growth_year": -34.2,
            "roe": 0.07,
            "roe_4q": 6.49,
            "gross_profit": 116788,
            "gross_margin": 11.59,
            "gross_margin_4q_avg": 14.16,
            "net_income": 1549,
            "net_income_4q": null,
            "revenue": 1007852,
            "revenue_4q": null,
            "common_shares": 954670,
            "book_valuer_per_share": 26.11,
            "book_valuer_per_share_4q_avg": 23.31,
            "equity": 2492401,
            "current_ratio": 172.25,
            "debt_ratio": 46.12,
            "inventory_turnover_ratio": 63.71,
            "account_receivable_turnover_ratio": 1.57,
            "reinvestment_rate": 14.95,
            "research_to_sale_ratio": null,
            "price_fair": 5.92,
            "eps_avg_yearly": 1.97,
            "eps_latest_yearly": 0.08,
            "eps_growth_yearly": -6.15
        },
        "20232": {
            "year_quarter": 20232,
            "year": 2023,
            "quarter": 2,
            "eps": 0.46,
            "eps_growth_year": -37.84,
            "eps_4q": 1.2,
            "eps_4q_growth_year": -44.46,
            "roe": 1.81,
            "roe_4q": 5.17,
            "gross_profit": 139820,
            "gross_margin": 13.47,
            "gross_margin_4q_avg": 13.41,
            "net_income": 43585,
            "net_income_4q": null,
            "revenue": 1038136,
            "revenue_4q": null,
            "common_shares": 954670,
            "book_valuer_per_share": 24.25,
            "book_valuer_per_share_4q_avg": 23.79,
            "equity": 2315204,
            "current_ratio": 161.41,
            "debt_ratio": 47.9,
            "inventory_turnover_ratio": 71.21,
            "account_receivable_turnover_ratio": 1.74,
            "reinvestment_rate": 15.13,
            "research_to_sale_ratio": null,
            "price_fair": 69.13,
            "eps_avg_yearly": 1.98,
            "eps_latest_yearly": 1.84,
            "eps_growth_yearly": 540.72
        },
        "20233": {
            "year_quarter": 20233,
            "year": 2023,
            "quarter": 3,
            "eps": 0.33,
            "eps_growth_year": -5.71,
            "eps_4q": 1.19,
            "eps_4q_growth_year": -38.01,
            "roe": 1.39,
            "roe_4q": 4.99,
            "gross_profit": 153462,
            "gross_margin": 14.09,
            "gross_margin_4q_avg": 13.41,
            "net_income": 31608,
            "net_income_4q": null,
            "revenue": 1089467,
            "revenue_4q": null,
            "common_shares": 954670,
            "book_valuer_per_share": 23.47,
            "book_valuer_per_share_4q_avg": 24.22,
            "equity": 2240377,
            "current_ratio": 165.42,
            "debt_ratio": 48.75,
            "inventory_turnover_ratio": 72.78,
            "account_receivable_turnover_ratio": 1.61,
            "reinvestment_rate": 14.72,
            "research_to_sale_ratio": null,
            "price_fair": 68.08,
            "eps_avg_yearly": 1.95,
            "eps_latest_yearly": 1.32,
            "eps_growth_yearly": 533.66
        }
    },
    "months": {
        "2012-12": {
            "month": "2012-12",
            "price": "29.65",
            "revenue": 232942
        },
        "2013-01": {
            "month": "2013-01",
            "price": "29.94",
            "revenue": 258398
        },
        "2013-02": {
            "month": "2013-02",
            "price": "29.60",
            "revenue": 228806
        },
        "2013-03": {
            "month": "2013-03",
            "price": "30.87",
            "revenue": 190184
        },
        "2013-04": {
            "month": "2013-04",
            "price": "32.47",
            "revenue": 207796
        },
        "2013-05": {
            "month": "2013-05",
            "price": "34.17",
            "revenue": 205905
        },
        "2013-06": {
            "month": "2013-06",
            "price": "35.01",
            "revenue": 216906
        },
        "2013-07": {
            "month": "2013-07",
            "price": "34.28",
            "revenue": 202547
        },
        "2013-08": {
            "month": "2013-08",
            "price": "36.90",
            "revenue": 199347
        },
        "2013-09": {
            "month": "2013-09",
            "price": "43.20",
            "revenue": 224522
        },
        "2013-10": {
            "month": "2013-10",
            "price": "52.44",
            "revenue": 195598
        },
        "2013-11": {
            "month": "2013-11",
            "price": "47.98",
            "revenue": 211057
        },
        "2013-12": {
            "month": "2013-12",
            "price": "67.34",
            "revenue": 236748
        },
        "2014-01": {
            "month": "2014-01",
            "price": "68.16",
            "revenue": 278668
        },
        "2014-02": {
            "month": "2014-02",
            "price": "63.47",
            "revenue": 187305
        },
        "2014-03": {
            "month": "2014-03",
            "price": "61.50",
            "revenue": 181529
        },
        "2014-04": {
            "month": "2014-04",
            "price": "57.75",
            "revenue": 201490
        },
        "2014-05": {
            "month": "2014-05",
            "price": "51.60",
            "revenue": 204705
        },
        "2014-06": {
            "month": "2014-06",
            "price": "48.35",
            "revenue": 223251
        },
        "2014-07": {
            "month": "2014-07",
            "price": "44.80",
            "revenue": 211159
        },
        "2014-08": {
            "month": "2014-08",
            "price": "46.52",
            "revenue": 209923
        },
        "2014-09": {
            "month": "2014-09",
            "price": "45.23",
            "revenue": 224384
        },
        "2014-10": {
            "month": "2014-10",
            "price": "47.00",
            "revenue": 194677
        },
        "2014-11": {
            "month": "2014-11",
            "price": "47.37",
            "revenue": 217455
        },
        "2014-12": {
            "month": "2014-12",
            "price": "48.67",
            "revenue": 240364
        },
        "2015-01": {
            "month": "2015-01",
            "price": "49.66",
            "revenue": 230620
        },
        "2015-02": {
            "month": "2015-02",
            "price": "47.40",
            "revenue": 244327
        },
        "2015-03": {
            "month": "2015-03",
            "price": "45.37",
            "revenue": 192353
        },
        "2015-04": {
            "month": "2015-04",
            "price": "42.68",
            "revenue": 201772
        },
        "2015-05": {
            "month": "2015-05",
            "price": "39.00",
            "revenue": 207015
        },
        "2015-06": {
            "month": "2015-06",
            "price": "33.55",
            "revenue": 227274
        },
        "2015-07": {
            "month": "2015-07",
            "price": "31.53",
            "revenue": 210012
        },
        "2015-08": {
            "month": "2015-08",
            "price": "28.42",
            "revenue": 205044
        },
        "2015-09": {
            "month": "2015-09",
            "price": "27.86",
            "revenue": 232225
        },
        "2015-10": {
            "month": "2015-10",
            "price": "30.83",
            "revenue": 188228
        },
        "2015-11": {
            "month": "2015-11",
            "price": "31.36",
            "revenue": 214805
        },
        "2015-12": {
            "month": "2015-12",
            "price": "28.93",
            "revenue": 234494
        },
        "2016-01": {
            "month": "2016-01",
            "price": "26.82",
            "revenue": 254797
        },
        "2016-02": {
            "month": "2016-02",
            "price": "27.05",
            "revenue": 222110
        },
        "2016-03": {
            "month": "2016-03",
            "price": "27.77",
            "revenue": 195453
        },
        "2016-04": {
            "month": "2016-04",
            "price": "25.64",
            "revenue": 201408
        },
        "2016-05": {
            "month": "2016-05",
            "price": "23.92",
            "revenue": 218663
        },
        "2016-06": {
            "month": "2016-06",
            "price": "24.26",
            "revenue": 220527
        },
        "2016-07": {
            "month": "2016-07",
            "price": "25.32",
            "revenue": 212466
        },
        "2016-08": {
            "month": "2016-08",
            "price": "26.83",
            "revenue": 219940
        },
        "2016-09": {
            "month": "2016-09",
            "price": "26.16",
            "revenue": 228595
        },
        "2016-10": {
            "month": "2016-10",
            "price": "25.00",
            "revenue": 198901
        },
        "2016-11": {
            "month": "2016-11",
            "price": "25.07",
            "revenue": 232519
        },
        "2016-12": {
            "month": "2016-12",
            "price": "24.73",
            "revenue": 232860
        },
        "2017-01": {
            "month": "2017-01",
            "price": "25.02",
            "revenue": 298433
        },
        "2017-02": {
            "month": "2017-02",
            "price": "25.28",
            "revenue": 193466
        },
        "2017-03": {
            "month": "2017-03",
            "price": "25.01",
            "revenue": 218717
        },
        "2017-04": {
            "month": "2017-04",
            "price": "23.88",
            "revenue": 229410
        },
        "2017-05": {
            "month": "2017-05",
            "price": "24.01",
            "revenue": 246216
        },
        "2017-06": {
            "month": "2017-06",
            "price": "24.73",
            "revenue": 242627
        },
        "2017-07": {
            "month": "2017-07",
            "price": "24.80",
            "revenue": 261773
        },
        "2017-08": {
            "month": "2017-08",
            "price": "28.01",
            "revenue": 260665
        },
        "2017-09": {
            "month": "2017-09",
            "price": "31.81",
            "revenue": 289410
        },
        "2017-10": {
            "month": "2017-10",
            "price": "31.46",
            "revenue": 266221
        },
        "2017-11": {
            "month": "2017-11",
            "price": "31.75",
            "revenue": 275518
        },
        "2017-12": {
            "month": "2017-12",
            "price": "29.61",
            "revenue": 277155
        },
        "2018-01": {
            "month": "2018-01",
            "price": "29.35",
            "revenue": 305248
        },
        "2018-02": {
            "month": "2018-02",
            "price": "28.17",
            "revenue": 292768
        },
        "2018-03": {
            "month": "2018-03",
            "price": "27.72",
            "revenue": 261670
        },
        "2018-04": {
            "month": "2018-04",
            "price": "27.28",
            "revenue": 262506
        },
        "2018-05": {
            "month": "2018-05",
            "price": "26.11",
            "revenue": 267781
        },
        "2018-06": {
            "month": "2018-06",
            "price": "25.48",
            "revenue": 287065
        },
        "2018-07": {
            "month": "2018-07",
            "price": "24.95",
            "revenue": 275732
        },
        "2018-08": {
            "month": "2018-08",
            "price": "24.79",
            "revenue": 269907
        },
        "2018-09": {
            "month": "2018-09",
            "price": "24.44",
            "revenue": 291767
        },
        "2018-10": {
            "month": "2018-10",
            "price": "23.19",
            "revenue": 261420
        },
        "2018-11": {
            "month": "2018-11",
            "price": "21.80",
            "revenue": 288763
        },
        "2018-12": {
            "month": "2018-12",
            "price": "21.92",
            "revenue": 296319
        },
        "2019-01": {
            "month": "2019-01",
            "price": "21.51",
            "revenue": 358587
        },
        "2019-02": {
            "month": "2019-02",
            "price": "22.38",
            "revenue": 266247
        },
        "2019-03": {
            "month": "2019-03",
            "price": "22.42",
            "revenue": 270667
        },
        "2019-04": {
            "month": "2019-04",
            "price": "22.08",
            "revenue": 289573
        },
        "2019-05": {
            "month": "2019-05",
            "price": "22.44",
            "revenue": 298586
        },
        "2019-06": {
            "month": "2019-06",
            "price": "22.60",
            "revenue": 317862
        },
        "2019-07": {
            "month": "2019-07",
            "price": "23.38",
            "revenue": 315163
        },
        "2019-08": {
            "month": "2019-08",
            "price": "25.31",
            "revenue": 301130
        },
        "2019-09": {
            "month": "2019-09",
            "price": "28.27",
            "revenue": 342232
        },
        "2019-10": {
            "month": "2019-10",
            "price": "28.55",
            "revenue": 292829
        },
        "2019-11": {
            "month": "2019-11",
            "price": "30.98",
            "revenue": 332437
        },
        "2019-12": {
            "month": "2019-12",
            "price": "29.81",
            "revenue": 327207
        },
        "2020-01": {
            "month": "2020-01",
            "price": "29.52",
            "revenue": 359753
        },
        "2020-02": {
            "month": "2020-02",
            "price": "30.15",
            "revenue": 304655
        },
        "2020-03": {
            "month": "2020-03",
            "price": "26.92",
            "revenue": 302846
        },
        "2020-04": {
            "month": "2020-04",
            "price": "28.90",
            "revenue": 301601
        },
        "2020-05": {
            "month": "2020-05",
            "price": "33.84",
            "revenue": 326242
        },
        "2020-06": {
            "month": "2020-06",
            "price": "35.60",
            "revenue": 355111
        },
        "2020-07": {
            "month": "2020-07",
            "price": "33.73",
            "revenue": 324454
        },
        "2020-08": {
            "month": "2020-08",
            "price": "33.64",
            "revenue": 336235
        },
        "2020-09": {
            "month": "2020-09",
            "price": "33.74",
            "revenue": 356032
        },
        "2020-10": {
            "month": "2020-10",
            "price": "33.89",
            "revenue": 300163
        },
        "2020-11": {
            "month": "2020-11",
            "price": "34.19",
            "revenue": 363381
        },
        "2020-12": {
            "month": "2020-12",
            "price": "33.54",
            "revenue": 352836
        },
        "2021-01": {
            "month": "2021-01",
            "price": "32.78",
            "revenue": 385472
        },
        "2021-02": {
            "month": "2021-02",
            "price": "31.87",
            "revenue": 346735
        },
        "2021-03": {
            "month": "2021-03",
            "price": "33.72",
            "revenue": 316098
        },
        "2021-04": {
            "month": "2021-04",
            "price": "34.63",
            "revenue": 321269
        },
        "2021-05": {
            "month": "2021-05",
            "price": "46.68",
            "revenue": 386709
        },
        "2021-06": {
            "month": "2021-06",
            "price": "96.14",
            "revenue": 425079
        },
        "2021-07": {
            "month": "2021-07",
            "price": "105.68",
            "revenue": 382238
        },
        "2021-08": {
            "month": "2021-08",
            "price": "81.96",
            "revenue": 382353
        },
        "2021-09": {
            "month": "2021-09",
            "price": "78.54",
            "revenue": 384300
        },
        "2021-10": {
            "month": "2021-10",
            "price": "67.58",
            "revenue": 343069
        },
        "2021-11": {
            "month": "2021-11",
            "price": "72.08",
            "revenue": 416648
        },
        "2021-12": {
            "month": "2021-12",
            "price": "72.75",
            "revenue": 376166
        },
        "2022-01": {
            "month": "2022-01",
            "price": "86.13",
            "revenue": 461409
        },
        "2022-02": {
            "month": "2022-02",
            "price": "78.34",
            "revenue": 306970
        },
        "2022-03": {
            "month": "2022-03",
            "price": "72.41",
            "revenue": 333832
        },
        "2022-04": {
            "month": "2022-04",
            "price": "79.24",
            "revenue": 345731
        },
        "2022-05": {
            "month": "2022-05",
            "price": "71.57",
            "revenue": 399665
        },
        "2022-06": {
            "month": "2022-06",
            "price": "63.01",
            "revenue": 395284
        },
        "2022-07": {
            "month": "2022-07",
            "price": "52.01",
            "revenue": 379005
        },
        "2022-08": {
            "month": "2022-08",
            "price": "53.72",
            "revenue": 401898
        },
        "2022-09": {
            "month": "2022-09",
            "price": "50.27",
            "revenue": 366112
        },
        "2022-10": {
            "month": "2022-10",
            "price": "42.28",
            "revenue": 344518
        },
        "2022-11": {
            "month": "2022-11",
            "price": "44.61",
            "revenue": 402086
        },
        "2022-12": {
            "month": "2022-12",
            "price": "49.02",
            "revenue": 373196
        },
        "2023-01": {
            "month": "2023-01",
            "price": "50.56",
            "revenue": 381516
        },
        "2023-02": {
            "month": "2023-02",
            "price": "49.06",
            "revenue": 307583
        },
        "2023-03": {
            "month": "2023-03",
            "price": "48.03",
            "revenue": 318753
        },
        "2023-04": {
            "month": "2023-04",
            "price": "46.61",
            "revenue": 317366
        },
        "2023-05": {
            "month": "2023-05",
            "price": "45.58",
            "revenue": 356755
        },
        "2023-06": {
            "month": "2023-06",
            "price": "44.70",
            "revenue": 364014
        },
        "2023-07": {
            "month": "2023-07",
            "price": "41.79",
            "revenue": 367933
        },
        "2023-08": {
            "month": "2023-08",
            "price": "40.99",
            "revenue": 356472
        },
        "2023-09": {
            "month": "2023-09",
            "price": "41.03",
            "revenue": 365063
        },
        "2023-10": {
            "month": "2023-10",
            "price": "39.70",
            "revenue": 315960
        },
        "2023-11": {
            "month": "2023-11",
            "price": "39.70",
            "revenue": 384154
        }
    }
}
