{
    "summary": {
        "stock_name": "捷迅",
        "stock_id": "2643",
        "category": "航運",
        "main_business": "整合型物流服務",
        "website_url": "http://www.soonest.com",
        "ceo": "孫鋼銀",
        "pe_ratio": 14,
        "report_year_from": 2013,
        "report_year_to": 2023,
        "age": 11,
        "eps_negative_percentage": 0,
        "eps_growth_avg": {
            "last_all": 22.43,
            "last_2y": 12.33,
            "last_4y": 31.21,
            "last_8y": null,
            "last_12y": null,
            "last_16y": null,
            "last_20y": null,
            "at_2006_last_3y": null,
            "at_2007_last_3y": null,
            "at_2008_last_3y": null,
            "at_2009_last_3y": null,
            "at_2010_last_3y": null,
            "at_2011_last_3y": null,
            "at_2012_last_3y": null,
            "at_2013_last_3y": null,
            "at_2014_last_3y": null,
            "at_2015_last_3y": null,
            "at_2016_last_3y": null,
            "at_2017_last_3y": null,
            "at_2018_last_3y": null,
            "at_2019_last_3y": 21.91,
            "at_2020_last_3y": 22.24,
            "at_2021_last_3y": 46.12,
            "at_2022_last_3y": 56.81,
            "at_2023_last_3y": 22.94,
            "at_2024_last_3y": 22.94,
            "at_2006_last_all": null,
            "at_2007_last_all": null,
            "at_2008_last_all": null,
            "at_2009_last_all": null,
            "at_2010_last_all": null,
            "at_2011_last_all": null,
            "at_2012_last_all": null,
            "at_2013_last_all": null,
            "at_2014_last_all": null,
            "at_2015_last_all": null,
            "at_2016_last_all": null,
            "at_2017_last_all": -2.83,
            "at_2018_last_all": 7.79,
            "at_2019_last_all": 21.91,
            "at_2020_last_all": 28.49,
            "at_2021_last_all": 29.8,
            "at_2022_last_all": 35.8,
            "at_2023_last_all": 22.43,
            "at_2024_last_all": 22.43
        },
        "latest_eps": 4.95,
        "latest_price": 71,
        "latest_roe": 14.16,
        "latest_gross_margin": 10.36,
        "latest_equity": 1664473,
        "latest_revenue": 1056770,
        "latest_gross_profit": 109438,
        "latest_net_income": 51844,
        "latest_debt_ratio": 35.76,
        "latest_current_ratio": 330.8,
        "latest_account_receivable_turnover_ratio": 1.23,
        "latest_inventory_turnover_ratio": null,
        "latest_reinvestment_rate": -0.22,
        "latest_research_to_sale_ratio": null
    },
    "eps_dividends": {
        "2001": {
            "cash": 0,
            "stock": 0,
            "eps": 0
        },
        "2002": {
            "cash": 0,
            "stock": 0,
            "eps": 0
        },
        "2003": {
            "cash": 0,
            "stock": 0,
            "eps": 0
        },
        "2004": {
            "cash": 0,
            "stock": 0,
            "eps": 0
        },
        "2005": {
            "cash": 0,
            "stock": 0,
            "eps": 0
        },
        "2006": {
            "cash": 0,
            "stock": 0,
            "eps": 0
        },
        "2007": {
            "cash": 0,
            "stock": 0,
            "eps": 0
        },
        "2008": {
            "cash": 0,
            "stock": 0,
            "eps": 0
        },
        "2009": {
            "cash": 0,
            "stock": 0,
            "eps": 0
        },
        "2010": {
            "cash": 0,
            "stock": 0,
            "eps": 0
        },
        "2011": {
            "cash": 0,
            "stock": 0,
            "eps": 0
        },
        "2012": {
            "cash": 0,
            "stock": 0,
            "eps": 0
        },
        "2013": {
            "cash": 0,
            "stock": 0,
            "eps": 0
        },
        "2014": {
            "cash": 0.5,
            "stock": 0,
            "eps": 0
        },
        "2015": {
            "cash": 1.5,
            "stock": 0,
            "eps": 3.46
        },
        "2016": {
            "cash": 2,
            "stock": 0,
            "eps": 5.31
        },
        "2017": {
            "cash": 2.29,
            "stock": 0,
            "eps": 2.17
        },
        "2018": {
            "cash": 2,
            "stock": 0,
            "eps": 2.8
        },
        "2019": {
            "cash": 2,
            "stock": 0,
            "eps": 4.6
        },
        "2020": {
            "cash": 2,
            "stock": 0,
            "eps": 7.12
        },
        "2021": {
            "cash": 4,
            "stock": 0,
            "eps": 9.71
        },
        "2022": {
            "cash": 5,
            "stock": 0,
            "eps": 16.68
        },
        "2023": {
            "cash": 7,
            "stock": 0,
            "eps": 4.81
        }
    },
    "dividends": {
        "2014-06-27": {
            "cash": 0.5,
            "stock": 0
        },
        "2015-08-26": {
            "cash": 1.5,
            "stock": 0
        },
        "2016-09-23": {
            "cash": 2,
            "stock": 0
        },
        "2017-09-13": {
            "cash": 2.29,
            "stock": 0
        },
        "2018-09-19": {
            "cash": 2,
            "stock": 0
        },
        "2019-09-19": {
            "cash": 2,
            "stock": 0
        },
        "2020-09-18": {
            "cash": 2,
            "stock": 0
        },
        "2021-09-01": {
            "cash": 4,
            "stock": 0
        },
        "2022-09-01": {
            "cash": 5,
            "stock": 0
        },
        "2023-07-14": {
            "cash": 7,
            "stock": 0
        }
    },
    "prices": {
        "200101": "無",
        "200102": "無",
        "200103": "無",
        "200104": "無",
        "200105": "無",
        "200106": "無",
        "200107": "無",
        "200108": "無",
        "200109": "無",
        "200110": "無",
        "200111": "無",
        "200112": "無",
        "200201": "無",
        "200202": "無",
        "200203": "無",
        "200204": "無",
        "200205": "無",
        "200206": "無",
        "200207": "無",
        "200208": "無",
        "200209": "無",
        "200210": "無",
        "200211": "無",
        "200212": "無",
        "200301": "無",
        "200302": "無",
        "200303": "無",
        "200304": "無",
        "200305": "無",
        "200306": "無",
        "200307": "無",
        "200308": "無",
        "200309": "無",
        "200310": "無",
        "200311": "無",
        "200312": "無",
        "200401": "無",
        "200402": "無",
        "200403": "無",
        "200404": "無",
        "200405": "無",
        "200406": "無",
        "200407": "無",
        "200408": "無",
        "200409": "無",
        "200410": "無",
        "200411": "無",
        "200412": "無",
        "200501": "無",
        "200502": "無",
        "200503": "無",
        "200504": "無",
        "200505": "無",
        "200506": "無",
        "200507": "無",
        "200508": "無",
        "200509": "無",
        "200510": "無",
        "200511": "無",
        "200512": "無",
        "200601": "無",
        "200602": "無",
        "200603": "無",
        "200604": "無",
        "200605": "無",
        "200606": "無",
        "200607": "無",
        "200608": "無",
        "200609": "無",
        "200610": "無",
        "200611": "無",
        "200612": "無",
        "200701": "無",
        "200702": "無",
        "200703": "無",
        "200704": "無",
        "200705": "無",
        "200706": "無",
        "200707": "無",
        "200708": "無",
        "200709": "無",
        "200710": "無",
        "200711": "無",
        "200712": "無",
        "200801": "無",
        "200802": "無",
        "200803": "無",
        "200804": "無",
        "200805": "無",
        "200806": "無",
        "200807": "無",
        "200808": "無",
        "200809": "無",
        "200810": "無",
        "200811": "無",
        "200812": "無",
        "200901": "無",
        "200902": "無",
        "200903": "無",
        "200904": "無",
        "200905": "無",
        "200906": "無",
        "200907": "無",
        "200908": "無",
        "200909": "無",
        "200910": "無",
        "200911": "無",
        "200912": "無",
        "201001": "無",
        "201002": "無",
        "201003": "無",
        "201004": "無",
        "201005": "無",
        "201006": "無",
        "201007": "無",
        "201008": "無",
        "201009": "無",
        "201010": "無",
        "201011": "無",
        "201012": "無",
        "201101": "無",
        "201102": "無",
        "201103": "無",
        "201104": "無",
        "201105": "無",
        "201106": "無",
        "201107": "無",
        "201108": "無",
        "201109": "無",
        "201110": "無",
        "201111": "無",
        "201112": "無",
        "201201": "無",
        "201202": "無",
        "201203": "無",
        "201204": "無",
        "201205": "無",
        "201206": "無",
        "201207": "無",
        "201208": "無",
        "201209": "無",
        "201210": "無",
        "201211": "無",
        "201212": "無",
        "201301": "無",
        "201302": "無",
        "201303": "無",
        "201304": "無",
        "201305": "無",
        "201306": "無",
        "201307": "無",
        "201308": "無",
        "201309": "無",
        "201310": "無",
        "201311": "無",
        "201312": "無",
        "201401": "無",
        "201402": "無",
        "201403": "無",
        "201404": "無",
        "201405": "無",
        "201406": "無",
        "201407": "無",
        "201408": "無",
        "201409": "無",
        "201410": "無",
        "201411": "22.99",
        "201412": "24.74",
        "201501": "26.96",
        "201502": "25.62",
        "201503": "25.08",
        "201504": "24.55",
        "201505": "24.80",
        "201506": "24.34",
        "201507": "24.78",
        "201508": "22.89",
        "201509": "24.76",
        "201510": "26.11",
        "201511": "35.75",
        "201512": "43.96",
        "201601": "38.30",
        "201602": "38.14",
        "201603": "32.26",
        "201604": "31.93",
        "201605": "34.85",
        "201606": "38.60",
        "201607": "41.43",
        "201608": "45.67",
        "201609": "44.28",
        "201610": "41.91",
        "201611": "46.46",
        "201612": "47.38",
        "201701": "50.81",
        "201702": "48.96",
        "201703": "48.67",
        "201704": "42.58",
        "201705": "40.14",
        "201706": "39.70",
        "201707": "38.22",
        "201708": "36.66",
        "201709": "33.64",
        "201710": "34.12",
        "201711": "34.93",
        "201712": "32.63",
        "201801": "32.16",
        "201802": "31.36",
        "201803": "32.89",
        "201804": "33.48",
        "201805": "32.75",
        "201806": "31.84",
        "201807": "30.47",
        "201808": "30.73",
        "201809": "29.99",
        "201810": "28.71",
        "201811": "30.19",
        "201812": "30.10",
        "201901": "30.10",
        "201902": "30.16",
        "201903": "30.68",
        "201904": "31.59",
        "201905": "31.49",
        "201906": "31.38",
        "201907": "33.20",
        "201908": "33.29",
        "201909": "34.07",
        "201910": "34.10",
        "201911": "36.90",
        "201912": "40.03",
        "202001": "39.82",
        "202002": "37.24",
        "202003": "33.19",
        "202004": "36.56",
        "202005": "42.93",
        "202006": "49.58",
        "202007": "51.22",
        "202008": "50.58",
        "202009": "50.48",
        "202010": "49.63",
        "202011": "52.66",
        "202012": "63.53",
        "202101": "64.18",
        "202102": "63.69",
        "202103": "69.26",
        "202104": "69.02",
        "202105": "60.64",
        "202106": "95.50",
        "202107": "98.39",
        "202108": "84.92",
        "202109": "77.68",
        "202110": "66.60",
        "202111": "74.05",
        "202112": "78.02",
        "202201": "73.59",
        "202202": "72.46",
        "202203": "72.17",
        "202204": "71.26",
        "202205": "72.17",
        "202206": "69.77",
        "202207": "67.95",
        "202208": "72.70",
        "202209": "69.53",
        "202210": "67.98",
        "202211": "70.55",
        "202212": "68.91",
        "202301": "68.09",
        "202302": "69.52",
        "202303": "73.66",
        "202304": "72.88",
        "202305": "71.38",
        "202306": "73.48",
        "202307": "69.36",
        "202308": "68.34",
        "202309": "69.58",
        "202310": "66.84",
        "202311": "66.87",
        "202312": "73.40"
    },
    "quarters": {
        "20011": {
            "year_quarter": 20011,
            "year": 2001,
            "quarter": 1,
            "eps": null,
            "eps_growth_year": null,
            "eps_4q": null,
            "eps_4q_growth_year": null,
            "roe": null,
            "roe_4q": 0,
            "gross_profit": null,
            "gross_margin": null,
            "gross_margin_4q_avg": 0,
            "net_income": null,
            "net_income_4q": null,
            "revenue": null,
            "revenue_4q": null,
            "common_shares": null,
            "book_valuer_per_share": null,
            "book_valuer_per_share_4q_avg": 0,
            "equity": null,
            "current_ratio": null,
            "debt_ratio": null,
            "inventory_turnover_ratio": null,
            "account_receivable_turnover_ratio": null,
            "reinvestment_rate": null,
            "research_to_sale_ratio": null,
            "price_fair": 0,
            "eps_avg_yearly": 0,
            "eps_latest_yearly": 0,
            "eps_growth_yearly": 0
        },
        "20012": {
            "year_quarter": 20012,
            "year": 2001,
            "quarter": 2,
            "eps": null,
            "eps_growth_year": null,
            "eps_4q": null,
            "eps_4q_growth_year": null,
            "roe": null,
            "roe_4q": 0,
            "gross_profit": null,
            "gross_margin": null,
            "gross_margin_4q_avg": 0,
            "net_income": null,
            "net_income_4q": null,
            "revenue": null,
            "revenue_4q": null,
            "common_shares": null,
            "book_valuer_per_share": null,
            "book_valuer_per_share_4q_avg": 0,
            "equity": null,
            "current_ratio": null,
            "debt_ratio": null,
            "inventory_turnover_ratio": null,
            "account_receivable_turnover_ratio": null,
            "reinvestment_rate": null,
            "research_to_sale_ratio": null,
            "price_fair": 0,
            "eps_avg_yearly": 0,
            "eps_latest_yearly": 0,
            "eps_growth_yearly": 0
        },
        "20013": {
            "year_quarter": 20013,
            "year": 2001,
            "quarter": 3,
            "eps": null,
            "eps_growth_year": null,
            "eps_4q": null,
            "eps_4q_growth_year": null,
            "roe": null,
            "roe_4q": 0,
            "gross_profit": null,
            "gross_margin": null,
            "gross_margin_4q_avg": 0,
            "net_income": null,
            "net_income_4q": null,
            "revenue": null,
            "revenue_4q": null,
            "common_shares": null,
            "book_valuer_per_share": null,
            "book_valuer_per_share_4q_avg": 0,
            "equity": null,
            "current_ratio": null,
            "debt_ratio": null,
            "inventory_turnover_ratio": null,
            "account_receivable_turnover_ratio": null,
            "reinvestment_rate": null,
            "research_to_sale_ratio": null,
            "price_fair": 0,
            "eps_avg_yearly": 0,
            "eps_latest_yearly": 0,
            "eps_growth_yearly": 0
        },
        "20014": {
            "year_quarter": 20014,
            "year": 2001,
            "quarter": 4,
            "eps": null,
            "eps_growth_year": null,
            "eps_4q": null,
            "eps_4q_growth_year": null,
            "roe": null,
            "roe_4q": 0,
            "gross_profit": null,
            "gross_margin": null,
            "gross_margin_4q_avg": 0,
            "net_income": null,
            "net_income_4q": null,
            "revenue": null,
            "revenue_4q": null,
            "common_shares": null,
            "book_valuer_per_share": null,
            "book_valuer_per_share_4q_avg": 0,
            "equity": null,
            "current_ratio": null,
            "debt_ratio": null,
            "inventory_turnover_ratio": null,
            "account_receivable_turnover_ratio": null,
            "reinvestment_rate": null,
            "research_to_sale_ratio": null,
            "price_fair": 0,
            "eps_avg_yearly": 0,
            "eps_latest_yearly": 0,
            "eps_growth_yearly": 0
        },
        "20021": {
            "year_quarter": 20021,
            "year": 2002,
            "quarter": 1,
            "eps": null,
            "eps_growth_year": null,
            "eps_4q": null,
            "eps_4q_growth_year": null,
            "roe": null,
            "roe_4q": 0,
            "gross_profit": null,
            "gross_margin": null,
            "gross_margin_4q_avg": 0,
            "net_income": null,
            "net_income_4q": null,
            "revenue": null,
            "revenue_4q": null,
            "common_shares": null,
            "book_valuer_per_share": null,
            "book_valuer_per_share_4q_avg": 0,
            "equity": null,
            "current_ratio": null,
            "debt_ratio": null,
            "inventory_turnover_ratio": null,
            "account_receivable_turnover_ratio": null,
            "reinvestment_rate": null,
            "research_to_sale_ratio": null,
            "price_fair": 0,
            "eps_avg_yearly": 0,
            "eps_latest_yearly": 0,
            "eps_growth_yearly": 0
        },
        "20022": {
            "year_quarter": 20022,
            "year": 2002,
            "quarter": 2,
            "eps": null,
            "eps_growth_year": null,
            "eps_4q": null,
            "eps_4q_growth_year": null,
            "roe": null,
            "roe_4q": 0,
            "gross_profit": null,
            "gross_margin": null,
            "gross_margin_4q_avg": 0,
            "net_income": null,
            "net_income_4q": null,
            "revenue": null,
            "revenue_4q": null,
            "common_shares": null,
            "book_valuer_per_share": null,
            "book_valuer_per_share_4q_avg": 0,
            "equity": null,
            "current_ratio": null,
            "debt_ratio": null,
            "inventory_turnover_ratio": null,
            "account_receivable_turnover_ratio": null,
            "reinvestment_rate": null,
            "research_to_sale_ratio": null,
            "price_fair": 0,
            "eps_avg_yearly": 0,
            "eps_latest_yearly": 0,
            "eps_growth_yearly": 0
        },
        "20023": {
            "year_quarter": 20023,
            "year": 2002,
            "quarter": 3,
            "eps": null,
            "eps_growth_year": null,
            "eps_4q": null,
            "eps_4q_growth_year": null,
            "roe": null,
            "roe_4q": 0,
            "gross_profit": null,
            "gross_margin": null,
            "gross_margin_4q_avg": 0,
            "net_income": null,
            "net_income_4q": null,
            "revenue": null,
            "revenue_4q": null,
            "common_shares": null,
            "book_valuer_per_share": null,
            "book_valuer_per_share_4q_avg": 0,
            "equity": null,
            "current_ratio": null,
            "debt_ratio": null,
            "inventory_turnover_ratio": null,
            "account_receivable_turnover_ratio": null,
            "reinvestment_rate": null,
            "research_to_sale_ratio": null,
            "price_fair": 0,
            "eps_avg_yearly": 0,
            "eps_latest_yearly": 0,
            "eps_growth_yearly": 0
        },
        "20024": {
            "year_quarter": 20024,
            "year": 2002,
            "quarter": 4,
            "eps": null,
            "eps_growth_year": null,
            "eps_4q": null,
            "eps_4q_growth_year": null,
            "roe": null,
            "roe_4q": 0,
            "gross_profit": null,
            "gross_margin": null,
            "gross_margin_4q_avg": 0,
            "net_income": null,
            "net_income_4q": null,
            "revenue": null,
            "revenue_4q": null,
            "common_shares": null,
            "book_valuer_per_share": null,
            "book_valuer_per_share_4q_avg": 0,
            "equity": null,
            "current_ratio": null,
            "debt_ratio": null,
            "inventory_turnover_ratio": null,
            "account_receivable_turnover_ratio": null,
            "reinvestment_rate": null,
            "research_to_sale_ratio": null,
            "price_fair": 0,
            "eps_avg_yearly": 0,
            "eps_latest_yearly": 0,
            "eps_growth_yearly": 0
        },
        "20031": {
            "year_quarter": 20031,
            "year": 2003,
            "quarter": 1,
            "eps": null,
            "eps_growth_year": null,
            "eps_4q": null,
            "eps_4q_growth_year": null,
            "roe": null,
            "roe_4q": 0,
            "gross_profit": null,
            "gross_margin": null,
            "gross_margin_4q_avg": 0,
            "net_income": null,
            "net_income_4q": null,
            "revenue": null,
            "revenue_4q": null,
            "common_shares": null,
            "book_valuer_per_share": null,
            "book_valuer_per_share_4q_avg": 0,
            "equity": null,
            "current_ratio": null,
            "debt_ratio": null,
            "inventory_turnover_ratio": null,
            "account_receivable_turnover_ratio": null,
            "reinvestment_rate": null,
            "research_to_sale_ratio": null,
            "price_fair": 0,
            "eps_avg_yearly": 0,
            "eps_latest_yearly": 0,
            "eps_growth_yearly": 0
        },
        "20032": {
            "year_quarter": 20032,
            "year": 2003,
            "quarter": 2,
            "eps": null,
            "eps_growth_year": null,
            "eps_4q": null,
            "eps_4q_growth_year": null,
            "roe": null,
            "roe_4q": 0,
            "gross_profit": null,
            "gross_margin": null,
            "gross_margin_4q_avg": 0,
            "net_income": null,
            "net_income_4q": null,
            "revenue": null,
            "revenue_4q": null,
            "common_shares": null,
            "book_valuer_per_share": null,
            "book_valuer_per_share_4q_avg": 0,
            "equity": null,
            "current_ratio": null,
            "debt_ratio": null,
            "inventory_turnover_ratio": null,
            "account_receivable_turnover_ratio": null,
            "reinvestment_rate": null,
            "research_to_sale_ratio": null,
            "price_fair": 0,
            "eps_avg_yearly": 0,
            "eps_latest_yearly": 0,
            "eps_growth_yearly": 0
        },
        "20033": {
            "year_quarter": 20033,
            "year": 2003,
            "quarter": 3,
            "eps": null,
            "eps_growth_year": null,
            "eps_4q": null,
            "eps_4q_growth_year": null,
            "roe": null,
            "roe_4q": 0,
            "gross_profit": null,
            "gross_margin": null,
            "gross_margin_4q_avg": 0,
            "net_income": null,
            "net_income_4q": null,
            "revenue": null,
            "revenue_4q": null,
            "common_shares": null,
            "book_valuer_per_share": null,
            "book_valuer_per_share_4q_avg": 0,
            "equity": null,
            "current_ratio": null,
            "debt_ratio": null,
            "inventory_turnover_ratio": null,
            "account_receivable_turnover_ratio": null,
            "reinvestment_rate": null,
            "research_to_sale_ratio": null,
            "price_fair": 0,
            "eps_avg_yearly": 0,
            "eps_latest_yearly": 0,
            "eps_growth_yearly": 0
        },
        "20034": {
            "year_quarter": 20034,
            "year": 2003,
            "quarter": 4,
            "eps": null,
            "eps_growth_year": null,
            "eps_4q": null,
            "eps_4q_growth_year": null,
            "roe": null,
            "roe_4q": 0,
            "gross_profit": null,
            "gross_margin": null,
            "gross_margin_4q_avg": 0,
            "net_income": null,
            "net_income_4q": null,
            "revenue": null,
            "revenue_4q": null,
            "common_shares": null,
            "book_valuer_per_share": null,
            "book_valuer_per_share_4q_avg": 0,
            "equity": null,
            "current_ratio": null,
            "debt_ratio": null,
            "inventory_turnover_ratio": null,
            "account_receivable_turnover_ratio": null,
            "reinvestment_rate": null,
            "research_to_sale_ratio": null,
            "price_fair": 0,
            "eps_avg_yearly": 0,
            "eps_latest_yearly": 0,
            "eps_growth_yearly": 0
        },
        "20041": {
            "year_quarter": 20041,
            "year": 2004,
            "quarter": 1,
            "eps": null,
            "eps_growth_year": null,
            "eps_4q": null,
            "eps_4q_growth_year": null,
            "roe": null,
            "roe_4q": 0,
            "gross_profit": null,
            "gross_margin": null,
            "gross_margin_4q_avg": 0,
            "net_income": null,
            "net_income_4q": null,
            "revenue": null,
            "revenue_4q": null,
            "common_shares": null,
            "book_valuer_per_share": null,
            "book_valuer_per_share_4q_avg": 0,
            "equity": null,
            "current_ratio": null,
            "debt_ratio": null,
            "inventory_turnover_ratio": null,
            "account_receivable_turnover_ratio": null,
            "reinvestment_rate": null,
            "research_to_sale_ratio": null,
            "price_fair": 0,
            "eps_avg_yearly": 0,
            "eps_latest_yearly": 0,
            "eps_growth_yearly": 0
        },
        "20042": {
            "year_quarter": 20042,
            "year": 2004,
            "quarter": 2,
            "eps": null,
            "eps_growth_year": null,
            "eps_4q": null,
            "eps_4q_growth_year": null,
            "roe": null,
            "roe_4q": 0,
            "gross_profit": null,
            "gross_margin": null,
            "gross_margin_4q_avg": 0,
            "net_income": null,
            "net_income_4q": null,
            "revenue": null,
            "revenue_4q": null,
            "common_shares": null,
            "book_valuer_per_share": null,
            "book_valuer_per_share_4q_avg": 0,
            "equity": null,
            "current_ratio": null,
            "debt_ratio": null,
            "inventory_turnover_ratio": null,
            "account_receivable_turnover_ratio": null,
            "reinvestment_rate": null,
            "research_to_sale_ratio": null,
            "price_fair": 0,
            "eps_avg_yearly": 0,
            "eps_latest_yearly": 0,
            "eps_growth_yearly": 0
        },
        "20043": {
            "year_quarter": 20043,
            "year": 2004,
            "quarter": 3,
            "eps": null,
            "eps_growth_year": null,
            "eps_4q": null,
            "eps_4q_growth_year": null,
            "roe": null,
            "roe_4q": 0,
            "gross_profit": null,
            "gross_margin": null,
            "gross_margin_4q_avg": 0,
            "net_income": null,
            "net_income_4q": null,
            "revenue": null,
            "revenue_4q": null,
            "common_shares": null,
            "book_valuer_per_share": null,
            "book_valuer_per_share_4q_avg": 0,
            "equity": null,
            "current_ratio": null,
            "debt_ratio": null,
            "inventory_turnover_ratio": null,
            "account_receivable_turnover_ratio": null,
            "reinvestment_rate": null,
            "research_to_sale_ratio": null,
            "price_fair": 0,
            "eps_avg_yearly": 0,
            "eps_latest_yearly": 0,
            "eps_growth_yearly": 0
        },
        "20044": {
            "year_quarter": 20044,
            "year": 2004,
            "quarter": 4,
            "eps": null,
            "eps_growth_year": null,
            "eps_4q": null,
            "eps_4q_growth_year": null,
            "roe": null,
            "roe_4q": 0,
            "gross_profit": null,
            "gross_margin": null,
            "gross_margin_4q_avg": 0,
            "net_income": null,
            "net_income_4q": null,
            "revenue": null,
            "revenue_4q": null,
            "common_shares": null,
            "book_valuer_per_share": null,
            "book_valuer_per_share_4q_avg": 0,
            "equity": null,
            "current_ratio": null,
            "debt_ratio": null,
            "inventory_turnover_ratio": null,
            "account_receivable_turnover_ratio": null,
            "reinvestment_rate": null,
            "research_to_sale_ratio": null,
            "price_fair": 0,
            "eps_avg_yearly": 0,
            "eps_latest_yearly": 0,
            "eps_growth_yearly": 0
        },
        "20051": {
            "year_quarter": 20051,
            "year": 2005,
            "quarter": 1,
            "eps": null,
            "eps_growth_year": null,
            "eps_4q": null,
            "eps_4q_growth_year": null,
            "roe": null,
            "roe_4q": 0,
            "gross_profit": null,
            "gross_margin": null,
            "gross_margin_4q_avg": 0,
            "net_income": null,
            "net_income_4q": null,
            "revenue": null,
            "revenue_4q": null,
            "common_shares": null,
            "book_valuer_per_share": null,
            "book_valuer_per_share_4q_avg": 0,
            "equity": null,
            "current_ratio": null,
            "debt_ratio": null,
            "inventory_turnover_ratio": null,
            "account_receivable_turnover_ratio": null,
            "reinvestment_rate": null,
            "research_to_sale_ratio": null,
            "price_fair": 0,
            "eps_avg_yearly": 0,
            "eps_latest_yearly": 0,
            "eps_growth_yearly": 0
        },
        "20052": {
            "year_quarter": 20052,
            "year": 2005,
            "quarter": 2,
            "eps": null,
            "eps_growth_year": null,
            "eps_4q": null,
            "eps_4q_growth_year": null,
            "roe": null,
            "roe_4q": 0,
            "gross_profit": null,
            "gross_margin": null,
            "gross_margin_4q_avg": 0,
            "net_income": null,
            "net_income_4q": null,
            "revenue": null,
            "revenue_4q": null,
            "common_shares": null,
            "book_valuer_per_share": null,
            "book_valuer_per_share_4q_avg": 0,
            "equity": null,
            "current_ratio": null,
            "debt_ratio": null,
            "inventory_turnover_ratio": null,
            "account_receivable_turnover_ratio": null,
            "reinvestment_rate": null,
            "research_to_sale_ratio": null,
            "price_fair": 0,
            "eps_avg_yearly": 0,
            "eps_latest_yearly": 0,
            "eps_growth_yearly": 0
        },
        "20053": {
            "year_quarter": 20053,
            "year": 2005,
            "quarter": 3,
            "eps": null,
            "eps_growth_year": null,
            "eps_4q": null,
            "eps_4q_growth_year": null,
            "roe": null,
            "roe_4q": 0,
            "gross_profit": null,
            "gross_margin": null,
            "gross_margin_4q_avg": 0,
            "net_income": null,
            "net_income_4q": null,
            "revenue": null,
            "revenue_4q": null,
            "common_shares": null,
            "book_valuer_per_share": null,
            "book_valuer_per_share_4q_avg": 0,
            "equity": null,
            "current_ratio": null,
            "debt_ratio": null,
            "inventory_turnover_ratio": null,
            "account_receivable_turnover_ratio": null,
            "reinvestment_rate": null,
            "research_to_sale_ratio": null,
            "price_fair": 0,
            "eps_avg_yearly": 0,
            "eps_latest_yearly": 0,
            "eps_growth_yearly": 0
        },
        "20054": {
            "year_quarter": 20054,
            "year": 2005,
            "quarter": 4,
            "eps": null,
            "eps_growth_year": null,
            "eps_4q": null,
            "eps_4q_growth_year": null,
            "roe": null,
            "roe_4q": 0,
            "gross_profit": null,
            "gross_margin": null,
            "gross_margin_4q_avg": 0,
            "net_income": null,
            "net_income_4q": null,
            "revenue": null,
            "revenue_4q": null,
            "common_shares": null,
            "book_valuer_per_share": null,
            "book_valuer_per_share_4q_avg": 0,
            "equity": null,
            "current_ratio": null,
            "debt_ratio": null,
            "inventory_turnover_ratio": null,
            "account_receivable_turnover_ratio": null,
            "reinvestment_rate": null,
            "research_to_sale_ratio": null,
            "price_fair": 0,
            "eps_avg_yearly": 0,
            "eps_latest_yearly": 0,
            "eps_growth_yearly": 0
        },
        "20061": {
            "year_quarter": 20061,
            "year": 2006,
            "quarter": 1,
            "eps": null,
            "eps_growth_year": null,
            "eps_4q": null,
            "eps_4q_growth_year": null,
            "roe": null,
            "roe_4q": 0,
            "gross_profit": null,
            "gross_margin": null,
            "gross_margin_4q_avg": 0,
            "net_income": null,
            "net_income_4q": null,
            "revenue": null,
            "revenue_4q": null,
            "common_shares": null,
            "book_valuer_per_share": null,
            "book_valuer_per_share_4q_avg": 0,
            "equity": null,
            "current_ratio": null,
            "debt_ratio": null,
            "inventory_turnover_ratio": null,
            "account_receivable_turnover_ratio": null,
            "reinvestment_rate": null,
            "research_to_sale_ratio": null,
            "price_fair": 0,
            "eps_avg_yearly": 0,
            "eps_latest_yearly": 0,
            "eps_growth_yearly": 0
        },
        "20062": {
            "year_quarter": 20062,
            "year": 2006,
            "quarter": 2,
            "eps": null,
            "eps_growth_year": null,
            "eps_4q": null,
            "eps_4q_growth_year": null,
            "roe": null,
            "roe_4q": 0,
            "gross_profit": null,
            "gross_margin": null,
            "gross_margin_4q_avg": 0,
            "net_income": null,
            "net_income_4q": null,
            "revenue": null,
            "revenue_4q": null,
            "common_shares": null,
            "book_valuer_per_share": null,
            "book_valuer_per_share_4q_avg": 0,
            "equity": null,
            "current_ratio": null,
            "debt_ratio": null,
            "inventory_turnover_ratio": null,
            "account_receivable_turnover_ratio": null,
            "reinvestment_rate": null,
            "research_to_sale_ratio": null,
            "price_fair": 0,
            "eps_avg_yearly": 0,
            "eps_latest_yearly": 0,
            "eps_growth_yearly": 0
        },
        "20063": {
            "year_quarter": 20063,
            "year": 2006,
            "quarter": 3,
            "eps": null,
            "eps_growth_year": null,
            "eps_4q": null,
            "eps_4q_growth_year": null,
            "roe": null,
            "roe_4q": 0,
            "gross_profit": null,
            "gross_margin": null,
            "gross_margin_4q_avg": 0,
            "net_income": null,
            "net_income_4q": null,
            "revenue": null,
            "revenue_4q": null,
            "common_shares": null,
            "book_valuer_per_share": null,
            "book_valuer_per_share_4q_avg": 0,
            "equity": null,
            "current_ratio": null,
            "debt_ratio": null,
            "inventory_turnover_ratio": null,
            "account_receivable_turnover_ratio": null,
            "reinvestment_rate": null,
            "research_to_sale_ratio": null,
            "price_fair": 0,
            "eps_avg_yearly": 0,
            "eps_latest_yearly": 0,
            "eps_growth_yearly": 0
        },
        "20064": {
            "year_quarter": 20064,
            "year": 2006,
            "quarter": 4,
            "eps": null,
            "eps_growth_year": null,
            "eps_4q": null,
            "eps_4q_growth_year": null,
            "roe": null,
            "roe_4q": 0,
            "gross_profit": null,
            "gross_margin": null,
            "gross_margin_4q_avg": 0,
            "net_income": null,
            "net_income_4q": null,
            "revenue": null,
            "revenue_4q": null,
            "common_shares": null,
            "book_valuer_per_share": null,
            "book_valuer_per_share_4q_avg": 0,
            "equity": null,
            "current_ratio": null,
            "debt_ratio": null,
            "inventory_turnover_ratio": null,
            "account_receivable_turnover_ratio": null,
            "reinvestment_rate": null,
            "research_to_sale_ratio": null,
            "price_fair": 0,
            "eps_avg_yearly": 0,
            "eps_latest_yearly": 0,
            "eps_growth_yearly": 0
        },
        "20071": {
            "year_quarter": 20071,
            "year": 2007,
            "quarter": 1,
            "eps": null,
            "eps_growth_year": null,
            "eps_4q": null,
            "eps_4q_growth_year": null,
            "roe": null,
            "roe_4q": 0,
            "gross_profit": null,
            "gross_margin": null,
            "gross_margin_4q_avg": 0,
            "net_income": null,
            "net_income_4q": null,
            "revenue": null,
            "revenue_4q": null,
            "common_shares": null,
            "book_valuer_per_share": null,
            "book_valuer_per_share_4q_avg": 0,
            "equity": null,
            "current_ratio": null,
            "debt_ratio": null,
            "inventory_turnover_ratio": null,
            "account_receivable_turnover_ratio": null,
            "reinvestment_rate": null,
            "research_to_sale_ratio": null,
            "price_fair": 0,
            "eps_avg_yearly": 0,
            "eps_latest_yearly": 0,
            "eps_growth_yearly": 0
        },
        "20072": {
            "year_quarter": 20072,
            "year": 2007,
            "quarter": 2,
            "eps": null,
            "eps_growth_year": null,
            "eps_4q": null,
            "eps_4q_growth_year": null,
            "roe": null,
            "roe_4q": 0,
            "gross_profit": null,
            "gross_margin": null,
            "gross_margin_4q_avg": 0,
            "net_income": null,
            "net_income_4q": null,
            "revenue": null,
            "revenue_4q": null,
            "common_shares": null,
            "book_valuer_per_share": null,
            "book_valuer_per_share_4q_avg": 0,
            "equity": null,
            "current_ratio": null,
            "debt_ratio": null,
            "inventory_turnover_ratio": null,
            "account_receivable_turnover_ratio": null,
            "reinvestment_rate": null,
            "research_to_sale_ratio": null,
            "price_fair": 0,
            "eps_avg_yearly": 0,
            "eps_latest_yearly": 0,
            "eps_growth_yearly": 0
        },
        "20073": {
            "year_quarter": 20073,
            "year": 2007,
            "quarter": 3,
            "eps": null,
            "eps_growth_year": null,
            "eps_4q": null,
            "eps_4q_growth_year": null,
            "roe": null,
            "roe_4q": 0,
            "gross_profit": null,
            "gross_margin": null,
            "gross_margin_4q_avg": 0,
            "net_income": null,
            "net_income_4q": null,
            "revenue": null,
            "revenue_4q": null,
            "common_shares": null,
            "book_valuer_per_share": null,
            "book_valuer_per_share_4q_avg": 0,
            "equity": null,
            "current_ratio": null,
            "debt_ratio": null,
            "inventory_turnover_ratio": null,
            "account_receivable_turnover_ratio": null,
            "reinvestment_rate": null,
            "research_to_sale_ratio": null,
            "price_fair": 0,
            "eps_avg_yearly": 0,
            "eps_latest_yearly": 0,
            "eps_growth_yearly": 0
        },
        "20074": {
            "year_quarter": 20074,
            "year": 2007,
            "quarter": 4,
            "eps": null,
            "eps_growth_year": null,
            "eps_4q": null,
            "eps_4q_growth_year": null,
            "roe": null,
            "roe_4q": 0,
            "gross_profit": null,
            "gross_margin": null,
            "gross_margin_4q_avg": 0,
            "net_income": null,
            "net_income_4q": null,
            "revenue": null,
            "revenue_4q": null,
            "common_shares": null,
            "book_valuer_per_share": null,
            "book_valuer_per_share_4q_avg": 0,
            "equity": null,
            "current_ratio": null,
            "debt_ratio": null,
            "inventory_turnover_ratio": null,
            "account_receivable_turnover_ratio": null,
            "reinvestment_rate": null,
            "research_to_sale_ratio": null,
            "price_fair": 0,
            "eps_avg_yearly": 0,
            "eps_latest_yearly": 0,
            "eps_growth_yearly": 0
        },
        "20081": {
            "year_quarter": 20081,
            "year": 2008,
            "quarter": 1,
            "eps": null,
            "eps_growth_year": null,
            "eps_4q": null,
            "eps_4q_growth_year": null,
            "roe": null,
            "roe_4q": 0,
            "gross_profit": null,
            "gross_margin": null,
            "gross_margin_4q_avg": 0,
            "net_income": null,
            "net_income_4q": null,
            "revenue": null,
            "revenue_4q": null,
            "common_shares": null,
            "book_valuer_per_share": null,
            "book_valuer_per_share_4q_avg": 0,
            "equity": null,
            "current_ratio": null,
            "debt_ratio": null,
            "inventory_turnover_ratio": null,
            "account_receivable_turnover_ratio": null,
            "reinvestment_rate": null,
            "research_to_sale_ratio": null,
            "price_fair": 0,
            "eps_avg_yearly": 0,
            "eps_latest_yearly": 0,
            "eps_growth_yearly": 0
        },
        "20082": {
            "year_quarter": 20082,
            "year": 2008,
            "quarter": 2,
            "eps": null,
            "eps_growth_year": null,
            "eps_4q": null,
            "eps_4q_growth_year": null,
            "roe": null,
            "roe_4q": 0,
            "gross_profit": null,
            "gross_margin": null,
            "gross_margin_4q_avg": 0,
            "net_income": null,
            "net_income_4q": null,
            "revenue": null,
            "revenue_4q": null,
            "common_shares": null,
            "book_valuer_per_share": null,
            "book_valuer_per_share_4q_avg": 0,
            "equity": null,
            "current_ratio": null,
            "debt_ratio": null,
            "inventory_turnover_ratio": null,
            "account_receivable_turnover_ratio": null,
            "reinvestment_rate": null,
            "research_to_sale_ratio": null,
            "price_fair": 0,
            "eps_avg_yearly": 0,
            "eps_latest_yearly": 0,
            "eps_growth_yearly": 0
        },
        "20083": {
            "year_quarter": 20083,
            "year": 2008,
            "quarter": 3,
            "eps": null,
            "eps_growth_year": null,
            "eps_4q": null,
            "eps_4q_growth_year": null,
            "roe": null,
            "roe_4q": 0,
            "gross_profit": null,
            "gross_margin": null,
            "gross_margin_4q_avg": 0,
            "net_income": null,
            "net_income_4q": null,
            "revenue": null,
            "revenue_4q": null,
            "common_shares": null,
            "book_valuer_per_share": null,
            "book_valuer_per_share_4q_avg": 0,
            "equity": null,
            "current_ratio": null,
            "debt_ratio": null,
            "inventory_turnover_ratio": null,
            "account_receivable_turnover_ratio": null,
            "reinvestment_rate": null,
            "research_to_sale_ratio": null,
            "price_fair": 0,
            "eps_avg_yearly": 0,
            "eps_latest_yearly": 0,
            "eps_growth_yearly": 0
        },
        "20084": {
            "year_quarter": 20084,
            "year": 2008,
            "quarter": 4,
            "eps": null,
            "eps_growth_year": null,
            "eps_4q": null,
            "eps_4q_growth_year": null,
            "roe": null,
            "roe_4q": 0,
            "gross_profit": null,
            "gross_margin": null,
            "gross_margin_4q_avg": 0,
            "net_income": null,
            "net_income_4q": null,
            "revenue": null,
            "revenue_4q": null,
            "common_shares": null,
            "book_valuer_per_share": null,
            "book_valuer_per_share_4q_avg": 0,
            "equity": null,
            "current_ratio": null,
            "debt_ratio": null,
            "inventory_turnover_ratio": null,
            "account_receivable_turnover_ratio": null,
            "reinvestment_rate": null,
            "research_to_sale_ratio": null,
            "price_fair": 0,
            "eps_avg_yearly": 0,
            "eps_latest_yearly": 0,
            "eps_growth_yearly": 0
        },
        "20091": {
            "year_quarter": 20091,
            "year": 2009,
            "quarter": 1,
            "eps": null,
            "eps_growth_year": null,
            "eps_4q": null,
            "eps_4q_growth_year": null,
            "roe": null,
            "roe_4q": 0,
            "gross_profit": null,
            "gross_margin": null,
            "gross_margin_4q_avg": 0,
            "net_income": null,
            "net_income_4q": null,
            "revenue": null,
            "revenue_4q": null,
            "common_shares": null,
            "book_valuer_per_share": null,
            "book_valuer_per_share_4q_avg": 0,
            "equity": null,
            "current_ratio": null,
            "debt_ratio": null,
            "inventory_turnover_ratio": null,
            "account_receivable_turnover_ratio": null,
            "reinvestment_rate": null,
            "research_to_sale_ratio": null,
            "price_fair": 0,
            "eps_avg_yearly": 0,
            "eps_latest_yearly": 0,
            "eps_growth_yearly": 0
        },
        "20092": {
            "year_quarter": 20092,
            "year": 2009,
            "quarter": 2,
            "eps": null,
            "eps_growth_year": null,
            "eps_4q": null,
            "eps_4q_growth_year": null,
            "roe": null,
            "roe_4q": 0,
            "gross_profit": null,
            "gross_margin": null,
            "gross_margin_4q_avg": 0,
            "net_income": null,
            "net_income_4q": null,
            "revenue": null,
            "revenue_4q": null,
            "common_shares": null,
            "book_valuer_per_share": null,
            "book_valuer_per_share_4q_avg": 0,
            "equity": null,
            "current_ratio": null,
            "debt_ratio": null,
            "inventory_turnover_ratio": null,
            "account_receivable_turnover_ratio": null,
            "reinvestment_rate": null,
            "research_to_sale_ratio": null,
            "price_fair": 0,
            "eps_avg_yearly": 0,
            "eps_latest_yearly": 0,
            "eps_growth_yearly": 0
        },
        "20093": {
            "year_quarter": 20093,
            "year": 2009,
            "quarter": 3,
            "eps": null,
            "eps_growth_year": null,
            "eps_4q": null,
            "eps_4q_growth_year": null,
            "roe": null,
            "roe_4q": 0,
            "gross_profit": null,
            "gross_margin": null,
            "gross_margin_4q_avg": 0,
            "net_income": null,
            "net_income_4q": null,
            "revenue": null,
            "revenue_4q": null,
            "common_shares": null,
            "book_valuer_per_share": null,
            "book_valuer_per_share_4q_avg": 0,
            "equity": null,
            "current_ratio": null,
            "debt_ratio": null,
            "inventory_turnover_ratio": null,
            "account_receivable_turnover_ratio": null,
            "reinvestment_rate": null,
            "research_to_sale_ratio": null,
            "price_fair": 0,
            "eps_avg_yearly": 0,
            "eps_latest_yearly": 0,
            "eps_growth_yearly": 0
        },
        "20094": {
            "year_quarter": 20094,
            "year": 2009,
            "quarter": 4,
            "eps": null,
            "eps_growth_year": null,
            "eps_4q": null,
            "eps_4q_growth_year": null,
            "roe": null,
            "roe_4q": 0,
            "gross_profit": null,
            "gross_margin": null,
            "gross_margin_4q_avg": 0,
            "net_income": null,
            "net_income_4q": null,
            "revenue": null,
            "revenue_4q": null,
            "common_shares": null,
            "book_valuer_per_share": null,
            "book_valuer_per_share_4q_avg": 0,
            "equity": null,
            "current_ratio": null,
            "debt_ratio": null,
            "inventory_turnover_ratio": null,
            "account_receivable_turnover_ratio": null,
            "reinvestment_rate": null,
            "research_to_sale_ratio": null,
            "price_fair": 0,
            "eps_avg_yearly": 0,
            "eps_latest_yearly": 0,
            "eps_growth_yearly": 0
        },
        "20101": {
            "year_quarter": 20101,
            "year": 2010,
            "quarter": 1,
            "eps": null,
            "eps_growth_year": null,
            "eps_4q": null,
            "eps_4q_growth_year": null,
            "roe": null,
            "roe_4q": 0,
            "gross_profit": null,
            "gross_margin": null,
            "gross_margin_4q_avg": 0,
            "net_income": null,
            "net_income_4q": null,
            "revenue": null,
            "revenue_4q": null,
            "common_shares": null,
            "book_valuer_per_share": null,
            "book_valuer_per_share_4q_avg": 0,
            "equity": null,
            "current_ratio": null,
            "debt_ratio": null,
            "inventory_turnover_ratio": null,
            "account_receivable_turnover_ratio": null,
            "reinvestment_rate": null,
            "research_to_sale_ratio": null,
            "price_fair": 0,
            "eps_avg_yearly": 0,
            "eps_latest_yearly": 0,
            "eps_growth_yearly": 0
        },
        "20102": {
            "year_quarter": 20102,
            "year": 2010,
            "quarter": 2,
            "eps": null,
            "eps_growth_year": null,
            "eps_4q": null,
            "eps_4q_growth_year": null,
            "roe": null,
            "roe_4q": 0,
            "gross_profit": null,
            "gross_margin": null,
            "gross_margin_4q_avg": 0,
            "net_income": null,
            "net_income_4q": null,
            "revenue": null,
            "revenue_4q": null,
            "common_shares": null,
            "book_valuer_per_share": null,
            "book_valuer_per_share_4q_avg": 0,
            "equity": null,
            "current_ratio": null,
            "debt_ratio": null,
            "inventory_turnover_ratio": null,
            "account_receivable_turnover_ratio": null,
            "reinvestment_rate": null,
            "research_to_sale_ratio": null,
            "price_fair": 0,
            "eps_avg_yearly": 0,
            "eps_latest_yearly": 0,
            "eps_growth_yearly": 0
        },
        "20103": {
            "year_quarter": 20103,
            "year": 2010,
            "quarter": 3,
            "eps": null,
            "eps_growth_year": null,
            "eps_4q": null,
            "eps_4q_growth_year": null,
            "roe": null,
            "roe_4q": 0,
            "gross_profit": null,
            "gross_margin": null,
            "gross_margin_4q_avg": 0,
            "net_income": null,
            "net_income_4q": null,
            "revenue": null,
            "revenue_4q": null,
            "common_shares": null,
            "book_valuer_per_share": null,
            "book_valuer_per_share_4q_avg": 0,
            "equity": null,
            "current_ratio": null,
            "debt_ratio": null,
            "inventory_turnover_ratio": null,
            "account_receivable_turnover_ratio": null,
            "reinvestment_rate": null,
            "research_to_sale_ratio": null,
            "price_fair": 0,
            "eps_avg_yearly": 0,
            "eps_latest_yearly": 0,
            "eps_growth_yearly": 0
        },
        "20104": {
            "year_quarter": 20104,
            "year": 2010,
            "quarter": 4,
            "eps": null,
            "eps_growth_year": null,
            "eps_4q": null,
            "eps_4q_growth_year": null,
            "roe": null,
            "roe_4q": 0,
            "gross_profit": null,
            "gross_margin": null,
            "gross_margin_4q_avg": 0,
            "net_income": null,
            "net_income_4q": null,
            "revenue": null,
            "revenue_4q": null,
            "common_shares": 50000,
            "book_valuer_per_share": 15.42,
            "book_valuer_per_share_4q_avg": 3.86,
            "equity": 77111,
            "current_ratio": 146.8,
            "debt_ratio": 65.63,
            "inventory_turnover_ratio": null,
            "account_receivable_turnover_ratio": null,
            "reinvestment_rate": null,
            "research_to_sale_ratio": null,
            "price_fair": 0,
            "eps_avg_yearly": 0,
            "eps_latest_yearly": 0,
            "eps_growth_yearly": 0
        },
        "20111": {
            "year_quarter": 20111,
            "year": 2011,
            "quarter": 1,
            "eps": null,
            "eps_growth_year": null,
            "eps_4q": null,
            "eps_4q_growth_year": null,
            "roe": null,
            "roe_4q": 0,
            "gross_profit": null,
            "gross_margin": null,
            "gross_margin_4q_avg": 0,
            "net_income": null,
            "net_income_4q": null,
            "revenue": null,
            "revenue_4q": null,
            "common_shares": null,
            "book_valuer_per_share": null,
            "book_valuer_per_share_4q_avg": 3.86,
            "equity": null,
            "current_ratio": null,
            "debt_ratio": null,
            "inventory_turnover_ratio": null,
            "account_receivable_turnover_ratio": null,
            "reinvestment_rate": null,
            "research_to_sale_ratio": null,
            "price_fair": 0,
            "eps_avg_yearly": 0,
            "eps_latest_yearly": 0,
            "eps_growth_yearly": 0
        },
        "20112": {
            "year_quarter": 20112,
            "year": 2011,
            "quarter": 2,
            "eps": null,
            "eps_growth_year": null,
            "eps_4q": null,
            "eps_4q_growth_year": null,
            "roe": null,
            "roe_4q": 0,
            "gross_profit": null,
            "gross_margin": null,
            "gross_margin_4q_avg": 0,
            "net_income": null,
            "net_income_4q": null,
            "revenue": null,
            "revenue_4q": null,
            "common_shares": null,
            "book_valuer_per_share": null,
            "book_valuer_per_share_4q_avg": 3.86,
            "equity": null,
            "current_ratio": null,
            "debt_ratio": null,
            "inventory_turnover_ratio": null,
            "account_receivable_turnover_ratio": null,
            "reinvestment_rate": null,
            "research_to_sale_ratio": null,
            "price_fair": 0,
            "eps_avg_yearly": 0,
            "eps_latest_yearly": 0,
            "eps_growth_yearly": 0
        },
        "20113": {
            "year_quarter": 20113,
            "year": 2011,
            "quarter": 3,
            "eps": null,
            "eps_growth_year": null,
            "eps_4q": null,
            "eps_4q_growth_year": null,
            "roe": null,
            "roe_4q": 0,
            "gross_profit": null,
            "gross_margin": null,
            "gross_margin_4q_avg": 0,
            "net_income": null,
            "net_income_4q": null,
            "revenue": null,
            "revenue_4q": null,
            "common_shares": null,
            "book_valuer_per_share": null,
            "book_valuer_per_share_4q_avg": 3.86,
            "equity": null,
            "current_ratio": null,
            "debt_ratio": null,
            "inventory_turnover_ratio": null,
            "account_receivable_turnover_ratio": null,
            "reinvestment_rate": null,
            "research_to_sale_ratio": null,
            "price_fair": 0,
            "eps_avg_yearly": 0,
            "eps_latest_yearly": 0,
            "eps_growth_yearly": 0
        },
        "20114": {
            "year_quarter": 20114,
            "year": 2011,
            "quarter": 4,
            "eps": null,
            "eps_growth_year": null,
            "eps_4q": null,
            "eps_4q_growth_year": null,
            "roe": null,
            "roe_4q": 0,
            "gross_profit": null,
            "gross_margin": null,
            "gross_margin_4q_avg": 0,
            "net_income": null,
            "net_income_4q": null,
            "revenue": null,
            "revenue_4q": null,
            "common_shares": 70000,
            "book_valuer_per_share": 21.11,
            "book_valuer_per_share_4q_avg": 5.28,
            "equity": 156270,
            "current_ratio": 167.21,
            "debt_ratio": 62.2,
            "inventory_turnover_ratio": null,
            "account_receivable_turnover_ratio": null,
            "reinvestment_rate": null,
            "research_to_sale_ratio": null,
            "price_fair": 0,
            "eps_avg_yearly": 0,
            "eps_latest_yearly": 0,
            "eps_growth_yearly": 0
        },
        "20121": {
            "year_quarter": 20121,
            "year": 2012,
            "quarter": 1,
            "eps": null,
            "eps_growth_year": null,
            "eps_4q": null,
            "eps_4q_growth_year": null,
            "roe": null,
            "roe_4q": 0,
            "gross_profit": null,
            "gross_margin": null,
            "gross_margin_4q_avg": 0,
            "net_income": null,
            "net_income_4q": null,
            "revenue": null,
            "revenue_4q": null,
            "common_shares": null,
            "book_valuer_per_share": null,
            "book_valuer_per_share_4q_avg": 5.28,
            "equity": null,
            "current_ratio": null,
            "debt_ratio": null,
            "inventory_turnover_ratio": null,
            "account_receivable_turnover_ratio": null,
            "reinvestment_rate": null,
            "research_to_sale_ratio": null,
            "price_fair": 0,
            "eps_avg_yearly": 0,
            "eps_latest_yearly": 0,
            "eps_growth_yearly": 0
        },
        "20122": {
            "year_quarter": 20122,
            "year": 2012,
            "quarter": 2,
            "eps": null,
            "eps_growth_year": null,
            "eps_4q": null,
            "eps_4q_growth_year": null,
            "roe": null,
            "roe_4q": 0,
            "gross_profit": null,
            "gross_margin": null,
            "gross_margin_4q_avg": 0,
            "net_income": null,
            "net_income_4q": null,
            "revenue": null,
            "revenue_4q": null,
            "common_shares": null,
            "book_valuer_per_share": null,
            "book_valuer_per_share_4q_avg": 5.28,
            "equity": null,
            "current_ratio": null,
            "debt_ratio": null,
            "inventory_turnover_ratio": null,
            "account_receivable_turnover_ratio": null,
            "reinvestment_rate": null,
            "research_to_sale_ratio": null,
            "price_fair": 0,
            "eps_avg_yearly": 0,
            "eps_latest_yearly": 0,
            "eps_growth_yearly": 0
        },
        "20123": {
            "year_quarter": 20123,
            "year": 2012,
            "quarter": 3,
            "eps": null,
            "eps_growth_year": null,
            "eps_4q": null,
            "eps_4q_growth_year": null,
            "roe": null,
            "roe_4q": 0,
            "gross_profit": null,
            "gross_margin": null,
            "gross_margin_4q_avg": 0,
            "net_income": null,
            "net_income_4q": null,
            "revenue": null,
            "revenue_4q": null,
            "common_shares": null,
            "book_valuer_per_share": null,
            "book_valuer_per_share_4q_avg": 5.28,
            "equity": null,
            "current_ratio": null,
            "debt_ratio": null,
            "inventory_turnover_ratio": null,
            "account_receivable_turnover_ratio": null,
            "reinvestment_rate": null,
            "research_to_sale_ratio": null,
            "price_fair": 0,
            "eps_avg_yearly": 0,
            "eps_latest_yearly": 0,
            "eps_growth_yearly": 0
        },
        "20124": {
            "year_quarter": 20124,
            "year": 2012,
            "quarter": 4,
            "eps": null,
            "eps_growth_year": null,
            "eps_4q": null,
            "eps_4q_growth_year": null,
            "roe": null,
            "roe_4q": 0,
            "gross_profit": null,
            "gross_margin": null,
            "gross_margin_4q_avg": 0,
            "net_income": null,
            "net_income_4q": null,
            "revenue": null,
            "revenue_4q": null,
            "common_shares": 172500,
            "book_valuer_per_share": 18.68,
            "book_valuer_per_share_4q_avg": 4.67,
            "equity": 322161,
            "current_ratio": 158.17,
            "debt_ratio": 61.67,
            "inventory_turnover_ratio": null,
            "account_receivable_turnover_ratio": null,
            "reinvestment_rate": null,
            "research_to_sale_ratio": null,
            "price_fair": 0,
            "eps_avg_yearly": 0,
            "eps_latest_yearly": 0,
            "eps_growth_yearly": 0
        },
        "20131": {
            "year_quarter": 20131,
            "year": 2013,
            "quarter": 1,
            "eps": null,
            "eps_growth_year": null,
            "eps_4q": null,
            "eps_4q_growth_year": null,
            "roe": null,
            "roe_4q": 0,
            "gross_profit": null,
            "gross_margin": null,
            "gross_margin_4q_avg": 0,
            "net_income": null,
            "net_income_4q": null,
            "revenue": null,
            "revenue_4q": null,
            "common_shares": null,
            "book_valuer_per_share": null,
            "book_valuer_per_share_4q_avg": 4.67,
            "equity": null,
            "current_ratio": null,
            "debt_ratio": null,
            "inventory_turnover_ratio": null,
            "account_receivable_turnover_ratio": null,
            "reinvestment_rate": null,
            "research_to_sale_ratio": null,
            "price_fair": 0,
            "eps_avg_yearly": 0,
            "eps_latest_yearly": 0,
            "eps_growth_yearly": 0
        },
        "20132": {
            "year_quarter": 20132,
            "year": 2013,
            "quarter": 2,
            "eps": null,
            "eps_growth_year": null,
            "eps_4q": null,
            "eps_4q_growth_year": null,
            "roe": null,
            "roe_4q": 0,
            "gross_profit": null,
            "gross_margin": null,
            "gross_margin_4q_avg": 0,
            "net_income": null,
            "net_income_4q": null,
            "revenue": null,
            "revenue_4q": null,
            "common_shares": null,
            "book_valuer_per_share": null,
            "book_valuer_per_share_4q_avg": 4.67,
            "equity": null,
            "current_ratio": null,
            "debt_ratio": null,
            "inventory_turnover_ratio": null,
            "account_receivable_turnover_ratio": null,
            "reinvestment_rate": null,
            "research_to_sale_ratio": null,
            "price_fair": 0,
            "eps_avg_yearly": 0,
            "eps_latest_yearly": 0,
            "eps_growth_yearly": 0
        },
        "20133": {
            "year_quarter": 20133,
            "year": 2013,
            "quarter": 3,
            "eps": null,
            "eps_growth_year": null,
            "eps_4q": null,
            "eps_4q_growth_year": null,
            "roe": null,
            "roe_4q": 0,
            "gross_profit": null,
            "gross_margin": null,
            "gross_margin_4q_avg": 0,
            "net_income": null,
            "net_income_4q": null,
            "revenue": null,
            "revenue_4q": null,
            "common_shares": null,
            "book_valuer_per_share": null,
            "book_valuer_per_share_4q_avg": 4.67,
            "equity": null,
            "current_ratio": null,
            "debt_ratio": null,
            "inventory_turnover_ratio": null,
            "account_receivable_turnover_ratio": null,
            "reinvestment_rate": null,
            "research_to_sale_ratio": null,
            "price_fair": 0,
            "eps_avg_yearly": 0,
            "eps_latest_yearly": 0,
            "eps_growth_yearly": 0
        },
        "20134": {
            "year_quarter": 20134,
            "year": 2013,
            "quarter": 4,
            "eps": null,
            "eps_growth_year": null,
            "eps_4q": null,
            "eps_4q_growth_year": null,
            "roe": null,
            "roe_4q": 0,
            "gross_profit": null,
            "gross_margin": null,
            "gross_margin_4q_avg": 0,
            "net_income": null,
            "net_income_4q": null,
            "revenue": null,
            "revenue_4q": null,
            "common_shares": 216020,
            "book_valuer_per_share": null,
            "book_valuer_per_share_4q_avg": 0,
            "equity": 340029,
            "current_ratio": null,
            "debt_ratio": null,
            "inventory_turnover_ratio": null,
            "account_receivable_turnover_ratio": null,
            "reinvestment_rate": null,
            "research_to_sale_ratio": null,
            "price_fair": 0,
            "eps_avg_yearly": 0,
            "eps_latest_yearly": 0,
            "eps_growth_yearly": 0
        },
        "20141": {
            "year_quarter": 20141,
            "year": 2014,
            "quarter": 1,
            "eps": null,
            "eps_growth_year": null,
            "eps_4q": null,
            "eps_4q_growth_year": null,
            "roe": null,
            "roe_4q": 0,
            "gross_profit": null,
            "gross_margin": null,
            "gross_margin_4q_avg": 0,
            "net_income": null,
            "net_income_4q": null,
            "revenue": null,
            "revenue_4q": null,
            "common_shares": null,
            "book_valuer_per_share": null,
            "book_valuer_per_share_4q_avg": 0,
            "equity": null,
            "current_ratio": null,
            "debt_ratio": null,
            "inventory_turnover_ratio": null,
            "account_receivable_turnover_ratio": null,
            "reinvestment_rate": null,
            "research_to_sale_ratio": null,
            "price_fair": 0,
            "eps_avg_yearly": 0,
            "eps_latest_yearly": 0,
            "eps_growth_yearly": 0
        },
        "20142": {
            "year_quarter": 20142,
            "year": 2014,
            "quarter": 2,
            "eps": null,
            "eps_growth_year": null,
            "eps_4q": null,
            "eps_4q_growth_year": null,
            "roe": null,
            "roe_4q": 0,
            "gross_profit": null,
            "gross_margin": null,
            "gross_margin_4q_avg": 0,
            "net_income": null,
            "net_income_4q": null,
            "revenue": null,
            "revenue_4q": null,
            "common_shares": 216020,
            "book_valuer_per_share": null,
            "book_valuer_per_share_4q_avg": 0,
            "equity": 348124,
            "current_ratio": null,
            "debt_ratio": null,
            "inventory_turnover_ratio": null,
            "account_receivable_turnover_ratio": null,
            "reinvestment_rate": null,
            "research_to_sale_ratio": null,
            "price_fair": 0,
            "eps_avg_yearly": 0,
            "eps_latest_yearly": 0,
            "eps_growth_yearly": 0
        },
        "20143": {
            "year_quarter": 20143,
            "year": 2014,
            "quarter": 3,
            "eps": null,
            "eps_growth_year": null,
            "eps_4q": null,
            "eps_4q_growth_year": null,
            "roe": null,
            "roe_4q": 0,
            "gross_profit": 71379,
            "gross_margin": null,
            "gross_margin_4q_avg": 0,
            "net_income": 14684,
            "net_income_4q": null,
            "revenue": 610634,
            "revenue_4q": null,
            "common_shares": 216020,
            "book_valuer_per_share": null,
            "book_valuer_per_share_4q_avg": 0,
            "equity": 368348,
            "current_ratio": null,
            "debt_ratio": null,
            "inventory_turnover_ratio": null,
            "account_receivable_turnover_ratio": null,
            "reinvestment_rate": null,
            "research_to_sale_ratio": null,
            "price_fair": 0,
            "eps_avg_yearly": 0,
            "eps_latest_yearly": 0,
            "eps_growth_yearly": 0
        },
        "20144": {
            "year_quarter": 20144,
            "year": 2014,
            "quarter": 4,
            "eps": null,
            "eps_growth_year": null,
            "eps_4q": null,
            "eps_4q_growth_year": null,
            "roe": null,
            "roe_4q": 0,
            "gross_profit": 65523,
            "gross_margin": null,
            "gross_margin_4q_avg": 0,
            "net_income": 8770,
            "net_income_4q": null,
            "revenue": 666862,
            "revenue_4q": null,
            "common_shares": 216020,
            "book_valuer_per_share": 17.99,
            "book_valuer_per_share_4q_avg": 4.5,
            "equity": 388629,
            "current_ratio": 174.9,
            "debt_ratio": 55.85,
            "inventory_turnover_ratio": null,
            "account_receivable_turnover_ratio": null,
            "reinvestment_rate": null,
            "research_to_sale_ratio": null,
            "price_fair": 0,
            "eps_avg_yearly": 0,
            "eps_latest_yearly": 0,
            "eps_growth_yearly": 0
        },
        "20151": {
            "year_quarter": 20151,
            "year": 2015,
            "quarter": 1,
            "eps": null,
            "eps_growth_year": null,
            "eps_4q": null,
            "eps_4q_growth_year": null,
            "roe": null,
            "roe_4q": 0,
            "gross_profit": 69178,
            "gross_margin": null,
            "gross_margin_4q_avg": 0,
            "net_income": 13267,
            "net_income_4q": null,
            "revenue": 620994,
            "revenue_4q": null,
            "common_shares": 216020,
            "book_valuer_per_share": 18.46,
            "book_valuer_per_share_4q_avg": 9.11,
            "equity": 398766,
            "current_ratio": 192.06,
            "debt_ratio": 51.66,
            "inventory_turnover_ratio": null,
            "account_receivable_turnover_ratio": null,
            "reinvestment_rate": null,
            "research_to_sale_ratio": null,
            "price_fair": 0,
            "eps_avg_yearly": 0,
            "eps_latest_yearly": 0,
            "eps_growth_yearly": 0
        },
        "20152": {
            "year_quarter": 20152,
            "year": 2015,
            "quarter": 2,
            "eps": 1.19,
            "eps_growth_year": null,
            "eps_4q": 1.19,
            "eps_4q_growth_year": null,
            "roe": 6.56,
            "roe_4q": 6.56,
            "gross_profit": 84997,
            "gross_margin": 13.11,
            "gross_margin_4q_avg": 3.28,
            "net_income": 25783,
            "net_income_4q": null,
            "revenue": 648391,
            "revenue_4q": null,
            "common_shares": 216020,
            "book_valuer_per_share": 17.92,
            "book_valuer_per_share_4q_avg": 13.59,
            "equity": 387010,
            "current_ratio": 193.3,
            "debt_ratio": 51.57,
            "inventory_turnover_ratio": null,
            "account_receivable_turnover_ratio": 3.57,
            "reinvestment_rate": null,
            "research_to_sale_ratio": null,
            "price_fair": 0,
            "eps_avg_yearly": 0,
            "eps_latest_yearly": 0,
            "eps_growth_yearly": 0
        },
        "20153": {
            "year_quarter": 20153,
            "year": 2015,
            "quarter": 3,
            "eps": 1.02,
            "eps_growth_year": null,
            "eps_4q": 2.21,
            "eps_4q_growth_year": null,
            "roe": 5.38,
            "roe_4q": 11.94,
            "gross_profit": 90806,
            "gross_margin": 14.31,
            "gross_margin_4q_avg": 6.86,
            "net_income": 22044,
            "net_income_4q": null,
            "revenue": 634429,
            "revenue_4q": null,
            "common_shares": 216020,
            "book_valuer_per_share": 19.99,
            "book_valuer_per_share_4q_avg": 18.59,
            "equity": 431914,
            "current_ratio": 205.96,
            "debt_ratio": 49,
            "inventory_turnover_ratio": null,
            "account_receivable_turnover_ratio": 1.68,
            "reinvestment_rate": null,
            "research_to_sale_ratio": null,
            "price_fair": 12.24,
            "eps_avg_yearly": 4.08,
            "eps_latest_yearly": 4.08,
            "eps_growth_yearly": -57.14
        },
        "20154": {
            "year_quarter": 20154,
            "year": 2015,
            "quarter": 4,
            "eps": 1.25,
            "eps_growth_year": null,
            "eps_4q": 3.46,
            "eps_4q_growth_year": null,
            "roe": 6.08,
            "roe_4q": 18.02,
            "gross_profit": 98709,
            "gross_margin": 11.82,
            "gross_margin_4q_avg": 9.81,
            "net_income": 26993,
            "net_income_4q": null,
            "revenue": 834930,
            "revenue_4q": null,
            "common_shares": 216020,
            "book_valuer_per_share": 21.14,
            "book_valuer_per_share_4q_avg": 19.38,
            "equity": 456597,
            "current_ratio": 188.33,
            "debt_ratio": 53.01,
            "inventory_turnover_ratio": null,
            "account_receivable_turnover_ratio": 1.78,
            "reinvestment_rate": null,
            "research_to_sale_ratio": null,
            "price_fair": 120.43,
            "eps_avg_yearly": 4.54,
            "eps_latest_yearly": 5,
            "eps_growth_yearly": 16.53
        },
        "20161": {
            "year_quarter": 20161,
            "year": 2016,
            "quarter": 1,
            "eps": 1.6,
            "eps_growth_year": null,
            "eps_4q": 4.26,
            "eps_4q_growth_year": null,
            "roe": 6.99,
            "roe_4q": 25.009999999999998,
            "gross_profit": 106833,
            "gross_margin": 16,
            "gross_margin_4q_avg": 13.81,
            "net_income": 37026,
            "net_income_4q": null,
            "revenue": 667731,
            "revenue_4q": null,
            "common_shares": 262300,
            "book_valuer_per_share": 23,
            "book_valuer_per_share_4q_avg": 20.51,
            "equity": 603349,
            "current_ratio": 278.06,
            "debt_ratio": 37.31,
            "inventory_turnover_ratio": null,
            "account_receivable_turnover_ratio": 1.4,
            "reinvestment_rate": null,
            "research_to_sale_ratio": null,
            "price_fair": 180.6,
            "eps_avg_yearly": 5.16,
            "eps_latest_yearly": 6.4,
            "eps_growth_yearly": 48.35
        },
        "20162": {
            "year_quarter": 20162,
            "year": 2016,
            "quarter": 2,
            "eps": 1.27,
            "eps_growth_year": 6.41,
            "eps_4q": 4.55,
            "eps_4q_growth_year": 281.14,
            "roe": 5.61,
            "roe_4q": 24.06,
            "gross_profit": 106531,
            "gross_margin": 15.14,
            "gross_margin_4q_avg": 14.32,
            "net_income": 33259,
            "net_income_4q": null,
            "revenue": 703436,
            "revenue_4q": null,
            "common_shares": 262300,
            "book_valuer_per_share": 22.23,
            "book_valuer_per_share_4q_avg": 21.59,
            "equity": 582971,
            "current_ratio": 243.6,
            "debt_ratio": 42.18,
            "inventory_turnover_ratio": null,
            "account_receivable_turnover_ratio": 1.67,
            "reinvestment_rate": null,
            "research_to_sale_ratio": null,
            "price_fair": 131.78,
            "eps_avg_yearly": 5.14,
            "eps_latest_yearly": 5.08,
            "eps_growth_yearly": 15.64
        },
        "20163": {
            "year_quarter": 20163,
            "year": 2016,
            "quarter": 3,
            "eps": 1.65,
            "eps_growth_year": 61.76,
            "eps_4q": 5.36,
            "eps_4q_growth_year": 142.14,
            "roe": 7.25,
            "roe_4q": 25.93,
            "gross_profit": 110444,
            "gross_margin": 16.19,
            "gross_margin_4q_avg": 14.79,
            "net_income": 43342,
            "net_income_4q": null,
            "revenue": 682045,
            "revenue_4q": null,
            "common_shares": 262300,
            "book_valuer_per_share": 23.33,
            "book_valuer_per_share_4q_avg": 22.43,
            "equity": 611991,
            "current_ratio": 268.4,
            "debt_ratio": 38.92,
            "inventory_turnover_ratio": null,
            "account_receivable_turnover_ratio": 1.57,
            "reinvestment_rate": null,
            "research_to_sale_ratio": null,
            "price_fair": 190.12,
            "eps_avg_yearly": 5.43,
            "eps_latest_yearly": 6.6,
            "eps_growth_yearly": 36.45
        },
        "20164": {
            "year_quarter": 20164,
            "year": 2016,
            "quarter": 4,
            "eps": 0.79,
            "eps_growth_year": -36.98,
            "eps_4q": 5.12,
            "eps_4q_growth_year": 47.81,
            "roe": 3.29,
            "roe_4q": 23.14,
            "gross_profit": 79648,
            "gross_margin": 10.18,
            "gross_margin_4q_avg": 14.38,
            "net_income": 20656,
            "net_income_4q": null,
            "revenue": 782241,
            "revenue_4q": null,
            "common_shares": 262300,
            "book_valuer_per_share": 24.6,
            "book_valuer_per_share_4q_avg": 23.29,
            "equity": 645273,
            "current_ratio": 259.72,
            "debt_ratio": 40.3,
            "inventory_turnover_ratio": null,
            "account_receivable_turnover_ratio": 1.68,
            "reinvestment_rate": null,
            "research_to_sale_ratio": null,
            "price_fair": 15.16,
            "eps_avg_yearly": 5.05,
            "eps_latest_yearly": 3.16,
            "eps_growth_yearly": -4.37
        },
        "20171": {
            "year_quarter": 20171,
            "year": 2017,
            "quarter": 1,
            "eps": 0.47,
            "eps_growth_year": -70.62,
            "eps_4q": 4.18,
            "eps_4q_growth_year": -2.01,
            "roe": 1.94,
            "roe_4q": 18.09,
            "gross_profit": 66506,
            "gross_margin": 10.54,
            "gross_margin_4q_avg": 13.01,
            "net_income": 12343,
            "net_income_4q": null,
            "revenue": 630991,
            "revenue_4q": null,
            "common_shares": 262300,
            "book_valuer_per_share": 23.85,
            "book_valuer_per_share_4q_avg": 23.5,
            "equity": 625592,
            "current_ratio": 295.04,
            "debt_ratio": 36.76,
            "inventory_turnover_ratio": null,
            "account_receivable_turnover_ratio": 1.42,
            "reinvestment_rate": null,
            "research_to_sale_ratio": null,
            "price_fair": 13.8,
            "eps_avg_yearly": 4.6,
            "eps_latest_yearly": 1.88,
            "eps_growth_yearly": -26.9
        },
        "20172": {
            "year_quarter": 20172,
            "year": 2017,
            "quarter": 2,
            "eps": 0.25,
            "eps_growth_year": -80.32,
            "eps_4q": 3.16,
            "eps_4q_growth_year": -30.57,
            "roe": 1.09,
            "roe_4q": 13.57,
            "gross_profit": 65914,
            "gross_margin": 10.39,
            "gross_margin_4q_avg": 11.83,
            "net_income": 6508,
            "net_income_4q": null,
            "revenue": 634408,
            "revenue_4q": null,
            "common_shares": 262300,
            "book_valuer_per_share": 21.86,
            "book_valuer_per_share_4q_avg": 23.41,
            "equity": 573422,
            "current_ratio": 236.14,
            "debt_ratio": 44.49,
            "inventory_turnover_ratio": null,
            "account_receivable_turnover_ratio": 1.52,
            "reinvestment_rate": null,
            "research_to_sale_ratio": null,
            "price_fair": 12.45,
            "eps_avg_yearly": 4.15,
            "eps_latest_yearly": 1,
            "eps_growth_yearly": -46.94
        },
        "20173": {
            "year_quarter": 20173,
            "year": 2017,
            "quarter": 3,
            "eps": 0.64,
            "eps_growth_year": -61.21,
            "eps_4q": 2.15,
            "eps_4q_growth_year": -59.92,
            "roe": 2.9,
            "roe_4q": 9.219999999999999,
            "gross_profit": 72831,
            "gross_margin": 11.02,
            "gross_margin_4q_avg": 10.53,
            "net_income": 16849,
            "net_income_4q": null,
            "revenue": 660883,
            "revenue_4q": null,
            "common_shares": 262300,
            "book_valuer_per_share": 22.45,
            "book_valuer_per_share_4q_avg": 23.19,
            "equity": 588853,
            "current_ratio": 232.92,
            "debt_ratio": 45.17,
            "inventory_turnover_ratio": null,
            "account_receivable_turnover_ratio": 1.49,
            "reinvestment_rate": null,
            "research_to_sale_ratio": null,
            "price_fair": 139.07,
            "eps_avg_yearly": 3.97,
            "eps_latest_yearly": 2.56,
            "eps_growth_yearly": 27.61
        },
        "20174": {
            "year_quarter": 20174,
            "year": 2017,
            "quarter": 4,
            "eps": 0.81,
            "eps_growth_year": 2.67,
            "eps_4q": 2.17,
            "eps_4q_growth_year": -57.62,
            "roe": 3.56,
            "roe_4q": 9.49,
            "gross_profit": 75656,
            "gross_margin": 10.29,
            "gross_margin_4q_avg": 10.56,
            "net_income": 21208,
            "net_income_4q": null,
            "revenue": 735382,
            "revenue_4q": null,
            "common_shares": 262300,
            "book_valuer_per_share": 22.96,
            "book_valuer_per_share_4q_avg": 22.78,
            "equity": 602186,
            "current_ratio": 234.72,
            "debt_ratio": 45.56,
            "inventory_turnover_ratio": null,
            "account_receivable_turnover_ratio": 1.54,
            "reinvestment_rate": null,
            "research_to_sale_ratio": null,
            "price_fair": 136.5,
            "eps_avg_yearly": 3.9,
            "eps_latest_yearly": 3.24,
            "eps_growth_yearly": 35.47
        },
        "20181": {
            "year_quarter": 20181,
            "year": 2018,
            "quarter": 1,
            "eps": 0.42,
            "eps_growth_year": -10.64,
            "eps_4q": 2.12,
            "eps_4q_growth_year": -49.18,
            "roe": 1.85,
            "roe_4q": 9.4,
            "gross_profit": 59941,
            "gross_margin": 9.65,
            "gross_margin_4q_avg": 10.34,
            "net_income": 11131,
            "net_income_4q": null,
            "revenue": 621118,
            "revenue_4q": null,
            "common_shares": 262300,
            "book_valuer_per_share": 23.01,
            "book_valuer_per_share_4q_avg": 22.57,
            "equity": 603423,
            "current_ratio": 257.8,
            "debt_ratio": 42.49,
            "inventory_turnover_ratio": null,
            "account_receivable_turnover_ratio": 1.37,
            "reinvestment_rate": null,
            "research_to_sale_ratio": null,
            "price_fair": 91.5,
            "eps_avg_yearly": 3.7,
            "eps_latest_yearly": 1.68,
            "eps_growth_yearly": 14.74
        },
        "20182": {
            "year_quarter": 20182,
            "year": 2018,
            "quarter": 2,
            "eps": 0.63,
            "eps_growth_year": 152,
            "eps_4q": 2.51,
            "eps_4q_growth_year": -20.66,
            "roe": 2.78,
            "roe_4q": 11.09,
            "gross_profit": 64611,
            "gross_margin": 9.65,
            "gross_margin_4q_avg": 10.15,
            "net_income": 16548,
            "net_income_4q": null,
            "revenue": 669588,
            "revenue_4q": null,
            "common_shares": 262300,
            "book_valuer_per_share": 22.44,
            "book_valuer_per_share_4q_avg": 22.72,
            "equity": 588723,
            "current_ratio": 233.35,
            "debt_ratio": 45.82,
            "inventory_turnover_ratio": null,
            "account_receivable_turnover_ratio": 1.58,
            "reinvestment_rate": -1.11,
            "research_to_sale_ratio": null,
            "price_fair": 126,
            "eps_avg_yearly": 3.6,
            "eps_latest_yearly": 2.52,
            "eps_growth_yearly": 30.18
        },
        "20183": {
            "year_quarter": 20183,
            "year": 2018,
            "quarter": 3,
            "eps": 0.83,
            "eps_growth_year": 29.69,
            "eps_4q": 2.7,
            "eps_4q_growth_year": 25.5,
            "roe": 3.64,
            "roe_4q": 11.83,
            "gross_profit": 76212,
            "gross_margin": 11.17,
            "gross_margin_4q_avg": 10.19,
            "net_income": 21841,
            "net_income_4q": null,
            "revenue": 682092,
            "revenue_4q": null,
            "common_shares": 262300,
            "book_valuer_per_share": 23.27,
            "book_valuer_per_share_4q_avg": 22.92,
            "equity": 610397,
            "current_ratio": 229.3,
            "debt_ratio": 44.73,
            "inventory_turnover_ratio": null,
            "account_receivable_turnover_ratio": 1.42,
            "reinvestment_rate": -2.03,
            "research_to_sale_ratio": null,
            "price_fair": 125.25,
            "eps_avg_yearly": 3.58,
            "eps_latest_yearly": 3.32,
            "eps_growth_yearly": 37.63
        },
        "20184": {
            "year_quarter": 20184,
            "year": 2018,
            "quarter": 4,
            "eps": 0.92,
            "eps_growth_year": 13.48,
            "eps_4q": 2.81,
            "eps_4q_growth_year": 29.31,
            "roe": 3.85,
            "roe_4q": 12.12,
            "gross_profit": 82188,
            "gross_margin": 10.95,
            "gross_margin_4q_avg": 10.36,
            "net_income": 24066,
            "net_income_4q": null,
            "revenue": 750563,
            "revenue_4q": null,
            "common_shares": 262300,
            "book_valuer_per_share": 24.37,
            "book_valuer_per_share_4q_avg": 23.27,
            "equity": 639327,
            "current_ratio": 234.53,
            "debt_ratio": 43.84,
            "inventory_turnover_ratio": null,
            "account_receivable_turnover_ratio": 1.4,
            "reinvestment_rate": -3.13,
            "research_to_sale_ratio": null,
            "price_fair": 125.5,
            "eps_avg_yearly": 3.59,
            "eps_latest_yearly": 3.68,
            "eps_growth_yearly": 38.04
        },
        "20191": {
            "year_quarter": 20191,
            "year": 2019,
            "quarter": 1,
            "eps": 0.55,
            "eps_growth_year": 30.95,
            "eps_4q": 2.93,
            "eps_4q_growth_year": 38.07,
            "roe": 2.23,
            "roe_4q": 12.5,
            "gross_profit": 70924,
            "gross_margin": 11.17,
            "gross_margin_4q_avg": 10.74,
            "net_income": 14444,
            "net_income_4q": null,
            "revenue": 634756,
            "revenue_4q": null,
            "common_shares": 262300,
            "book_valuer_per_share": 25.04,
            "book_valuer_per_share_4q_avg": 23.78,
            "equity": 656747,
            "current_ratio": 236.1,
            "debt_ratio": 44.21,
            "inventory_turnover_ratio": null,
            "account_receivable_turnover_ratio": 1.21,
            "reinvestment_rate": -2.91,
            "research_to_sale_ratio": null,
            "price_fair": 121.48,
            "eps_avg_yearly": 3.49,
            "eps_latest_yearly": 2.2,
            "eps_growth_yearly": 24.78
        },
        "20192": {
            "year_quarter": 20192,
            "year": 2019,
            "quarter": 2,
            "eps": 0.75,
            "eps_growth_year": 19.05,
            "eps_4q": 3.05,
            "eps_4q_growth_year": 21.6,
            "roe": 3.05,
            "roe_4q": 12.77,
            "gross_profit": 78762,
            "gross_margin": 11.09,
            "gross_margin_4q_avg": 11.1,
            "net_income": 19586,
            "net_income_4q": null,
            "revenue": 710304,
            "revenue_4q": null,
            "common_shares": 262300,
            "book_valuer_per_share": 23.92,
            "book_valuer_per_share_4q_avg": 24.15,
            "equity": 627458,
            "current_ratio": 197.62,
            "debt_ratio": 51.39,
            "inventory_turnover_ratio": null,
            "account_receivable_turnover_ratio": 1.34,
            "reinvestment_rate": -3.8,
            "research_to_sale_ratio": null,
            "price_fair": 121.19,
            "eps_avg_yearly": 3.46,
            "eps_latest_yearly": 3,
            "eps_growth_yearly": 32.32
        },
        "20193": {
            "year_quarter": 20193,
            "year": 2019,
            "quarter": 3,
            "eps": 1.55,
            "eps_growth_year": 86.75,
            "eps_4q": 3.77,
            "eps_4q_growth_year": 39.66,
            "roe": 6.3,
            "roe_4q": 15.43,
            "gross_profit": 103419,
            "gross_margin": 11.58,
            "gross_margin_4q_avg": 11.2,
            "net_income": 40680,
            "net_income_4q": null,
            "revenue": 892739,
            "revenue_4q": null,
            "common_shares": 262300,
            "book_valuer_per_share": 25.28,
            "book_valuer_per_share_4q_avg": 24.65,
            "equity": 663209,
            "current_ratio": 191.35,
            "debt_ratio": 52.15,
            "inventory_turnover_ratio": null,
            "account_receivable_turnover_ratio": 1.51,
            "reinvestment_rate": -3.45,
            "research_to_sale_ratio": null,
            "price_fair": 125.83,
            "eps_avg_yearly": 3.6,
            "eps_latest_yearly": 6.2,
            "eps_growth_yearly": 62.56
        },
        "20194": {
            "year_quarter": 20194,
            "year": 2019,
            "quarter": 4,
            "eps": 1.75,
            "eps_growth_year": 90.48,
            "eps_4q": 4.6,
            "eps_4q_growth_year": 63.82,
            "roe": 6.76,
            "roe_4q": 18.34,
            "gross_profit": 113358,
            "gross_margin": 11.57,
            "gross_margin_4q_avg": 11.35,
            "net_income": 45840,
            "net_income_4q": null,
            "revenue": 979540,
            "revenue_4q": null,
            "common_shares": 262300,
            "book_valuer_per_share": 26.41,
            "book_valuer_per_share_4q_avg": 25.16,
            "equity": 692639,
            "current_ratio": 199.03,
            "debt_ratio": 51.13,
            "inventory_turnover_ratio": null,
            "account_receivable_turnover_ratio": 1.53,
            "reinvestment_rate": -3.59,
            "research_to_sale_ratio": null,
            "price_fair": 130.2,
            "eps_avg_yearly": 3.72,
            "eps_latest_yearly": 7,
            "eps_growth_yearly": 60.15
        },
        "20201": {
            "year_quarter": 20201,
            "year": 2020,
            "quarter": 1,
            "eps": 1.1,
            "eps_growth_year": 100,
            "eps_4q": 4.63,
            "eps_4q_growth_year": 57.96,
            "roe": 4.22,
            "roe_4q": 20.330000000000002,
            "gross_profit": 89687,
            "gross_margin": 11.42,
            "gross_margin_4q_avg": 11.42,
            "net_income": 32823,
            "net_income_4q": null,
            "revenue": 785667,
            "revenue_4q": null,
            "common_shares": 300000,
            "book_valuer_per_share": 28.75,
            "book_valuer_per_share_4q_avg": 26.09,
            "equity": 862363,
            "current_ratio": 232.31,
            "debt_ratio": 44.18,
            "inventory_turnover_ratio": null,
            "account_receivable_turnover_ratio": 1.17,
            "reinvestment_rate": -3.59,
            "research_to_sale_ratio": null,
            "price_fair": 125.83,
            "eps_avg_yearly": 3.6,
            "eps_latest_yearly": 4.4,
            "eps_growth_yearly": 43.86
        },
        "20202": {
            "year_quarter": 20202,
            "year": 2020,
            "quarter": 2,
            "eps": 1.9,
            "eps_growth_year": 153.33,
            "eps_4q": 5.87,
            "eps_4q_growth_year": 92.77,
            "roe": 6.65,
            "roe_4q": 23.930000000000003,
            "gross_profit": 109058,
            "gross_margin": 10.86,
            "gross_margin_4q_avg": 11.36,
            "net_income": 56900,
            "net_income_4q": null,
            "revenue": 1003811,
            "revenue_4q": null,
            "common_shares": 300000,
            "book_valuer_per_share": 28.27,
            "book_valuer_per_share_4q_avg": 27.18,
            "equity": 848072,
            "current_ratio": 219.11,
            "debt_ratio": 46.6,
            "inventory_turnover_ratio": null,
            "account_receivable_turnover_ratio": 1.5,
            "reinvestment_rate": -3.3,
            "research_to_sale_ratio": null,
            "price_fair": 131.34,
            "eps_avg_yearly": 3.75,
            "eps_latest_yearly": 7.6,
            "eps_growth_yearly": 67.2
        },
        "20203": {
            "year_quarter": 20203,
            "year": 2020,
            "quarter": 3,
            "eps": 2.06,
            "eps_growth_year": 32.9,
            "eps_4q": 6.58,
            "eps_4q_growth_year": 74.72,
            "roe": 7.07,
            "roe_4q": 24.700000000000003,
            "gross_profit": 108922,
            "gross_margin": 12.43,
            "gross_margin_4q_avg": 11.57,
            "net_income": 61820,
            "net_income_4q": null,
            "revenue": 876037,
            "revenue_4q": null,
            "common_shares": 300000,
            "book_valuer_per_share": 30.04,
            "book_valuer_per_share_4q_avg": 28.37,
            "equity": 901187,
            "current_ratio": 249.95,
            "debt_ratio": 41.67,
            "inventory_turnover_ratio": null,
            "account_receivable_turnover_ratio": 1.41,
            "reinvestment_rate": -5.32,
            "research_to_sale_ratio": null,
            "price_fair": 134.93,
            "eps_avg_yearly": 3.86,
            "eps_latest_yearly": 8.24,
            "eps_growth_yearly": 61.82
        },
        "20204": {
            "year_quarter": 20204,
            "year": 2020,
            "quarter": 4,
            "eps": 2.06,
            "eps_growth_year": 18.15,
            "eps_4q": 7.12,
            "eps_4q_growth_year": 54.84,
            "roe": 6.67,
            "roe_4q": 24.61,
            "gross_profit": 118863,
            "gross_margin": 11.47,
            "gross_margin_4q_avg": 11.55,
            "net_income": 61945,
            "net_income_4q": null,
            "revenue": 1036095,
            "revenue_4q": null,
            "common_shares": 300000,
            "book_valuer_per_share": 31.85,
            "book_valuer_per_share_4q_avg": 29.73,
            "equity": 955560,
            "current_ratio": 256.57,
            "debt_ratio": 39.93,
            "inventory_turnover_ratio": null,
            "account_receivable_turnover_ratio": 1.65,
            "reinvestment_rate": -4.83,
            "research_to_sale_ratio": null,
            "price_fair": 146.04,
            "eps_avg_yearly": 4.17,
            "eps_latest_yearly": 8.24,
            "eps_growth_yearly": 74.85
        },
        "20211": {
            "year_quarter": 20211,
            "year": 2021,
            "quarter": 1,
            "eps": 1.6,
            "eps_growth_year": 45.45,
            "eps_4q": 7.62,
            "eps_4q_growth_year": 64.63,
            "roe": 4.91,
            "roe_4q": 25.299999999999997,
            "gross_profit": 104296,
            "gross_margin": 9.78,
            "gross_margin_4q_avg": 11.14,
            "net_income": 48053,
            "net_income_4q": null,
            "revenue": 1066066,
            "revenue_4q": null,
            "common_shares": 300000,
            "book_valuer_per_share": 33.46,
            "book_valuer_per_share_4q_avg": 30.91,
            "equity": 1003757,
            "current_ratio": 258.47,
            "debt_ratio": 39.13,
            "inventory_turnover_ratio": null,
            "account_receivable_turnover_ratio": 1.54,
            "reinvestment_rate": -4.06,
            "research_to_sale_ratio": null,
            "price_fair": 155.93,
            "eps_avg_yearly": 4.46,
            "eps_latest_yearly": 6.4,
            "eps_growth_yearly": 79.4
        },
        "20212": {
            "year_quarter": 20212,
            "year": 2021,
            "quarter": 2,
            "eps": 2.03,
            "eps_growth_year": 6.84,
            "eps_4q": 7.76,
            "eps_4q_growth_year": 32.04,
            "roe": 6.3,
            "roe_4q": 24.950000000000003,
            "gross_profit": 127904,
            "gross_margin": 11.26,
            "gross_margin_4q_avg": 11.24,
            "net_income": 60893,
            "net_income_4q": null,
            "revenue": 1136136,
            "revenue_4q": null,
            "common_shares": 300000,
            "book_valuer_per_share": 30.97,
            "book_valuer_per_share_4q_avg": 31.58,
            "equity": 929057,
            "current_ratio": 215.71,
            "debt_ratio": 46.74,
            "inventory_turnover_ratio": null,
            "account_receivable_turnover_ratio": 1.54,
            "reinvestment_rate": -3.42,
            "research_to_sale_ratio": null,
            "price_fair": 171.5,
            "eps_avg_yearly": 4.9,
            "eps_latest_yearly": 8.12,
            "eps_growth_yearly": 97.82
        },
        "20213": {
            "year_quarter": 20213,
            "year": 2021,
            "quarter": 3,
            "eps": 2.72,
            "eps_growth_year": 32.04,
            "eps_4q": 8.42,
            "eps_4q_growth_year": 27.95,
            "roe": 8.42,
            "roe_4q": 26.299999999999997,
            "gross_profit": 153629,
            "gross_margin": 11.42,
            "gross_margin_4q_avg": 10.98,
            "net_income": 81655,
            "net_income_4q": null,
            "revenue": 1345033,
            "revenue_4q": null,
            "common_shares": 300000,
            "book_valuer_per_share": 33.68,
            "book_valuer_per_share_4q_avg": 32.49,
            "equity": 1010330,
            "current_ratio": 243.24,
            "debt_ratio": 42.03,
            "inventory_turnover_ratio": null,
            "account_receivable_turnover_ratio": 1.63,
            "reinvestment_rate": -3.3,
            "research_to_sale_ratio": null,
            "price_fair": 189.7,
            "eps_avg_yearly": 5.42,
            "eps_latest_yearly": 10.88,
            "eps_growth_yearly": 67.32
        },
        "20214": {
            "year_quarter": 20214,
            "year": 2021,
            "quarter": 4,
            "eps": 3.36,
            "eps_growth_year": 62.88,
            "eps_4q": 9.72,
            "eps_4q_growth_year": 36.54,
            "roe": 9.51,
            "roe_4q": 29.14,
            "gross_profit": 179889,
            "gross_margin": 11.84,
            "gross_margin_4q_avg": 11.08,
            "net_income": 100895,
            "net_income_4q": null,
            "revenue": 1519427,
            "revenue_4q": null,
            "common_shares": 300000,
            "book_valuer_per_share": 37.03,
            "book_valuer_per_share_4q_avg": 33.79,
            "equity": 1111028,
            "current_ratio": 255.57,
            "debt_ratio": 40.5,
            "inventory_turnover_ratio": null,
            "account_receivable_turnover_ratio": 1.63,
            "reinvestment_rate": -2.78,
            "research_to_sale_ratio": null,
            "price_fair": 212.01,
            "eps_avg_yearly": 6.06,
            "eps_latest_yearly": 13.44,
            "eps_growth_yearly": 66.56
        },
        "20221": {
            "year_quarter": 20221,
            "year": 2022,
            "quarter": 1,
            "eps": 2.94,
            "eps_growth_year": 83.75,
            "eps_4q": 11.05,
            "eps_4q_growth_year": 44.99,
            "roe": 7.55,
            "roe_4q": 31.779999999999998,
            "gross_profit": 159565,
            "gross_margin": 12.45,
            "gross_margin_4q_avg": 11.74,
            "net_income": 88175,
            "net_income_4q": null,
            "revenue": 1281723,
            "revenue_4q": null,
            "common_shares": 300000,
            "book_valuer_per_share": 40.85,
            "book_valuer_per_share_4q_avg": 35.63,
            "equity": 1225574,
            "current_ratio": 274.77,
            "debt_ratio": 38.51,
            "inventory_turnover_ratio": null,
            "account_receivable_turnover_ratio": 1.33,
            "reinvestment_rate": -1.44,
            "research_to_sale_ratio": null,
            "price_fair": 234.06,
            "eps_avg_yearly": 6.69,
            "eps_latest_yearly": 11.76,
            "eps_growth_yearly": 75.47
        },
        "20222": {
            "year_quarter": 20222,
            "year": 2022,
            "quarter": 2,
            "eps": 5.17,
            "eps_growth_year": 154.68,
            "eps_4q": 14.19,
            "eps_4q_growth_year": 82.96,
            "roe": 12.52,
            "roe_4q": 38,
            "gross_profit": 248086,
            "gross_margin": 16.23,
            "gross_margin_4q_avg": 12.99,
            "net_income": 155032,
            "net_income_4q": null,
            "revenue": 1528891,
            "revenue_4q": null,
            "common_shares": 300000,
            "book_valuer_per_share": 41.69,
            "book_valuer_per_share_4q_avg": 38.31,
            "equity": 1250695,
            "current_ratio": 218.79,
            "debt_ratio": 47.2,
            "inventory_turnover_ratio": null,
            "account_receivable_turnover_ratio": 1.41,
            "reinvestment_rate": -1.11,
            "research_to_sale_ratio": null,
            "price_fair": 273.79,
            "eps_avg_yearly": 7.82,
            "eps_latest_yearly": 20.68,
            "eps_growth_yearly": 81.93
        },
        "20223": {
            "year_quarter": 20223,
            "year": 2022,
            "quarter": 3,
            "eps": 5.95,
            "eps_growth_year": 118.75,
            "eps_4q": 17.42,
            "eps_4q_growth_year": 106.92,
            "roe": 13.06,
            "roe_4q": 42.63999999999999,
            "gross_profit": 321943,
            "gross_margin": 19.38,
            "gross_margin_4q_avg": 14.98,
            "net_income": 178476,
            "net_income_4q": null,
            "revenue": 1660954,
            "revenue_4q": null,
            "common_shares": 300000,
            "book_valuer_per_share": 49.44,
            "book_valuer_per_share_4q_avg": 42.25,
            "equity": 1483078,
            "current_ratio": 233.68,
            "debt_ratio": 44.78,
            "inventory_turnover_ratio": null,
            "account_receivable_turnover_ratio": 1.25,
            "reinvestment_rate": -0.31,
            "research_to_sale_ratio": null,
            "price_fair": 318.59,
            "eps_avg_yearly": 9.1,
            "eps_latest_yearly": 23.8,
            "eps_growth_yearly": 77.77
        },
        "20224": {
            "year_quarter": 20224,
            "year": 2022,
            "quarter": 4,
            "eps": 2.62,
            "eps_growth_year": -22,
            "eps_4q": 16.68,
            "eps_4q_growth_year": 71.66,
            "roe": 5.21,
            "roe_4q": 38.339999999999996,
            "gross_profit": 203971,
            "gross_margin": 16.54,
            "gross_margin_4q_avg": 16.15,
            "net_income": 78699,
            "net_income_4q": null,
            "revenue": 1233137,
            "revenue_4q": null,
            "common_shares": 300000,
            "book_valuer_per_share": 51.21,
            "book_valuer_per_share_4q_avg": 45.8,
            "equity": 1536274,
            "current_ratio": 280.23,
            "debt_ratio": 38.66,
            "inventory_turnover_ratio": null,
            "account_receivable_turnover_ratio": 1.02,
            "reinvestment_rate": -0.38,
            "research_to_sale_ratio": null,
            "price_fair": 333.46,
            "eps_avg_yearly": 9.53,
            "eps_latest_yearly": 10.48,
            "eps_growth_yearly": 61.06
        },
        "20231": {
            "year_quarter": 20231,
            "year": 2023,
            "quarter": 1,
            "eps": 2.04,
            "eps_growth_year": -30.61,
            "eps_4q": 15.78,
            "eps_4q_growth_year": 42.74,
            "roe": 3.91,
            "roe_4q": 34.7,
            "gross_profit": 132669,
            "gross_margin": 16.32,
            "gross_margin_4q_avg": 17.12,
            "net_income": 61151,
            "net_income_4q": null,
            "revenue": 813087,
            "revenue_4q": null,
            "common_shares": 300000,
            "book_valuer_per_share": 52.93,
            "book_valuer_per_share_4q_avg": 48.82,
            "equity": 1587756,
            "current_ratio": 344.82,
            "debt_ratio": 32.51,
            "inventory_turnover_ratio": null,
            "account_receivable_turnover_ratio": 0.95,
            "reinvestment_rate": -0.37,
            "research_to_sale_ratio": null,
            "price_fair": 346.5,
            "eps_avg_yearly": 9.9,
            "eps_latest_yearly": 8.16,
            "eps_growth_yearly": 65.58
        },
        "20232": {
            "year_quarter": 20232,
            "year": 2023,
            "quarter": 2,
            "eps": 1.04,
            "eps_growth_year": -79.88,
            "eps_4q": 11.65,
            "eps_4q_growth_year": -17.9,
            "roe": 2.08,
            "roe_4q": 24.259999999999998,
            "gross_profit": 99239,
            "gross_margin": 12.94,
            "gross_margin_4q_avg": 16.3,
            "net_income": 31226,
            "net_income_4q": null,
            "revenue": 767201,
            "revenue_4q": null,
            "common_shares": 300000,
            "book_valuer_per_share": 47.24,
            "book_valuer_per_share_4q_avg": 50.21,
            "equity": 1417212,
            "current_ratio": 263.49,
            "debt_ratio": 42.25,
            "inventory_turnover_ratio": null,
            "account_receivable_turnover_ratio": 1.08,
            "reinvestment_rate": -0.36,
            "research_to_sale_ratio": null,
            "price_fair": 349.04,
            "eps_avg_yearly": 9.97,
            "eps_latest_yearly": 4.16,
            "eps_growth_yearly": 44.24
        },
        "20233": {
            "year_quarter": 20233,
            "year": 2023,
            "quarter": 3,
            "eps": 1.73,
            "eps_growth_year": -70.92,
            "eps_4q": 4.95,
            "eps_4q_growth_year": -71.6,
            "roe": 3.36,
            "roe_4q": 14.559999999999999,
            "gross_profit": 109438,
            "gross_margin": 10.36,
            "gross_margin_4q_avg": 14.04,
            "net_income": 51844,
            "net_income_4q": null,
            "revenue": 1056770,
            "revenue_4q": null,
            "common_shares": 300000,
            "book_valuer_per_share": 55.48,
            "book_valuer_per_share_4q_avg": 51.72,
            "equity": 1664473,
            "current_ratio": 330.8,
            "debt_ratio": 35.76,
            "inventory_turnover_ratio": null,
            "account_receivable_turnover_ratio": 1.23,
            "reinvestment_rate": -0.22,
            "research_to_sale_ratio": null,
            "price_fair": 350.61,
            "eps_avg_yearly": 10.02,
            "eps_latest_yearly": 6.92,
            "eps_growth_yearly": 34.16
        }
    },
    "months": {
        "2014-11": {
            "month": "2014-11",
            "price": "22.99",
            "revenue": 224145
        },
        "2014-12": {
            "month": "2014-12",
            "price": "24.74",
            "revenue": 232483
        },
        "2015-01": {
            "month": "2015-01",
            "price": "26.96",
            "revenue": 229278
        },
        "2015-02": {
            "month": "2015-02",
            "price": "25.62",
            "revenue": 175387
        },
        "2015-03": {
            "month": "2015-03",
            "price": "25.08",
            "revenue": 216032
        },
        "2015-04": {
            "month": "2015-04",
            "price": "24.55",
            "revenue": 232673
        },
        "2015-05": {
            "month": "2015-05",
            "price": "24.80",
            "revenue": 220253
        },
        "2015-06": {
            "month": "2015-06",
            "price": "24.34",
            "revenue": 195000
        },
        "2015-07": {
            "month": "2015-07",
            "price": "24.78",
            "revenue": 183074
        },
        "2015-08": {
            "month": "2015-08",
            "price": "22.89",
            "revenue": 213213
        },
        "2015-09": {
            "month": "2015-09",
            "price": "24.76",
            "revenue": 239511
        },
        "2015-10": {
            "month": "2015-10",
            "price": "26.11",
            "revenue": 273601
        },
        "2015-11": {
            "month": "2015-11",
            "price": "35.75",
            "revenue": 258739
        },
        "2015-12": {
            "month": "2015-12",
            "price": "43.96",
            "revenue": 303463
        },
        "2016-01": {
            "month": "2016-01",
            "price": "38.30",
            "revenue": 272176
        },
        "2016-02": {
            "month": "2016-02",
            "price": "38.14",
            "revenue": 153104
        },
        "2016-03": {
            "month": "2016-03",
            "price": "32.26",
            "revenue": 234495
        },
        "2016-04": {
            "month": "2016-04",
            "price": "31.93",
            "revenue": 231428
        },
        "2016-05": {
            "month": "2016-05",
            "price": "34.85",
            "revenue": 246586
        },
        "2016-06": {
            "month": "2016-06",
            "price": "38.60",
            "revenue": 234880
        },
        "2016-07": {
            "month": "2016-07",
            "price": "41.43",
            "revenue": 229088
        },
        "2016-08": {
            "month": "2016-08",
            "price": "45.67",
            "revenue": 223743
        },
        "2016-09": {
            "month": "2016-09",
            "price": "44.28",
            "revenue": 225540
        },
        "2016-10": {
            "month": "2016-10",
            "price": "41.91",
            "revenue": 244435
        },
        "2016-11": {
            "month": "2016-11",
            "price": "46.46",
            "revenue": 271237
        },
        "2016-12": {
            "month": "2016-12",
            "price": "47.38",
            "revenue": 269363
        },
        "2017-01": {
            "month": "2017-01",
            "price": "50.81",
            "revenue": 230090
        },
        "2017-02": {
            "month": "2017-02",
            "price": "48.96",
            "revenue": 175111
        },
        "2017-03": {
            "month": "2017-03",
            "price": "48.67",
            "revenue": 225972
        },
        "2017-04": {
            "month": "2017-04",
            "price": "42.58",
            "revenue": 209059
        },
        "2017-05": {
            "month": "2017-05",
            "price": "40.14",
            "revenue": 217697
        },
        "2017-06": {
            "month": "2017-06",
            "price": "39.70",
            "revenue": 206645
        },
        "2017-07": {
            "month": "2017-07",
            "price": "38.22",
            "revenue": 209678
        },
        "2017-08": {
            "month": "2017-08",
            "price": "36.66",
            "revenue": 211138
        },
        "2017-09": {
            "month": "2017-09",
            "price": "33.64",
            "revenue": 238435
        },
        "2017-10": {
            "month": "2017-10",
            "price": "34.12",
            "revenue": 216298
        },
        "2017-11": {
            "month": "2017-11",
            "price": "34.93",
            "revenue": 242788
        },
        "2017-12": {
            "month": "2017-12",
            "price": "32.63",
            "revenue": 278753
        },
        "2018-01": {
            "month": "2018-01",
            "price": "32.16",
            "revenue": 236646
        },
        "2018-02": {
            "month": "2018-02",
            "price": "31.36",
            "revenue": 177975
        },
        "2018-03": {
            "month": "2018-03",
            "price": "32.89",
            "revenue": 206497
        },
        "2018-04": {
            "month": "2018-04",
            "price": "33.48",
            "revenue": 212659
        },
        "2018-05": {
            "month": "2018-05",
            "price": "32.75",
            "revenue": 245901
        },
        "2018-06": {
            "month": "2018-06",
            "price": "31.84",
            "revenue": 211028
        },
        "2018-07": {
            "month": "2018-07",
            "price": "30.47",
            "revenue": 215299
        },
        "2018-08": {
            "month": "2018-08",
            "price": "30.73",
            "revenue": 213671
        },
        "2018-09": {
            "month": "2018-09",
            "price": "29.99",
            "revenue": 252880
        },
        "2018-10": {
            "month": "2018-10",
            "price": "28.71",
            "revenue": 237770
        },
        "2018-11": {
            "month": "2018-11",
            "price": "30.19",
            "revenue": 255598
        },
        "2018-12": {
            "month": "2018-12",
            "price": "30.10",
            "revenue": 257437
        },
        "2019-01": {
            "month": "2019-01",
            "price": "30.10",
            "revenue": 251088
        },
        "2019-02": {
            "month": "2019-02",
            "price": "30.16",
            "revenue": 153752
        },
        "2019-03": {
            "month": "2019-03",
            "price": "30.68",
            "revenue": 229916
        },
        "2019-04": {
            "month": "2019-04",
            "price": "31.59",
            "revenue": 218067
        },
        "2019-05": {
            "month": "2019-05",
            "price": "31.49",
            "revenue": 235603
        },
        "2019-06": {
            "month": "2019-06",
            "price": "31.38",
            "revenue": 256634
        },
        "2019-07": {
            "month": "2019-07",
            "price": "33.20",
            "revenue": 299173
        },
        "2019-08": {
            "month": "2019-08",
            "price": "33.29",
            "revenue": 299442
        },
        "2019-09": {
            "month": "2019-09",
            "price": "34.07",
            "revenue": 294124
        },
        "2019-10": {
            "month": "2019-10",
            "price": "34.10",
            "revenue": 294360
        },
        "2019-11": {
            "month": "2019-11",
            "price": "36.90",
            "revenue": 349703
        },
        "2019-12": {
            "month": "2019-12",
            "price": "40.03",
            "revenue": 335477
        },
        "2020-01": {
            "month": "2020-01",
            "price": "39.82",
            "revenue": 276698
        },
        "2020-02": {
            "month": "2020-02",
            "price": "37.24",
            "revenue": 169127
        },
        "2020-03": {
            "month": "2020-03",
            "price": "33.19",
            "revenue": 339842
        },
        "2020-04": {
            "month": "2020-04",
            "price": "36.56",
            "revenue": 347740
        },
        "2020-05": {
            "month": "2020-05",
            "price": "42.93",
            "revenue": 371015
        },
        "2020-06": {
            "month": "2020-06",
            "price": "49.58",
            "revenue": 285056
        },
        "2020-07": {
            "month": "2020-07",
            "price": "51.22",
            "revenue": 291290
        },
        "2020-08": {
            "month": "2020-08",
            "price": "50.58",
            "revenue": 295560
        },
        "2020-09": {
            "month": "2020-09",
            "price": "50.48",
            "revenue": 289187
        },
        "2020-10": {
            "month": "2020-10",
            "price": "49.63",
            "revenue": 305042
        },
        "2020-11": {
            "month": "2020-11",
            "price": "52.66",
            "revenue": 354174
        },
        "2020-12": {
            "month": "2020-12",
            "price": "63.53",
            "revenue": 376879
        },
        "2021-01": {
            "month": "2021-01",
            "price": "64.18",
            "revenue": 415397
        },
        "2021-02": {
            "month": "2021-02",
            "price": "63.69",
            "revenue": 287558
        },
        "2021-03": {
            "month": "2021-03",
            "price": "69.26",
            "revenue": 363111
        },
        "2021-04": {
            "month": "2021-04",
            "price": "69.02",
            "revenue": 355456
        },
        "2021-05": {
            "month": "2021-05",
            "price": "60.64",
            "revenue": 397943
        },
        "2021-06": {
            "month": "2021-06",
            "price": "95.50",
            "revenue": 382737
        },
        "2021-07": {
            "month": "2021-07",
            "price": "98.39",
            "revenue": 429414
        },
        "2021-08": {
            "month": "2021-08",
            "price": "84.92",
            "revenue": 491292
        },
        "2021-09": {
            "month": "2021-09",
            "price": "77.68",
            "revenue": 433153
        },
        "2021-10": {
            "month": "2021-10",
            "price": "66.60",
            "revenue": 462064
        },
        "2021-11": {
            "month": "2021-11",
            "price": "74.05",
            "revenue": 533546
        },
        "2021-12": {
            "month": "2021-12",
            "price": "78.02",
            "revenue": 514991
        },
        "2022-01": {
            "month": "2022-01",
            "price": "73.59",
            "revenue": 512992
        },
        "2022-02": {
            "month": "2022-02",
            "price": "72.46",
            "revenue": 351242
        },
        "2022-03": {
            "month": "2022-03",
            "price": "72.17",
            "revenue": 417489
        },
        "2022-04": {
            "month": "2022-04",
            "price": "71.26",
            "revenue": 492452
        },
        "2022-05": {
            "month": "2022-05",
            "price": "72.17",
            "revenue": 468094
        },
        "2022-06": {
            "month": "2022-06",
            "price": "69.77",
            "revenue": 568345
        },
        "2022-07": {
            "month": "2022-07",
            "price": "67.95",
            "revenue": 514851
        },
        "2022-08": {
            "month": "2022-08",
            "price": "72.70",
            "revenue": 598232
        },
        "2022-09": {
            "month": "2022-09",
            "price": "69.53",
            "revenue": 547871
        },
        "2022-10": {
            "month": "2022-10",
            "price": "67.98",
            "revenue": 440104
        },
        "2022-11": {
            "month": "2022-11",
            "price": "70.55",
            "revenue": 387314
        },
        "2022-12": {
            "month": "2022-12",
            "price": "68.91",
            "revenue": 405719
        },
        "2023-01": {
            "month": "2023-01",
            "price": "68.09",
            "revenue": 317074
        },
        "2023-02": {
            "month": "2023-02",
            "price": "69.52",
            "revenue": 329969
        },
        "2023-03": {
            "month": "2023-03",
            "price": "73.66",
            "revenue": 166044
        },
        "2023-04": {
            "month": "2023-04",
            "price": "72.88",
            "revenue": 231232
        },
        "2023-05": {
            "month": "2023-05",
            "price": "71.38",
            "revenue": 270818
        },
        "2023-06": {
            "month": "2023-06",
            "price": "73.48",
            "revenue": 265151
        },
        "2023-07": {
            "month": "2023-07",
            "price": "69.36",
            "revenue": 299172
        },
        "2023-08": {
            "month": "2023-08",
            "price": "68.34",
            "revenue": 374326
        },
        "2023-09": {
            "month": "2023-09",
            "price": "69.58",
            "revenue": 383272
        },
        "2023-10": {
            "month": "2023-10",
            "price": "66.84",
            "revenue": 390433
        },
        "2023-11": {
            "month": "2023-11",
            "price": "66.87",
            "revenue": 555683
        },
        "2023-12": {
            "month": "2023-12",
            "price": "73.40",
            "revenue": 584482
        }
    }
}
