{
    "summary": {
        "stock_name": "萬企",
        "stock_id": "2701",
        "category": "觀光",
        "main_business": "育樂<br>租賃",
        "website_url": "http://www.wanhwa.com.tw",
        "ceo": "吳雅珍",
        "pe_ratio": 30,
        "report_year_from": 2001,
        "report_year_to": 2023,
        "age": 22,
        "eps_negative_percentage": 0,
        "eps_growth_avg": {
            "last_all": 3.47,
            "last_2y": -3.34,
            "last_4y": -2.21,
            "last_8y": 4.66,
            "last_12y": 2.42,
            "last_16y": 3.2,
            "last_20y": 3.47,
            "at_2006_last_3y": 27.39,
            "at_2007_last_3y": 17.94,
            "at_2008_last_3y": 6.14,
            "at_2009_last_3y": 5.72,
            "at_2010_last_3y": -10.57,
            "at_2011_last_3y": -0.96,
            "at_2012_last_3y": 8.11,
            "at_2013_last_3y": -2.62,
            "at_2014_last_3y": 5.83,
            "at_2015_last_3y": 14.24,
            "at_2016_last_3y": 11,
            "at_2017_last_3y": 13.24,
            "at_2018_last_3y": 0.6,
            "at_2019_last_3y": 2.33,
            "at_2020_last_3y": -12.89,
            "at_2021_last_3y": -27.76,
            "at_2022_last_3y": 2.56,
            "at_2023_last_3y": 2.56,
            "at_2006_last_all": 15.84,
            "at_2007_last_all": 3.41,
            "at_2008_last_all": 0.26,
            "at_2009_last_all": 5.18,
            "at_2010_last_all": 4.1,
            "at_2011_last_all": 1.66,
            "at_2012_last_all": 3.12,
            "at_2013_last_all": 2.58,
            "at_2014_last_all": 4.63,
            "at_2015_last_all": 5.26,
            "at_2016_last_all": 5.22,
            "at_2017_last_all": 5.24,
            "at_2018_last_all": 3.68,
            "at_2019_last_all": 4.61,
            "at_2020_last_all": 1.41,
            "at_2021_last_all": -1.36,
            "at_2022_last_all": 3.47,
            "at_2023_last_all": 3.47
        },
        "latest_eps": 0.48,
        "latest_price": 14.25,
        "latest_roe": 2.78,
        "latest_gross_margin": 64.63,
        "latest_equity": 8003250,
        "latest_revenue": 75333,
        "latest_gross_profit": 48687,
        "latest_net_income": 23675,
        "latest_debt_ratio": 13.47,
        "latest_current_ratio": 1151.29,
        "latest_account_receivable_turnover_ratio": 3964.89,
        "latest_inventory_turnover_ratio": null,
        "latest_reinvestment_rate": 7.45,
        "latest_research_to_sale_ratio": null
    },
    "eps_dividends": {
        "1991": {
            "cash": 0,
            "stock": 1.8,
            "eps": 0
        },
        "1992": {
            "cash": 0,
            "stock": 1,
            "eps": 0
        },
        "1993": {
            "cash": 0,
            "stock": 1,
            "eps": 0
        },
        "1994": {
            "cash": 0,
            "stock": 1.2,
            "eps": 0
        },
        "1995": {
            "cash": 0,
            "stock": 1,
            "eps": 0
        },
        "1996": {
            "cash": 0,
            "stock": 0.8,
            "eps": 0
        },
        "1997": {
            "cash": 0,
            "stock": 0.5,
            "eps": 0
        },
        "1998": {
            "cash": 0,
            "stock": 0.5,
            "eps": 0
        },
        "1999": {
            "cash": 10,
            "stock": 53,
            "eps": 0
        },
        "2000": {
            "cash": 0.11,
            "stock": 0.34,
            "eps": 0
        },
        "2001": {
            "cash": 0,
            "stock": 0,
            "eps": 0.89
        },
        "2002": {
            "cash": 0.11,
            "stock": 0.5,
            "eps": 0.62
        },
        "2003": {
            "cash": 0.17,
            "stock": 0,
            "eps": 0.49
        },
        "2004": {
            "cash": 0.11,
            "stock": 0.3,
            "eps": 0.63
        },
        "2005": {
            "cash": 0.1,
            "stock": 0.2,
            "eps": 0.89
        },
        "2006": {
            "cash": 0.25,
            "stock": 0.9,
            "eps": 1.43
        },
        "2007": {
            "cash": 0.35,
            "stock": 1.35,
            "eps": 0.59
        },
        "2008": {
            "cash": 0,
            "stock": 0,
            "eps": 0.48
        },
        "2009": {
            "cash": 0.07,
            "stock": 0.35,
            "eps": 0.67
        },
        "2010": {
            "cash": 0.09,
            "stock": 0.5,
            "eps": 0.64
        },
        "2011": {
            "cash": 0.2,
            "stock": 0.85,
            "eps": 0.51
        },
        "2012": {
            "cash": 0,
            "stock": 0,
            "eps": 0.6
        },
        "2013": {
            "cash": 0.13,
            "stock": 0.4,
            "eps": 0.58
        },
        "2014": {
            "cash": 0.12,
            "stock": 0.38,
            "eps": 0.75
        },
        "2015": {
            "cash": 0.16,
            "stock": 0.5,
            "eps": 0.85
        },
        "2016": {
            "cash": 0.2,
            "stock": 0.5,
            "eps": 0.89
        },
        "2017": {
            "cash": 0.25,
            "stock": 0.5,
            "eps": 0.94
        },
        "2018": {
            "cash": 0.25,
            "stock": 0.26,
            "eps": 0.74
        },
        "2019": {
            "cash": 0.4,
            "stock": 0,
            "eps": 0.89
        },
        "2020": {
            "cash": 0.4,
            "stock": 0,
            "eps": 0.39
        },
        "2021": {
            "cash": 0.25,
            "stock": 0,
            "eps": 0.18
        },
        "2022": {
            "cash": 0.17,
            "stock": 0,
            "eps": 0.47
        },
        "2023": {
            "cash": 0.25,
            "stock": 0,
            "eps": 0.05
        }
    },
    "dividends": {
        "1991-05-25": {
            "cash": 0,
            "stock": 1.8
        },
        "1992-05-18": {
            "cash": 0,
            "stock": 1
        },
        "1993-05-08": {
            "cash": 0,
            "stock": 1
        },
        "1994-06-11": {
            "cash": 0,
            "stock": 1.2
        },
        "1995-06-12": {
            "cash": 0,
            "stock": 1
        },
        "1996-05-31": {
            "cash": 0,
            "stock": 0.8
        },
        "1997-05-31": {
            "cash": 0,
            "stock": 0.5
        },
        "1998-06-19": {
            "cash": 0,
            "stock": 0.5
        },
        "1999-06-11": {
            "cash": 10,
            "stock": 53
        },
        "2000-05-19": {
            "cash": 0.11,
            "stock": 0.34
        },
        "2002-06-21": {
            "cash": 0.11,
            "stock": 0.5
        },
        "2003-03-28": {
            "cash": 0.17,
            "stock": 0
        },
        "2004-03-30": {
            "cash": 0.11,
            "stock": 0.3
        },
        "2005-06-28": {
            "cash": 0.1,
            "stock": 0.2
        },
        "2006-03-31": {
            "cash": 0.25,
            "stock": 0.9
        },
        "2007-03-30": {
            "cash": 0.22,
            "stock": 1
        },
        "2007-06-02": {
            "cash": 0.13,
            "stock": 0.35
        },
        "2009-03-26": {
            "cash": 0.07,
            "stock": 0.35
        },
        "2010-03-26": {
            "cash": 0.09,
            "stock": 0.5
        },
        "2011-01-01": {
            "cash": 0.1,
            "stock": 0.35
        },
        "2011-03-29": {
            "cash": 0.1,
            "stock": 0.5
        },
        "2013-03-21": {
            "cash": 0.13,
            "stock": 0.4
        },
        "2014-10-08": {
            "cash": 0.12,
            "stock": 0.38
        },
        "2015-10-08": {
            "cash": 0.16,
            "stock": 0.5
        },
        "2016-10-05": {
            "cash": 0.2,
            "stock": 0.5
        },
        "2017-10-05": {
            "cash": 0.25,
            "stock": 0.5
        },
        "2018-10-03": {
            "cash": 0.25,
            "stock": 0.26
        },
        "2019-10-01": {
            "cash": 0.4,
            "stock": 0
        },
        "2020-10-05": {
            "cash": 0.4,
            "stock": 0
        },
        "2021-10-27": {
            "cash": 0.25,
            "stock": 0
        },
        "2022-10-17": {
            "cash": 0.17,
            "stock": 0
        },
        "2023-03-09": {
            "cash": 0.25,
            "stock": 0
        }
    },
    "prices": {
        "200101": "13.40",
        "200102": "13.89",
        "200103": "13.40",
        "200104": "13.54",
        "200105": "13.58",
        "200106": "12.81",
        "200107": "11.74",
        "200108": "11.28",
        "200109": "10.10",
        "200110": "9.48",
        "200111": "9.35",
        "200112": "10.52",
        "200201": "11.43",
        "200202": "11.19",
        "200203": "12.14",
        "200204": "12.92",
        "200205": "12.49",
        "200206": "12.53",
        "200207": "12.23",
        "200208": "11.71",
        "200209": "10.73",
        "200210": "9.84",
        "200211": "10.48",
        "200212": "11.08",
        "200301": "12.23",
        "200302": "12.11",
        "200303": "11.66",
        "200304": "10.85",
        "200305": "9.89",
        "200306": "10.99",
        "200307": "10.71",
        "200308": "10.63",
        "200309": "10.74",
        "200310": "11.23",
        "200311": "11.69",
        "200312": "11.20",
        "200401": "11.74",
        "200402": "15.47",
        "200403": "13.90",
        "200404": "12.35",
        "200405": "10.85",
        "200406": "10.78",
        "200407": "10.55",
        "200408": "10.24",
        "200409": "10.76",
        "200410": "10.90",
        "200411": "10.82",
        "200412": "11.35",
        "200501": "13.33",
        "200502": "12.59",
        "200503": "12.20",
        "200504": "11.08",
        "200505": "12.89",
        "200506": "15.89",
        "200507": "14.65",
        "200508": "14.55",
        "200509": "13.64",
        "200510": "13.44",
        "200511": "13.72",
        "200512": "15.59",
        "200601": "14.49",
        "200602": "13.61",
        "200603": "12.95",
        "200604": "15.90",
        "200605": "20.07",
        "200606": "18.60",
        "200607": "18.09",
        "200608": "17.87",
        "200609": "17.10",
        "200610": "17.37",
        "200611": "17.52",
        "200612": "18.92",
        "200701": "18.34",
        "200702": "19.36",
        "200703": "17.90",
        "200704": "18.64",
        "200705": "17.38",
        "200706": "17.68",
        "200707": "19.63",
        "200708": "18.26",
        "200709": "17.88",
        "200710": "17.52",
        "200711": "16.34",
        "200712": "15.14",
        "200801": "16.15",
        "200802": "17.51",
        "200803": "19.81",
        "200804": "20.22",
        "200805": "18.99",
        "200806": "17.13",
        "200807": "13.91",
        "200808": "14.00",
        "200809": "11.84",
        "200810": "10.10",
        "200811": "9.66",
        "200812": "10.28",
        "200901": "10.06",
        "200902": "9.88",
        "200903": "10.86",
        "200904": "12.92",
        "200905": "13.83",
        "200906": "13.99",
        "200907": "14.28",
        "200908": "13.99",
        "200909": "13.72",
        "200910": "14.12",
        "200911": "13.99",
        "200912": "14.22",
        "201001": "16.65",
        "201002": "16.56",
        "201003": "16.62",
        "201004": "16.95",
        "201005": "14.89",
        "201006": "14.56",
        "201007": "15.66",
        "201008": "17.30",
        "201009": "17.98",
        "201010": "17.80",
        "201011": "17.11",
        "201012": "16.80",
        "201101": "16.92",
        "201102": "15.81",
        "201103": "15.15",
        "201104": "15.92",
        "201105": "15.93",
        "201106": "16.36",
        "201107": "16.80",
        "201108": "15.43",
        "201109": "14.70",
        "201110": "14.13",
        "201111": "13.55",
        "201112": "12.64",
        "201201": "12.92",
        "201202": "14.22",
        "201203": "14.15",
        "201204": "13.50",
        "201205": "13.27",
        "201206": "12.87",
        "201207": "12.94",
        "201208": "14.12",
        "201209": "15.07",
        "201210": "14.74",
        "201211": "14.27",
        "201212": "14.15",
        "201301": "14.46",
        "201302": "14.34",
        "201303": "13.95",
        "201304": "14.05",
        "201305": "14.25",
        "201306": "14.05",
        "201307": "14.08",
        "201308": "14.62",
        "201309": "14.22",
        "201310": "14.74",
        "201311": "14.80",
        "201312": "14.89",
        "201401": "14.96",
        "201402": "14.89",
        "201403": "14.91",
        "201404": "14.87",
        "201405": "14.70",
        "201406": "14.87",
        "201407": "15.67",
        "201408": "15.50",
        "201409": "15.16",
        "201410": "14.88",
        "201411": "15.12",
        "201412": "15.26",
        "201501": "15.04",
        "201502": "15.07",
        "201503": "15.27",
        "201504": "15.54",
        "201505": "15.97",
        "201506": "15.25",
        "201507": "15.25",
        "201508": "14.40",
        "201509": "13.95",
        "201510": "14.12",
        "201511": "14.30",
        "201512": "14.16",
        "201601": "14.21",
        "201602": "14.62",
        "201603": "14.61",
        "201604": "14.49",
        "201605": "14.34",
        "201606": "14.27",
        "201607": "14.37",
        "201608": "14.08",
        "201609": "13.54",
        "201610": "13.73",
        "201611": "13.45",
        "201612": "13.43",
        "201701": "13.49",
        "201702": "14.02",
        "201703": "14.08",
        "201704": "14.02",
        "201705": "14.01",
        "201706": "14.05",
        "201707": "14.02",
        "201708": "13.71",
        "201709": "13.19",
        "201710": "13.17",
        "201711": "13.27",
        "201712": "13.25",
        "201801": "13.62",
        "201802": "13.32",
        "201803": "13.25",
        "201804": "13.19",
        "201805": "13.08",
        "201806": "12.93",
        "201807": "12.86",
        "201808": "12.86",
        "201809": "12.51",
        "201810": "12.57",
        "201811": "12.65",
        "201812": "12.70",
        "201901": "12.71",
        "201902": "12.81",
        "201903": "12.88",
        "201904": "12.84",
        "201905": "12.81",
        "201906": "13.15",
        "201907": "13.40",
        "201908": "13.20",
        "201909": "13.13",
        "201910": "13.11",
        "201911": "13.22",
        "201912": "13.34",
        "202001": "13.36",
        "202002": "12.96",
        "202003": "11.60",
        "202004": "11.31",
        "202005": "11.80",
        "202006": "12.32",
        "202007": "12.37",
        "202008": "12.04",
        "202009": "11.80",
        "202010": "11.75",
        "202011": "11.84",
        "202012": "12.05",
        "202101": "11.97",
        "202102": "11.87",
        "202103": "12.00",
        "202104": "12.42",
        "202105": "12.05",
        "202106": "12.47",
        "202107": "12.64",
        "202108": "12.08",
        "202109": "11.90",
        "202110": "12.03",
        "202111": "12.29",
        "202112": "12.12",
        "202201": "12.06",
        "202202": "12.17",
        "202203": "12.13",
        "202204": "12.07",
        "202205": "11.82",
        "202206": "11.93",
        "202207": "11.82",
        "202208": "12.05",
        "202209": "12.08",
        "202210": "11.92",
        "202211": "12.07",
        "202212": "12.12",
        "202301": "12.10",
        "202302": "12.48",
        "202303": "12.79",
        "202304": "12.67",
        "202305": "13.03",
        "202306": "14.35"
    },
    "quarters": {
        "20011": {
            "year_quarter": 20011,
            "year": 2001,
            "quarter": 1,
            "eps": 0.2,
            "eps_growth_year": -80,
            "eps_4q": 1.16,
            "eps_4q_growth_year": -36,
            "roe": 1.21,
            "roe_4q": 1.21,
            "gross_profit": 56696,
            "gross_margin": 80.75,
            "gross_margin_4q_avg": 80.75,
            "net_income": 39285,
            "revenue": 70216,
            "common_shares": 1956495,
            "book_valuer_per_share": 16.66,
            "book_valuer_per_share_4q_avg": 16.66,
            "equity": 3258550,
            "current_ratio": 530.13,
            "debt_ratio": 25.09,
            "inventory_turnover_ratio": null,
            "account_receivable_turnover_ratio": null,
            "reinvestment_rate": null,
            "research_to_sale_ratio": null,
            "price_fair": 0,
            "eps_avg_yearly": 0,
            "eps_latest_yearly": 0,
            "eps_growth_yearly": 0
        },
        "20012": {
            "year_quarter": 20012,
            "year": 2001,
            "quarter": 2,
            "eps": 0.38,
            "eps_growth_year": -7.32,
            "eps_4q": 1.14,
            "eps_4q_growth_year": -37.24,
            "roe": 2.23,
            "roe_4q": 3.44,
            "gross_profit": 54753,
            "gross_margin": 83.16,
            "gross_margin_4q_avg": 81.96,
            "net_income": 73538,
            "revenue": 65838,
            "common_shares": 1956495,
            "book_valuer_per_share": 17.06,
            "book_valuer_per_share_4q_avg": 16.86,
            "equity": 3337071,
            "current_ratio": 295.24,
            "debt_ratio": 25.22,
            "inventory_turnover_ratio": null,
            "account_receivable_turnover_ratio": null,
            "reinvestment_rate": null,
            "research_to_sale_ratio": null,
            "price_fair": 0,
            "eps_avg_yearly": 0,
            "eps_latest_yearly": 0,
            "eps_growth_yearly": 0
        },
        "20013": {
            "year_quarter": 20013,
            "year": 2001,
            "quarter": 3,
            "eps": 0.13,
            "eps_growth_year": -27.78,
            "eps_4q": 1,
            "eps_4q_growth_year": -47,
            "roe": 0.83,
            "roe_4q": 4.27,
            "gross_profit": 55295,
            "gross_margin": 82.9,
            "gross_margin_4q_avg": 82.27,
            "net_income": 27732,
            "revenue": 66701,
            "common_shares": 2171710,
            "book_valuer_per_share": 15.51,
            "book_valuer_per_share_4q_avg": 16.41,
            "equity": 3367604,
            "current_ratio": 361.26,
            "debt_ratio": 24.42,
            "inventory_turnover_ratio": null,
            "account_receivable_turnover_ratio": null,
            "reinvestment_rate": null,
            "research_to_sale_ratio": null,
            "price_fair": 0,
            "eps_avg_yearly": 0,
            "eps_latest_yearly": 0,
            "eps_growth_yearly": 0
        },
        "20014": {
            "year_quarter": 20014,
            "year": 2001,
            "quarter": 4,
            "eps": 0.18,
            "eps_growth_year": -52.63,
            "eps_4q": 0.83,
            "eps_4q_growth_year": -57.55,
            "roe": 1.15,
            "roe_4q": 5.42,
            "gross_profit": -2328,
            "gross_margin": -3.93,
            "gross_margin_4q_avg": 60.72,
            "net_income": 38867,
            "revenue": 59260,
            "common_shares": 2171709,
            "book_valuer_per_share": 15.74,
            "book_valuer_per_share_4q_avg": 16.24,
            "equity": 3419182,
            "current_ratio": 479.35,
            "debt_ratio": 23.34,
            "inventory_turnover_ratio": null,
            "account_receivable_turnover_ratio": null,
            "reinvestment_rate": null,
            "research_to_sale_ratio": null,
            "price_fair": 0,
            "eps_avg_yearly": 0,
            "eps_latest_yearly": 0,
            "eps_growth_yearly": 0
        },
        "20021": {
            "year_quarter": 20021,
            "year": 2002,
            "quarter": 1,
            "eps": 0.12,
            "eps_growth_year": -40,
            "eps_4q": 0.79,
            "eps_4q_growth_year": -32.28,
            "roe": 0.73,
            "roe_4q": 4.9399999999999995,
            "gross_profit": 38371,
            "gross_margin": 57.35,
            "gross_margin_4q_avg": 54.87,
            "net_income": 25216,
            "revenue": 66912,
            "common_shares": 2171709,
            "book_valuer_per_share": 15.87,
            "book_valuer_per_share_4q_avg": 16.05,
            "equity": 3445808,
            "current_ratio": 265.11,
            "debt_ratio": 24.5,
            "inventory_turnover_ratio": null,
            "account_receivable_turnover_ratio": null,
            "reinvestment_rate": null,
            "research_to_sale_ratio": null,
            "price_fair": 1.44,
            "eps_avg_yearly": 0.48,
            "eps_latest_yearly": 0.48,
            "eps_growth_yearly": -133.33
        },
        "20022": {
            "year_quarter": 20022,
            "year": 2002,
            "quarter": 2,
            "eps": 0.19,
            "eps_growth_year": -50,
            "eps_4q": 0.61,
            "eps_4q_growth_year": -46.5,
            "roe": 1.21,
            "roe_4q": 3.92,
            "gross_profit": 36095,
            "gross_margin": 55.34,
            "gross_margin_4q_avg": 47.92,
            "net_income": 41521,
            "revenue": 65224,
            "common_shares": 2171709,
            "book_valuer_per_share": 15.73,
            "book_valuer_per_share_4q_avg": 15.71,
            "equity": 3415117,
            "current_ratio": 276.23,
            "debt_ratio": 24.6,
            "inventory_turnover_ratio": null,
            "account_receivable_turnover_ratio": null,
            "reinvestment_rate": null,
            "research_to_sale_ratio": null,
            "price_fair": 21.7,
            "eps_avg_yearly": 0.62,
            "eps_latest_yearly": 0.76,
            "eps_growth_yearly": 50
        },
        "20023": {
            "year_quarter": 20023,
            "year": 2002,
            "quarter": 3,
            "eps": 0.15,
            "eps_growth_year": 15.38,
            "eps_4q": 0.62,
            "eps_4q_growth_year": -38.47,
            "roe": 1.02,
            "roe_4q": 4.109999999999999,
            "gross_profit": 39421,
            "gross_margin": 63,
            "gross_margin_4q_avg": 42.94,
            "net_income": 33892,
            "revenue": 62574,
            "common_shares": 2171710,
            "book_valuer_per_share": 15.01,
            "book_valuer_per_share_4q_avg": 15.59,
            "equity": 3260082,
            "current_ratio": 331.79,
            "debt_ratio": 25.01,
            "inventory_turnover_ratio": null,
            "account_receivable_turnover_ratio": null,
            "reinvestment_rate": null,
            "research_to_sale_ratio": null,
            "price_fair": 9.36,
            "eps_avg_yearly": 0.61,
            "eps_latest_yearly": 0.6,
            "eps_growth_yearly": 5.26
        },
        "20024": {
            "year_quarter": 20024,
            "year": 2002,
            "quarter": 4,
            "eps": 0.16,
            "eps_growth_year": -11.11,
            "eps_4q": 0.6,
            "eps_4q_growth_year": -28.11,
            "roe": 1.13,
            "roe_4q": 4.09,
            "gross_profit": 39320,
            "gross_margin": 62.76,
            "gross_margin_4q_avg": 59.61,
            "net_income": 36814,
            "revenue": 62650,
            "common_shares": 2280295,
            "book_valuer_per_share": 14.24,
            "book_valuer_per_share_4q_avg": 15.21,
            "equity": 3246849,
            "current_ratio": 557.94,
            "debt_ratio": 24.3,
            "inventory_turnover_ratio": null,
            "account_receivable_turnover_ratio": null,
            "reinvestment_rate": -4.92,
            "research_to_sale_ratio": null,
            "price_fair": 12.78,
            "eps_avg_yearly": 0.62,
            "eps_latest_yearly": 0.64,
            "eps_growth_yearly": 10.61
        },
        "20031": {
            "year_quarter": 20031,
            "year": 2003,
            "quarter": 1,
            "eps": 0.12,
            "eps_growth_year": 0,
            "eps_4q": 0.61,
            "eps_4q_growth_year": -22.38,
            "roe": 0.84,
            "roe_4q": 4.199999999999999,
            "gross_profit": 40800,
            "gross_margin": 65.87,
            "gross_margin_4q_avg": 61.74,
            "net_income": 27440,
            "revenue": 61944,
            "common_shares": 2280295,
            "book_valuer_per_share": 14.29,
            "book_valuer_per_share_4q_avg": 14.82,
            "equity": 3257624,
            "current_ratio": 315.55,
            "debt_ratio": 25.43,
            "inventory_turnover_ratio": null,
            "account_receivable_turnover_ratio": null,
            "reinvestment_rate": -5.21,
            "research_to_sale_ratio": null,
            "price_fair": 1.78,
            "eps_avg_yearly": 0.59,
            "eps_latest_yearly": 0.48,
            "eps_growth_yearly": -11.51
        },
        "20032": {
            "year_quarter": 20032,
            "year": 2003,
            "quarter": 2,
            "eps": 0.18,
            "eps_growth_year": -5.26,
            "eps_4q": 0.61,
            "eps_4q_growth_year": -0.38,
            "roe": 1.27,
            "roe_4q": 4.26,
            "gross_profit": 38448,
            "gross_margin": 66.44,
            "gross_margin_4q_avg": 64.52,
            "net_income": 41294,
            "revenue": 57867,
            "common_shares": 2280295,
            "book_valuer_per_share": 14.24,
            "book_valuer_per_share_4q_avg": 14.45,
            "equity": 3247131,
            "current_ratio": 273.23,
            "debt_ratio": 25.81,
            "inventory_turnover_ratio": null,
            "account_receivable_turnover_ratio": null,
            "reinvestment_rate": -3.47,
            "research_to_sale_ratio": null,
            "price_fair": 20.7,
            "eps_avg_yearly": 0.61,
            "eps_latest_yearly": 0.72,
            "eps_growth_yearly": 23.74
        },
        "20033": {
            "year_quarter": 20033,
            "year": 2003,
            "quarter": 3,
            "eps": 0.12,
            "eps_growth_year": -20,
            "eps_4q": 0.58,
            "eps_4q_growth_year": -6.85,
            "roe": 0.85,
            "roe_4q": 4.09,
            "gross_profit": 38294,
            "gross_margin": 61.1,
            "gross_margin_4q_avg": 64.04,
            "net_income": 27831,
            "revenue": 62675,
            "common_shares": 2280295,
            "book_valuer_per_share": 14.35,
            "book_valuer_per_share_4q_avg": 14.28,
            "equity": 3272388,
            "current_ratio": 328.18,
            "debt_ratio": 25.11,
            "inventory_turnover_ratio": null,
            "account_receivable_turnover_ratio": null,
            "reinvestment_rate": -3.34,
            "research_to_sale_ratio": null,
            "price_fair": 6.72,
            "eps_avg_yearly": 0.59,
            "eps_latest_yearly": 0.48,
            "eps_growth_yearly": 1.3
        },
        "20034": {
            "year_quarter": 20034,
            "year": 2003,
            "quarter": 4,
            "eps": 0.07,
            "eps_growth_year": -56.25,
            "eps_4q": 0.5,
            "eps_4q_growth_year": -15.55,
            "roe": 0.47,
            "roe_4q": 3.4299999999999997,
            "gross_profit": 38576,
            "gross_margin": 62.53,
            "gross_margin_4q_avg": 63.99,
            "net_income": 15558,
            "revenue": 61692,
            "common_shares": 2280295,
            "book_valuer_per_share": 14.54,
            "book_valuer_per_share_4q_avg": 14.36,
            "equity": 3314993,
            "current_ratio": 515.93,
            "debt_ratio": 23.92,
            "inventory_turnover_ratio": null,
            "account_receivable_turnover_ratio": null,
            "reinvestment_rate": -3.46,
            "research_to_sale_ratio": null,
            "price_fair": 1.67,
            "eps_avg_yearly": 0.56,
            "eps_latest_yearly": 0.28,
            "eps_growth_yearly": -19.69
        },
        "20041": {
            "year_quarter": 20041,
            "year": 2004,
            "quarter": 1,
            "eps": 0.12,
            "eps_growth_year": 0,
            "eps_4q": 0.49,
            "eps_4q_growth_year": -20.5,
            "roe": 0.83,
            "roe_4q": 3.42,
            "gross_profit": 39332,
            "gross_margin": 64.98,
            "gross_margin_4q_avg": 63.76,
            "net_income": 27795,
            "revenue": 60531,
            "common_shares": 2280295,
            "book_valuer_per_share": 14.88,
            "book_valuer_per_share_4q_avg": 14.5,
            "equity": 3393817,
            "current_ratio": 296.86,
            "debt_ratio": 24.73,
            "inventory_turnover_ratio": null,
            "account_receivable_turnover_ratio": null,
            "reinvestment_rate": -3.5,
            "research_to_sale_ratio": null,
            "price_fair": 13.25,
            "eps_avg_yearly": 0.55,
            "eps_latest_yearly": 0.48,
            "eps_growth_yearly": 14.24
        },
        "20042": {
            "year_quarter": 20042,
            "year": 2004,
            "quarter": 2,
            "eps": 0.23,
            "eps_growth_year": 27.78,
            "eps_4q": 0.54,
            "eps_4q_growth_year": -11.68,
            "roe": 1.58,
            "roe_4q": 3.73,
            "gross_profit": 39735,
            "gross_margin": 60.77,
            "gross_margin_4q_avg": 62.35,
            "net_income": 53364,
            "revenue": 65386,
            "common_shares": 2280295,
            "book_valuer_per_share": 14.76,
            "book_valuer_per_share_4q_avg": 14.63,
            "equity": 3364703,
            "current_ratio": 301.95,
            "debt_ratio": 24.98,
            "inventory_turnover_ratio": null,
            "account_receivable_turnover_ratio": null,
            "reinvestment_rate": -0.46,
            "research_to_sale_ratio": null,
            "price_fair": 20.44,
            "eps_avg_yearly": 0.58,
            "eps_latest_yearly": 0.92,
            "eps_growth_yearly": 49.48
        },
        "20043": {
            "year_quarter": 20043,
            "year": 2004,
            "quarter": 3,
            "eps": 0.12,
            "eps_growth_year": 0,
            "eps_4q": 0.53,
            "eps_4q_growth_year": -8.65,
            "roe": 0.85,
            "roe_4q": 3.7300000000000004,
            "gross_profit": 39206,
            "gross_margin": 62.68,
            "gross_margin_4q_avg": 62.74,
            "net_income": 28634,
            "revenue": 62545,
            "common_shares": 2348704,
            "book_valuer_per_share": 14.52,
            "book_valuer_per_share_4q_avg": 14.68,
            "equity": 3410986,
            "current_ratio": 372.07,
            "debt_ratio": 24.18,
            "inventory_turnover_ratio": null,
            "account_receivable_turnover_ratio": null,
            "reinvestment_rate": -0.19,
            "research_to_sale_ratio": null,
            "price_fair": 20.11,
            "eps_avg_yearly": 0.57,
            "eps_latest_yearly": 0.48,
            "eps_growth_yearly": 27.59
        },
        "20044": {
            "year_quarter": 20044,
            "year": 2004,
            "quarter": 4,
            "eps": 0.16,
            "eps_growth_year": 128.57,
            "eps_4q": 0.62,
            "eps_4q_growth_year": 21.94,
            "roe": 1.14,
            "roe_4q": 4.3999999999999995,
            "gross_profit": 40480,
            "gross_margin": 65.82,
            "gross_margin_4q_avg": 63.56,
            "net_income": 38597,
            "revenue": 61505,
            "common_shares": 2348704,
            "book_valuer_per_share": 14.36,
            "book_valuer_per_share_4q_avg": 14.63,
            "equity": 3372134,
            "current_ratio": 533.65,
            "debt_ratio": 23.79,
            "inventory_turnover_ratio": null,
            "account_receivable_turnover_ratio": null,
            "reinvestment_rate": -0.36,
            "research_to_sale_ratio": null,
            "price_fair": 20.3,
            "eps_avg_yearly": 0.58,
            "eps_latest_yearly": 0.64,
            "eps_growth_yearly": 36.41
        },
        "20051": {
            "year_quarter": 20051,
            "year": 2005,
            "quarter": 1,
            "eps": 0.13,
            "eps_growth_year": 8.33,
            "eps_4q": 0.65,
            "eps_4q_growth_year": 33.71,
            "roe": 0.84,
            "roe_4q": 4.41,
            "gross_profit": 41343,
            "gross_margin": 68.18,
            "gross_margin_4q_avg": 64.36,
            "net_income": 30188,
            "revenue": 60641,
            "common_shares": 2348704,
            "book_valuer_per_share": 16.37,
            "book_valuer_per_share_4q_avg": 15,
            "equity": 3844124,
            "current_ratio": 322.55,
            "debt_ratio": 16.07,
            "inventory_turnover_ratio": null,
            "account_receivable_turnover_ratio": null,
            "reinvestment_rate": -0.62,
            "research_to_sale_ratio": null,
            "price_fair": 20.14,
            "eps_avg_yearly": 0.58,
            "eps_latest_yearly": 0.52,
            "eps_growth_yearly": 27.84
        },
        "20052": {
            "year_quarter": 20052,
            "year": 2005,
            "quarter": 2,
            "eps": 0.46,
            "eps_growth_year": 100,
            "eps_4q": 0.88,
            "eps_4q_growth_year": 63.36,
            "roe": 2.72,
            "roe_4q": 5.55,
            "gross_profit": 40010,
            "gross_margin": 67.32,
            "gross_margin_4q_avg": 66,
            "net_income": 107480,
            "revenue": 59435,
            "common_shares": 2348704,
            "book_valuer_per_share": 17.29,
            "book_valuer_per_share_4q_avg": 15.64,
            "equity": 4061157,
            "current_ratio": 323.41,
            "debt_ratio": 15.66,
            "inventory_turnover_ratio": null,
            "account_receivable_turnover_ratio": null,
            "reinvestment_rate": -0.08,
            "research_to_sale_ratio": null,
            "price_fair": 23.3,
            "eps_avg_yearly": 0.67,
            "eps_latest_yearly": 1.84,
            "eps_growth_yearly": 98.38
        },
        "20053": {
            "year_quarter": 20053,
            "year": 2005,
            "quarter": 3,
            "eps": 0.12,
            "eps_growth_year": 0,
            "eps_4q": 0.84,
            "eps_4q_growth_year": 59.2,
            "roe": 0.72,
            "roe_4q": 5.42,
            "gross_profit": 39322,
            "gross_margin": 66.07,
            "gross_margin_4q_avg": 66.85,
            "net_income": 29529,
            "revenue": 59517,
            "common_shares": 2395678,
            "book_valuer_per_share": 17.22,
            "book_valuer_per_share_4q_avg": 16.31,
            "equity": 4126350,
            "current_ratio": 395.5,
            "debt_ratio": 15.01,
            "inventory_turnover_ratio": null,
            "account_receivable_turnover_ratio": null,
            "reinvestment_rate": 0.08,
            "research_to_sale_ratio": null,
            "price_fair": 22.87,
            "eps_avg_yearly": 0.65,
            "eps_latest_yearly": 0.48,
            "eps_growth_yearly": 72.11
        },
        "20054": {
            "year_quarter": 20054,
            "year": 2005,
            "quarter": 4,
            "eps": 0.18,
            "eps_growth_year": 12.5,
            "eps_4q": 0.87,
            "eps_4q_growth_year": 40.75,
            "roe": 1.05,
            "roe_4q": 5.33,
            "gross_profit": 38351,
            "gross_margin": 65.78,
            "gross_margin_4q_avg": 66.84,
            "net_income": 43882,
            "revenue": 58298,
            "common_shares": 2395678,
            "book_valuer_per_share": 17.63,
            "book_valuer_per_share_4q_avg": 17.13,
            "equity": 4223831,
            "current_ratio": 674.82,
            "debt_ratio": 13.91,
            "inventory_turnover_ratio": null,
            "account_receivable_turnover_ratio": null,
            "reinvestment_rate": -2.87,
            "research_to_sale_ratio": null,
            "price_fair": 23.01,
            "eps_avg_yearly": 0.66,
            "eps_latest_yearly": 0.72,
            "eps_growth_yearly": 80.1
        },
        "20061": {
            "year_quarter": 20061,
            "year": 2006,
            "quarter": 1,
            "eps": 0.11,
            "eps_growth_year": -15.38,
            "eps_4q": 0.86,
            "eps_4q_growth_year": 33.07,
            "roe": 0.63,
            "roe_4q": 5.120000000000001,
            "gross_profit": 39848,
            "gross_margin": 69.2,
            "gross_margin_4q_avg": 67.09,
            "net_income": 26389,
            "revenue": 57587,
            "common_shares": 2395678,
            "book_valuer_per_share": 17.24,
            "book_valuer_per_share_4q_avg": 17.35,
            "equity": 4130452,
            "current_ratio": 370.21,
            "debt_ratio": 16.24,
            "inventory_turnover_ratio": null,
            "account_receivable_turnover_ratio": null,
            "reinvestment_rate": -2.71,
            "research_to_sale_ratio": null,
            "price_fair": 22.93,
            "eps_avg_yearly": 0.66,
            "eps_latest_yearly": 0.44,
            "eps_growth_yearly": 78.71
        },
        "20062": {
            "year_quarter": 20062,
            "year": 2006,
            "quarter": 2,
            "eps": 0.22,
            "eps_growth_year": -52.17,
            "eps_4q": 0.64,
            "eps_4q_growth_year": -26.72,
            "roe": 1.2,
            "roe_4q": 3.5999999999999996,
            "gross_profit": 36553,
            "gross_margin": 68.13,
            "gross_margin_4q_avg": 67.3,
            "net_income": 51951,
            "revenue": 53650,
            "common_shares": 2395678,
            "book_valuer_per_share": 18.83,
            "book_valuer_per_share_4q_avg": 17.73,
            "equity": 4510130,
            "current_ratio": 243.4,
            "debt_ratio": 16.07,
            "inventory_turnover_ratio": null,
            "account_receivable_turnover_ratio": null,
            "reinvestment_rate": -2.46,
            "research_to_sale_ratio": null,
            "price_fair": 23.19,
            "eps_avg_yearly": 0.66,
            "eps_latest_yearly": 0.88,
            "eps_growth_yearly": 89.13
        },
        "20063": {
            "year_quarter": 20063,
            "year": 2006,
            "quarter": 3,
            "eps": 0.1,
            "eps_growth_year": -16.67,
            "eps_4q": 0.59,
            "eps_4q_growth_year": -29.31,
            "roe": 0.55,
            "roe_4q": 3.4299999999999997,
            "gross_profit": 33698,
            "gross_margin": 65.53,
            "gross_margin_4q_avg": 67.16,
            "net_income": 24881,
            "revenue": 51425,
            "common_shares": 2611289,
            "book_valuer_per_share": 17.28,
            "book_valuer_per_share_4q_avg": 17.75,
            "equity": 4512625,
            "current_ratio": 295.27,
            "debt_ratio": 15.24,
            "inventory_turnover_ratio": null,
            "account_receivable_turnover_ratio": null,
            "reinvestment_rate": -2.31,
            "research_to_sale_ratio": null,
            "price_fair": 22.75,
            "eps_avg_yearly": 0.65,
            "eps_latest_yearly": 0.4,
            "eps_growth_yearly": 80.75
        },
        "20064": {
            "year_quarter": 20064,
            "year": 2006,
            "quarter": 4,
            "eps": 1,
            "eps_growth_year": 455.56,
            "eps_4q": 1.4,
            "eps_4q_growth_year": 61.38,
            "roe": 5.5,
            "roe_4q": 7.88,
            "gross_profit": 32205,
            "gross_margin": 65.39,
            "gross_margin_4q_avg": 67.06,
            "net_income": 259847,
            "revenue": 49247,
            "common_shares": 2611289,
            "book_valuer_per_share": 18.93,
            "book_valuer_per_share_4q_avg": 18.07,
            "equity": 4944429,
            "current_ratio": 622.79,
            "debt_ratio": 14.01,
            "inventory_turnover_ratio": null,
            "account_receivable_turnover_ratio": null,
            "reinvestment_rate": -1.89,
            "research_to_sale_ratio": null,
            "price_fair": 30.1,
            "eps_avg_yearly": 0.86,
            "eps_latest_yearly": 4,
            "eps_growth_yearly": 304.09
        },
        "20071": {
            "year_quarter": 20071,
            "year": 2007,
            "quarter": 1,
            "eps": 0.12,
            "eps_growth_year": 9.09,
            "eps_4q": 1.46,
            "eps_4q_growth_year": 69.25,
            "roe": 0.61,
            "roe_4q": 7.86,
            "gross_profit": 32405,
            "gross_margin": 72.75,
            "gross_margin_4q_avg": 67.95,
            "net_income": 30097,
            "revenue": 44544,
            "common_shares": 2611289,
            "book_valuer_per_share": 18.91,
            "book_valuer_per_share_4q_avg": 18.49,
            "equity": 4937514,
            "current_ratio": 334.29,
            "debt_ratio": 14.78,
            "inventory_turnover_ratio": null,
            "account_receivable_turnover_ratio": null,
            "reinvestment_rate": -1.7,
            "research_to_sale_ratio": null,
            "price_fair": 30.1,
            "eps_avg_yearly": 0.86,
            "eps_latest_yearly": 0.48,
            "eps_growth_yearly": 288.34
        },
        "20072": {
            "year_quarter": 20072,
            "year": 2007,
            "quarter": 2,
            "eps": 0.24,
            "eps_growth_year": 9.09,
            "eps_4q": 1.46,
            "eps_4q_growth_year": 127.65,
            "roe": 1.24,
            "roe_4q": 7.8999999999999995,
            "gross_profit": 37774,
            "gross_margin": 54.66,
            "gross_margin_4q_avg": 64.58,
            "net_income": 61784,
            "revenue": 69102,
            "common_shares": 2611289,
            "book_valuer_per_share": 19.23,
            "book_valuer_per_share_4q_avg": 18.59,
            "equity": 5020484,
            "current_ratio": 234.76,
            "debt_ratio": 15.4,
            "inventory_turnover_ratio": null,
            "account_receivable_turnover_ratio": null,
            "reinvestment_rate": -1.16,
            "research_to_sale_ratio": null,
            "price_fair": 30.63,
            "eps_avg_yearly": 0.88,
            "eps_latest_yearly": 0.96,
            "eps_growth_yearly": 300.84
        },
        "20073": {
            "year_quarter": 20073,
            "year": 2007,
            "quarter": 3,
            "eps": 0.08,
            "eps_growth_year": -20,
            "eps_4q": 1.32,
            "eps_4q_growth_year": 122.48,
            "roe": 0.45,
            "roe_4q": 7.8,
            "gross_profit": 24274,
            "gross_margin": 35.56,
            "gross_margin_4q_avg": 57.09,
            "net_income": 22777,
            "revenue": 68262,
            "common_shares": 2872418,
            "book_valuer_per_share": 17.86,
            "book_valuer_per_share_4q_avg": 18.73,
            "equity": 5131474,
            "current_ratio": 279.52,
            "debt_ratio": 14.78,
            "inventory_turnover_ratio": null,
            "account_receivable_turnover_ratio": null,
            "reinvestment_rate": -1.06,
            "research_to_sale_ratio": null,
            "price_fair": 30.28,
            "eps_avg_yearly": 0.87,
            "eps_latest_yearly": 0.32,
            "eps_growth_yearly": 292.5
        },
        "20074": {
            "year_quarter": 20074,
            "year": 2007,
            "quarter": 4,
            "eps": 0.15,
            "eps_growth_year": -85,
            "eps_4q": 0.55,
            "eps_4q_growth_year": -60.56,
            "roe": 0.84,
            "roe_4q": 3.14,
            "gross_profit": 15084,
            "gross_margin": 28.5,
            "gross_margin_4q_avg": 47.87,
            "net_income": 42880,
            "revenue": 52927,
            "common_shares": 2872418,
            "book_valuer_per_share": 17.62,
            "book_valuer_per_share_4q_avg": 18.41,
            "equity": 5059795,
            "current_ratio": 428.32,
            "debt_ratio": 14.32,
            "inventory_turnover_ratio": null,
            "account_receivable_turnover_ratio": null,
            "reinvestment_rate": -0.86,
            "research_to_sale_ratio": null,
            "price_fair": 30.98,
            "eps_avg_yearly": 0.89,
            "eps_latest_yearly": 0.6,
            "eps_growth_yearly": 324.8
        },
        "20081": {
            "year_quarter": 20081,
            "year": 2008,
            "quarter": 1,
            "eps": 0.05,
            "eps_growth_year": -58.33,
            "eps_4q": 0.48,
            "eps_4q_growth_year": -67.43,
            "roe": 0.29,
            "roe_4q": 2.82,
            "gross_profit": 26363,
            "gross_margin": 42.27,
            "gross_margin_4q_avg": 40.25,
            "net_income": 14946,
            "revenue": 62375,
            "common_shares": 2872418,
            "book_valuer_per_share": 18.62,
            "book_valuer_per_share_4q_avg": 18.33,
            "equity": 5348252,
            "current_ratio": 435.3,
            "debt_ratio": 13.37,
            "inventory_turnover_ratio": null,
            "account_receivable_turnover_ratio": null,
            "reinvestment_rate": -1.04,
            "research_to_sale_ratio": null,
            "price_fair": 30.36,
            "eps_avg_yearly": 0.87,
            "eps_latest_yearly": 0.2,
            "eps_growth_yearly": 290.27
        },
        "20082": {
            "year_quarter": 20082,
            "year": 2008,
            "quarter": 2,
            "eps": 0.26,
            "eps_growth_year": 8.33,
            "eps_4q": 0.55,
            "eps_4q_growth_year": -62.72,
            "roe": 1.41,
            "roe_4q": 2.99,
            "gross_profit": 23542,
            "gross_margin": 39.19,
            "gross_margin_4q_avg": 36.38,
            "net_income": 73443,
            "revenue": 60074,
            "common_shares": 2872418,
            "book_valuer_per_share": 17.55,
            "book_valuer_per_share_4q_avg": 17.91,
            "equity": 5041368,
            "current_ratio": 325.95,
            "debt_ratio": 15.17,
            "inventory_turnover_ratio": null,
            "account_receivable_turnover_ratio": null,
            "reinvestment_rate": -1.03,
            "research_to_sale_ratio": null,
            "price_fair": 30.63,
            "eps_avg_yearly": 0.88,
            "eps_latest_yearly": 1.04,
            "eps_growth_yearly": 372.36
        },
        "20083": {
            "year_quarter": 20083,
            "year": 2008,
            "quarter": 3,
            "eps": 0.07,
            "eps_growth_year": -12.5,
            "eps_4q": 0.5,
            "eps_4q_growth_year": -61.81,
            "roe": 0.43,
            "roe_4q": 2.9699999999999998,
            "gross_profit": 26485,
            "gross_margin": 32.68,
            "gross_margin_4q_avg": 35.66,
            "net_income": 21253,
            "revenue": 81039,
            "common_shares": 2972952,
            "book_valuer_per_share": 16.09,
            "book_valuer_per_share_4q_avg": 17.47,
            "equity": 4782226,
            "current_ratio": 346.82,
            "debt_ratio": 16.22,
            "inventory_turnover_ratio": null,
            "account_receivable_turnover_ratio": null,
            "reinvestment_rate": -0.47,
            "research_to_sale_ratio": null,
            "price_fair": 30.19,
            "eps_avg_yearly": 0.86,
            "eps_latest_yearly": 0.28,
            "eps_growth_yearly": 366.04
        },
        "20084": {
            "year_quarter": 20084,
            "year": 2008,
            "quarter": 4,
            "eps": 0.1,
            "eps_growth_year": -33.33,
            "eps_4q": 0.47,
            "eps_4q_growth_year": -15.57,
            "roe": 0.63,
            "roe_4q": 2.76,
            "gross_profit": 24488,
            "gross_margin": 41.92,
            "gross_margin_4q_avg": 39.02,
            "net_income": 30017,
            "revenue": 58419,
            "common_shares": 2972952,
            "book_valuer_per_share": 16.04,
            "book_valuer_per_share_4q_avg": 17.08,
            "equity": 4768193,
            "current_ratio": 534.78,
            "debt_ratio": 16.17,
            "inventory_turnover_ratio": null,
            "account_receivable_turnover_ratio": 84.6,
            "reinvestment_rate": -0.43,
            "research_to_sale_ratio": null,
            "price_fair": 29.66,
            "eps_avg_yearly": 0.85,
            "eps_latest_yearly": 0.4,
            "eps_growth_yearly": 368.42
        },
        "20091": {
            "year_quarter": 20091,
            "year": 2009,
            "quarter": 1,
            "eps": 0.05,
            "eps_growth_year": 0,
            "eps_4q": 0.45,
            "eps_4q_growth_year": -5.58,
            "roe": 0.32,
            "roe_4q": 2.79,
            "gross_profit": 26292,
            "gross_margin": 38.42,
            "gross_margin_4q_avg": 38.05,
            "net_income": 15598,
            "revenue": 68435,
            "common_shares": 2972952,
            "book_valuer_per_share": 16.82,
            "book_valuer_per_share_4q_avg": 16.63,
            "equity": 4999700,
            "current_ratio": 502.82,
            "debt_ratio": 15.88,
            "inventory_turnover_ratio": null,
            "account_receivable_turnover_ratio": 52.32,
            "reinvestment_rate": -0.75,
            "research_to_sale_ratio": null,
            "price_fair": 28.96,
            "eps_avg_yearly": 0.83,
            "eps_latest_yearly": 0.2,
            "eps_growth_yearly": 360.61
        },
        "20092": {
            "year_quarter": 20092,
            "year": 2009,
            "quarter": 2,
            "eps": 0.4,
            "eps_growth_year": 53.85,
            "eps_4q": 0.62,
            "eps_4q_growth_year": 14.53,
            "roe": 2.3,
            "roe_4q": 3.6799999999999997,
            "gross_profit": 29361,
            "gross_margin": 41.32,
            "gross_margin_4q_avg": 38.59,
            "net_income": 119109,
            "revenue": 71054,
            "common_shares": 2972952,
            "book_valuer_per_share": 17.95,
            "book_valuer_per_share_4q_avg": 16.73,
            "equity": 5337446,
            "current_ratio": 303.86,
            "debt_ratio": 14.81,
            "inventory_turnover_ratio": null,
            "account_receivable_turnover_ratio": 63.27,
            "reinvestment_rate": -1.06,
            "research_to_sale_ratio": null,
            "price_fair": 28.44,
            "eps_avg_yearly": 0.81,
            "eps_latest_yearly": 1.6,
            "eps_growth_yearly": 472.15
        },
        "20093": {
            "year_quarter": 20093,
            "year": 2009,
            "quarter": 3,
            "eps": 0.1,
            "eps_growth_year": 42.86,
            "eps_4q": 0.66,
            "eps_4q_growth_year": 31.44,
            "roe": 0.56,
            "roe_4q": 3.8099999999999996,
            "gross_profit": 38766,
            "gross_margin": 48.51,
            "gross_margin_4q_avg": 42.54,
            "net_income": 29400,
            "revenue": 79910,
            "common_shares": 3077005,
            "book_valuer_per_share": 17.06,
            "book_valuer_per_share_4q_avg": 16.97,
            "equity": 5248825,
            "current_ratio": 435.75,
            "debt_ratio": 14.34,
            "inventory_turnover_ratio": null,
            "account_receivable_turnover_ratio": 19.96,
            "reinvestment_rate": -0.71,
            "research_to_sale_ratio": null,
            "price_fair": 28.26,
            "eps_avg_yearly": 0.81,
            "eps_latest_yearly": 0.4,
            "eps_growth_yearly": 471.88
        },
        "20094": {
            "year_quarter": 20094,
            "year": 2009,
            "quarter": 4,
            "eps": 0.12,
            "eps_growth_year": 20,
            "eps_4q": 0.66,
            "eps_4q_growth_year": 41.4,
            "roe": 0.72,
            "roe_4q": 3.9,
            "gross_profit": 34812,
            "gross_margin": 45.03,
            "gross_margin_4q_avg": 43.32,
            "net_income": 38324,
            "revenue": 77309,
            "common_shares": 3077005,
            "book_valuer_per_share": 17.55,
            "book_valuer_per_share_4q_avg": 17.35,
            "equity": 5401474,
            "current_ratio": 534.65,
            "debt_ratio": 13.83,
            "inventory_turnover_ratio": null,
            "account_receivable_turnover_ratio": 91.54,
            "reinvestment_rate": 465.2,
            "research_to_sale_ratio": null,
            "price_fair": 27.74,
            "eps_avg_yearly": 0.79,
            "eps_latest_yearly": 0.48,
            "eps_growth_yearly": 464.38
        },
        "20101": {
            "year_quarter": 20101,
            "year": 2010,
            "quarter": 1,
            "eps": 0.08,
            "eps_growth_year": 60,
            "eps_4q": 0.69,
            "eps_4q_growth_year": 53.85,
            "roe": 0.48,
            "roe_4q": 4.06,
            "gross_profit": 38254,
            "gross_margin": 45.45,
            "gross_margin_4q_avg": 45.08,
            "net_income": 26087,
            "revenue": 84170,
            "common_shares": 3077005,
            "book_valuer_per_share": 17.72,
            "book_valuer_per_share_4q_avg": 17.57,
            "equity": 5451501,
            "current_ratio": 534.42,
            "debt_ratio": 13.8,
            "inventory_turnover_ratio": null,
            "account_receivable_turnover_ratio": 44.84,
            "reinvestment_rate": 467.42,
            "research_to_sale_ratio": null,
            "price_fair": 27.48,
            "eps_avg_yearly": 0.79,
            "eps_latest_yearly": 0.32,
            "eps_growth_yearly": 465.77
        },
        "20102": {
            "year_quarter": 20102,
            "year": 2010,
            "quarter": 2,
            "eps": 0.32,
            "eps_growth_year": -20.43,
            "eps_4q": 0.61,
            "eps_4q_growth_year": -2.55,
            "roe": 1.89,
            "roe_4q": 3.65,
            "gross_profit": 38784,
            "gross_margin": 47.76,
            "gross_margin_4q_avg": 46.69,
            "net_income": 102835,
            "revenue": 81209,
            "common_shares": 3077005,
            "book_valuer_per_share": 17.61,
            "book_valuer_per_share_4q_avg": 17.49,
            "equity": 5417138,
            "current_ratio": 459.41,
            "debt_ratio": 13.74,
            "inventory_turnover_ratio": null,
            "account_receivable_turnover_ratio": 26.87,
            "reinvestment_rate": 431.68,
            "research_to_sale_ratio": null,
            "price_fair": 28.35,
            "eps_avg_yearly": 0.81,
            "eps_latest_yearly": 1.28,
            "eps_growth_yearly": 515.77
        },
        "20103": {
            "year_quarter": 20103,
            "year": 2010,
            "quarter": 3,
            "eps": 0.11,
            "eps_growth_year": 13.05,
            "eps_4q": 0.63,
            "eps_4q_growth_year": -4.48,
            "roe": 0.66,
            "roe_4q": 3.75,
            "gross_profit": 40245,
            "gross_margin": 45.54,
            "gross_margin_4q_avg": 45.95,
            "net_income": 36524,
            "revenue": 88365,
            "common_shares": 3230856,
            "book_valuer_per_share": 17.57,
            "book_valuer_per_share_4q_avg": 17.61,
            "equity": 5678033,
            "current_ratio": 485.36,
            "debt_ratio": 13.13,
            "inventory_turnover_ratio": null,
            "account_receivable_turnover_ratio": 11.85,
            "reinvestment_rate": 449.39,
            "research_to_sale_ratio": null,
            "price_fair": 28.44,
            "eps_avg_yearly": 0.81,
            "eps_latest_yearly": 0.44,
            "eps_growth_yearly": 513
        },
        "20104": {
            "year_quarter": 20104,
            "year": 2010,
            "quarter": 4,
            "eps": 0.13,
            "eps_growth_year": 12.22,
            "eps_4q": 0.65,
            "eps_4q_growth_year": -1.69,
            "roe": 0.75,
            "roe_4q": 3.78,
            "gross_profit": 36065,
            "gross_margin": 52.15,
            "gross_margin_4q_avg": 47.73,
            "net_income": 43506,
            "revenue": 69159,
            "common_shares": 3230855,
            "book_valuer_per_share": 18.27,
            "book_valuer_per_share_4q_avg": 17.79,
            "equity": 5903219,
            "current_ratio": 627.59,
            "debt_ratio": 12.16,
            "inventory_turnover_ratio": null,
            "account_receivable_turnover_ratio": 9.47,
            "reinvestment_rate": 612.12,
            "research_to_sale_ratio": null,
            "price_fair": 20.83,
            "eps_avg_yearly": 0.6,
            "eps_latest_yearly": 0.52,
            "eps_growth_yearly": 292.54
        },
        "20111": {
            "year_quarter": 20111,
            "year": 2011,
            "quarter": 1,
            "eps": 0.09,
            "eps_growth_year": 12.5,
            "eps_4q": 0.66,
            "eps_4q_growth_year": -5.29,
            "roe": 0.5,
            "roe_4q": 3.8,
            "gross_profit": 38878,
            "gross_margin": 46.88,
            "gross_margin_4q_avg": 48.08,
            "net_income": 28876,
            "revenue": 82937,
            "common_shares": 3230855,
            "book_valuer_per_share": 17.4,
            "book_valuer_per_share_4q_avg": 17.71,
            "equity": 5622290,
            "current_ratio": 623.9,
            "debt_ratio": 12.92,
            "inventory_turnover_ratio": null,
            "account_receivable_turnover_ratio": 23.32,
            "reinvestment_rate": 569.39,
            "research_to_sale_ratio": null,
            "price_fair": 20.56,
            "eps_avg_yearly": 0.59,
            "eps_latest_yearly": 0.36,
            "eps_growth_yearly": 306.85
        },
        "20112": {
            "year_quarter": 20112,
            "year": 2011,
            "quarter": 2,
            "eps": 0.16,
            "eps_growth_year": -48.18,
            "eps_4q": 0.49,
            "eps_4q_growth_year": -20.16,
            "roe": 0.99,
            "roe_4q": 2.9000000000000004,
            "gross_profit": 40922,
            "gross_margin": 44.52,
            "gross_margin_4q_avg": 47.27,
            "net_income": 55948,
            "revenue": 91923,
            "common_shares": 3230855,
            "book_valuer_per_share": 17.69,
            "book_valuer_per_share_4q_avg": 17.73,
            "equity": 5714762,
            "current_ratio": 542.02,
            "debt_ratio": 12.98,
            "inventory_turnover_ratio": null,
            "account_receivable_turnover_ratio": 22.32,
            "reinvestment_rate": 580.7,
            "research_to_sale_ratio": null,
            "price_fair": 19.86,
            "eps_avg_yearly": 0.57,
            "eps_latest_yearly": 0.64,
            "eps_growth_yearly": 301.29
        },
        "20113": {
            "year_quarter": 20113,
            "year": 2011,
            "quarter": 3,
            "eps": 0.13,
            "eps_growth_year": 13.62,
            "eps_4q": 0.51,
            "eps_4q_growth_year": -19.66,
            "roe": 0.78,
            "roe_4q": 3.02,
            "gross_profit": 45582,
            "gross_margin": 40,
            "gross_margin_4q_avg": 45.89,
            "net_income": 43575,
            "revenue": 113943,
            "common_shares": 3392398,
            "book_valuer_per_share": 16.25,
            "book_valuer_per_share_4q_avg": 17.4,
            "equity": 5513489,
            "current_ratio": 594.35,
            "debt_ratio": 13.58,
            "inventory_turnover_ratio": null,
            "account_receivable_turnover_ratio": 12.05,
            "reinvestment_rate": 532.16,
            "research_to_sale_ratio": null,
            "price_fair": 20.3,
            "eps_avg_yearly": 0.58,
            "eps_latest_yearly": 0.52,
            "eps_growth_yearly": 313.27
        },
        "20114": {
            "year_quarter": 20114,
            "year": 2011,
            "quarter": 4,
            "eps": 0.13,
            "eps_growth_year": -1.34,
            "eps_4q": 0.51,
            "eps_4q_growth_year": -20.93,
            "roe": 0.82,
            "roe_4q": 3.09,
            "gross_profit": 42334,
            "gross_margin": 47.61,
            "gross_margin_4q_avg": 44.75,
            "net_income": 45071,
            "revenue": 88923,
            "common_shares": 3392398,
            "book_valuer_per_share": 15.96,
            "book_valuer_per_share_4q_avg": 16.83,
            "equity": 5414536,
            "current_ratio": 798.25,
            "debt_ratio": 13.49,
            "inventory_turnover_ratio": null,
            "account_receivable_turnover_ratio": 9.53,
            "reinvestment_rate": 512.74,
            "research_to_sale_ratio": null,
            "price_fair": 20.13,
            "eps_avg_yearly": 0.58,
            "eps_latest_yearly": 0.52,
            "eps_growth_yearly": 291.4
        },
        "20121": {
            "year_quarter": 20121,
            "year": 2012,
            "quarter": 1,
            "eps": 0.11,
            "eps_growth_year": 22.22,
            "eps_4q": 0.54,
            "eps_4q_growth_year": -17.78,
            "roe": 0.7,
            "roe_4q": 3.29,
            "gross_profit": 43660,
            "gross_margin": 48.52,
            "gross_margin_4q_avg": 45.16,
            "net_income": 38215,
            "revenue": 89989,
            "common_shares": 3392398,
            "book_valuer_per_share": 16.18,
            "book_valuer_per_share_4q_avg": 16.52,
            "equity": 5487649,
            "current_ratio": 788.49,
            "debt_ratio": 13.37,
            "inventory_turnover_ratio": null,
            "account_receivable_turnover_ratio": 20.66,
            "reinvestment_rate": 498.27,
            "research_to_sale_ratio": null,
            "price_fair": 20.65,
            "eps_avg_yearly": 0.59,
            "eps_latest_yearly": 0.44,
            "eps_growth_yearly": 304.22
        },
        "20122": {
            "year_quarter": 20122,
            "year": 2012,
            "quarter": 2,
            "eps": 0.2,
            "eps_growth_year": 19.46,
            "eps_4q": 0.56,
            "eps_4q_growth_year": 14.89,
            "roe": 1.27,
            "roe_4q": 3.5700000000000003,
            "gross_profit": 41656,
            "gross_margin": 48.74,
            "gross_margin_4q_avg": 46.22,
            "net_income": 69176,
            "revenue": 85472,
            "common_shares": 3392398,
            "book_valuer_per_share": 15.98,
            "book_valuer_per_share_4q_avg": 16.09,
            "equity": 5419736,
            "current_ratio": 663.98,
            "debt_ratio": 13.96,
            "inventory_turnover_ratio": null,
            "account_receivable_turnover_ratio": 20.71,
            "reinvestment_rate": 491.07,
            "research_to_sale_ratio": null,
            "price_fair": 20.13,
            "eps_avg_yearly": 0.58,
            "eps_latest_yearly": 0.8,
            "eps_growth_yearly": 219.67
        },
        "20123": {
            "year_quarter": 20123,
            "year": 2012,
            "quarter": 3,
            "eps": 0.11,
            "eps_growth_year": -12.38,
            "eps_4q": 0.55,
            "eps_4q_growth_year": 7.9,
            "roe": 0.71,
            "roe_4q": 3.4999999999999996,
            "gross_profit": 39099,
            "gross_margin": 41.25,
            "gross_margin_4q_avg": 46.53,
            "net_income": 39518,
            "revenue": 94793,
            "common_shares": 3511132,
            "book_valuer_per_share": 16.23,
            "book_valuer_per_share_4q_avg": 16.09,
            "equity": 5697073,
            "current_ratio": 620.06,
            "debt_ratio": 13.31,
            "inventory_turnover_ratio": null,
            "account_receivable_turnover_ratio": 10.52,
            "reinvestment_rate": 521.07,
            "research_to_sale_ratio": null,
            "price_fair": 20.48,
            "eps_avg_yearly": 0.59,
            "eps_latest_yearly": 0.44,
            "eps_growth_yearly": 226.69
        },
        "20124": {
            "year_quarter": 20124,
            "year": 2012,
            "quarter": 4,
            "eps": 0.18,
            "eps_growth_year": 34.6,
            "eps_4q": 0.6,
            "eps_4q_growth_year": 16.8,
            "roe": 1.11,
            "roe_4q": 3.79,
            "gross_profit": 42567,
            "gross_margin": 58.06,
            "gross_margin_4q_avg": 49.14,
            "net_income": 62790,
            "revenue": 73311,
            "common_shares": 3511132,
            "book_valuer_per_share": 16.13,
            "book_valuer_per_share_4q_avg": 16.13,
            "equity": 5664279,
            "current_ratio": 868.44,
            "debt_ratio": 13.12,
            "inventory_turnover_ratio": null,
            "account_receivable_turnover_ratio": 7.65,
            "reinvestment_rate": 491.91,
            "research_to_sale_ratio": null,
            "price_fair": 21.18,
            "eps_avg_yearly": 0.61,
            "eps_latest_yearly": 0.72,
            "eps_growth_yearly": 231.89
        },
        "20131": {
            "year_quarter": 20131,
            "year": 2013,
            "quarter": 1,
            "eps": 0.08,
            "eps_growth_year": -27.27,
            "eps_4q": 0.57,
            "eps_4q_growth_year": 6.02,
            "roe": 0.51,
            "roe_4q": 3.6,
            "gross_profit": 40321,
            "gross_margin": 46.25,
            "gross_margin_4q_avg": 48.58,
            "net_income": 29108,
            "revenue": 87185,
            "common_shares": 3511132,
            "book_valuer_per_share": 16.34,
            "book_valuer_per_share_4q_avg": 16.17,
            "equity": 5738046,
            "current_ratio": 826.73,
            "debt_ratio": 13.37,
            "inventory_turnover_ratio": null,
            "account_receivable_turnover_ratio": 32.59,
            "reinvestment_rate": 329.66,
            "research_to_sale_ratio": null,
            "price_fair": 21.44,
            "eps_avg_yearly": 0.61,
            "eps_latest_yearly": 0.32,
            "eps_growth_yearly": 230.5
        },
        "20132": {
            "year_quarter": 20132,
            "year": 2013,
            "quarter": 2,
            "eps": 0.19,
            "eps_growth_year": -3.56,
            "eps_4q": 0.54,
            "eps_4q_growth_year": -3.66,
            "roe": 1.13,
            "roe_4q": 3.46,
            "gross_profit": 41946,
            "gross_margin": 46.59,
            "gross_margin_4q_avg": 48.04,
            "net_income": 65008,
            "revenue": 90023,
            "common_shares": 3511132,
            "book_valuer_per_share": 16.38,
            "book_valuer_per_share_4q_avg": 16.27,
            "equity": 5750734,
            "current_ratio": 564.72,
            "debt_ratio": 13.93,
            "inventory_turnover_ratio": null,
            "account_receivable_turnover_ratio": 886.93,
            "reinvestment_rate": 364.97,
            "research_to_sale_ratio": null,
            "price_fair": 19.6,
            "eps_avg_yearly": 0.56,
            "eps_latest_yearly": 0.76,
            "eps_growth_yearly": 89.87
        },
        "20133": {
            "year_quarter": 20133,
            "year": 2013,
            "quarter": 3,
            "eps": 0.21,
            "eps_growth_year": 86.58,
            "eps_4q": 0.64,
            "eps_4q_growth_year": 16.76,
            "roe": 1.32,
            "roe_4q": 4.07,
            "gross_profit": 44028,
            "gross_margin": 45.4,
            "gross_margin_4q_avg": 49.08,
            "net_income": 76221,
            "revenue": 96972,
            "common_shares": 3651577,
            "book_valuer_per_share": 15.99,
            "book_valuer_per_share_4q_avg": 16.21,
            "equity": 5840108,
            "current_ratio": 614.66,
            "debt_ratio": 13.78,
            "inventory_turnover_ratio": null,
            "account_receivable_turnover_ratio": 1491.88,
            "reinvestment_rate": 349.21,
            "research_to_sale_ratio": null,
            "price_fair": 20.56,
            "eps_avg_yearly": 0.59,
            "eps_latest_yearly": 0.84,
            "eps_growth_yearly": 111.26
        },
        "20134": {
            "year_quarter": 20134,
            "year": 2013,
            "quarter": 4,
            "eps": 0.1,
            "eps_growth_year": -45.38,
            "eps_4q": 0.56,
            "eps_4q_growth_year": -5.54,
            "roe": 0.61,
            "roe_4q": 3.5700000000000003,
            "gross_profit": 43005,
            "gross_margin": 50.46,
            "gross_margin_4q_avg": 47.18,
            "net_income": 35665,
            "revenue": 85229,
            "common_shares": 3651577,
            "book_valuer_per_share": 16.24,
            "book_valuer_per_share_4q_avg": 16.24,
            "equity": 5929373,
            "current_ratio": 925.45,
            "debt_ratio": 13.06,
            "inventory_turnover_ratio": null,
            "account_receivable_turnover_ratio": 2078.76,
            "reinvestment_rate": -146.03,
            "research_to_sale_ratio": null,
            "price_fair": 20.39,
            "eps_avg_yearly": 0.58,
            "eps_latest_yearly": 0.4,
            "eps_growth_yearly": 93.16
        },
        "20141": {
            "year_quarter": 20141,
            "year": 2014,
            "quarter": 1,
            "eps": 0.13,
            "eps_growth_year": 62.5,
            "eps_4q": 0.62,
            "eps_4q_growth_year": 7.71,
            "roe": 0.8,
            "roe_4q": 3.8600000000000003,
            "gross_profit": 43760,
            "gross_margin": 49.15,
            "gross_margin_4q_avg": 47.9,
            "net_income": 47806,
            "revenue": 89042,
            "common_shares": 3651577,
            "book_valuer_per_share": 16.5,
            "book_valuer_per_share_4q_avg": 16.28,
            "equity": 6023298,
            "current_ratio": 869.98,
            "debt_ratio": 13.1,
            "inventory_turnover_ratio": null,
            "account_receivable_turnover_ratio": 1106.11,
            "reinvestment_rate": -135.98,
            "research_to_sale_ratio": null,
            "price_fair": 20.83,
            "eps_avg_yearly": 0.6,
            "eps_latest_yearly": 0.52,
            "eps_growth_yearly": 108.99
        },
        "20142": {
            "year_quarter": 20142,
            "year": 2014,
            "quarter": 2,
            "eps": 0.24,
            "eps_growth_year": 26.32,
            "eps_4q": 0.66,
            "eps_4q_growth_year": 22.19,
            "roe": 1.48,
            "roe_4q": 4.21,
            "gross_profit": 43929,
            "gross_margin": 49.32,
            "gross_margin_4q_avg": 48.58,
            "net_income": 89443,
            "revenue": 89068,
            "common_shares": 3651577,
            "book_valuer_per_share": 16.57,
            "book_valuer_per_share_4q_avg": 16.33,
            "equity": 6051245,
            "current_ratio": 649.46,
            "debt_ratio": 13.58,
            "inventory_turnover_ratio": null,
            "account_receivable_turnover_ratio": 1237.06,
            "reinvestment_rate": -124.47,
            "research_to_sale_ratio": null,
            "price_fair": 20.13,
            "eps_avg_yearly": 0.58,
            "eps_latest_yearly": 0.96,
            "eps_growth_yearly": 55.15
        },
        "20143": {
            "year_quarter": 20143,
            "year": 2014,
            "quarter": 3,
            "eps": 0.26,
            "eps_growth_year": 23.81,
            "eps_4q": 0.71,
            "eps_4q_growth_year": 11.83,
            "roe": 1.58,
            "roe_4q": 4.470000000000001,
            "gross_profit": 46138,
            "gross_margin": 44.94,
            "gross_margin_4q_avg": 48.47,
            "net_income": 97693,
            "revenue": 102675,
            "common_shares": 3790338,
            "book_valuer_per_share": 16.6,
            "book_valuer_per_share_4q_avg": 16.48,
            "equity": 6293604,
            "current_ratio": 703.24,
            "debt_ratio": 13.29,
            "inventory_turnover_ratio": null,
            "account_receivable_turnover_ratio": 7605.56,
            "reinvestment_rate": -116.91,
            "research_to_sale_ratio": null,
            "price_fair": 21.44,
            "eps_avg_yearly": 0.61,
            "eps_latest_yearly": 1.04,
            "eps_growth_yearly": 73.64
        },
        "20144": {
            "year_quarter": 20144,
            "year": 2014,
            "quarter": 4,
            "eps": 0.12,
            "eps_growth_year": 22.66,
            "eps_4q": 0.74,
            "eps_4q_growth_year": 31.11,
            "roe": 0.72,
            "roe_4q": 4.58,
            "gross_profit": 46438,
            "gross_margin": 50.82,
            "gross_margin_4q_avg": 48.56,
            "net_income": 45408,
            "revenue": 91386,
            "common_shares": 3790338,
            "book_valuer_per_share": 16.9,
            "book_valuer_per_share_4q_avg": 16.64,
            "equity": 6406428,
            "current_ratio": 972.96,
            "debt_ratio": 12.81,
            "inventory_turnover_ratio": null,
            "account_receivable_turnover_ratio": 15231,
            "reinvestment_rate": -126.79,
            "research_to_sale_ratio": null,
            "price_fair": 21.35,
            "eps_avg_yearly": 0.61,
            "eps_latest_yearly": 0.48,
            "eps_growth_yearly": 55.63
        },
        "20151": {
            "year_quarter": 20151,
            "year": 2015,
            "quarter": 1,
            "eps": 0.17,
            "eps_growth_year": 30.77,
            "eps_4q": 0.78,
            "eps_4q_growth_year": 27.49,
            "roe": 1,
            "roe_4q": 4.779999999999999,
            "gross_profit": 46300,
            "gross_margin": 48.57,
            "gross_margin_4q_avg": 48.41,
            "net_income": 64822,
            "revenue": 95335,
            "common_shares": 3790338,
            "book_valuer_per_share": 17.22,
            "book_valuer_per_share_4q_avg": 16.82,
            "equity": 6528120,
            "current_ratio": 935.56,
            "debt_ratio": 12.74,
            "inventory_turnover_ratio": null,
            "account_receivable_turnover_ratio": 165.23,
            "reinvestment_rate": -77.86,
            "research_to_sale_ratio": null,
            "price_fair": 22.05,
            "eps_avg_yearly": 0.63,
            "eps_latest_yearly": 0.68,
            "eps_growth_yearly": 73.74
        },
        "20152": {
            "year_quarter": 20152,
            "year": 2015,
            "quarter": 2,
            "eps": 0.28,
            "eps_growth_year": 16.67,
            "eps_4q": 0.78,
            "eps_4q_growth_year": 19.38,
            "roe": 1.6,
            "roe_4q": 4.9,
            "gross_profit": 47798,
            "gross_margin": 46.75,
            "gross_margin_4q_avg": 47.77,
            "net_income": 104363,
            "revenue": 102237,
            "common_shares": 3790338,
            "book_valuer_per_share": 17.24,
            "book_valuer_per_share_4q_avg": 16.99,
            "equity": 6533645,
            "current_ratio": 667.68,
            "debt_ratio": 13.37,
            "inventory_turnover_ratio": null,
            "account_receivable_turnover_ratio": 157.41,
            "reinvestment_rate": -79.19,
            "research_to_sale_ratio": null,
            "price_fair": 23.1,
            "eps_avg_yearly": 0.66,
            "eps_latest_yearly": 1.12,
            "eps_growth_yearly": 70.47
        },
        "20153": {
            "year_quarter": 20153,
            "year": 2015,
            "quarter": 3,
            "eps": 0.3,
            "eps_growth_year": 15.38,
            "eps_4q": 0.83,
            "eps_4q_growth_year": 16.88,
            "roe": 1.77,
            "roe_4q": 5.09,
            "gross_profit": 48703,
            "gross_margin": 44.45,
            "gross_margin_4q_avg": 47.65,
            "net_income": 117507,
            "revenue": 109561,
            "common_shares": 3979855,
            "book_valuer_per_share": 16.9,
            "book_valuer_per_share_4q_avg": 17.07,
            "equity": 6724391,
            "current_ratio": 714.9,
            "debt_ratio": 13.42,
            "inventory_turnover_ratio": null,
            "account_receivable_turnover_ratio": 740.28,
            "reinvestment_rate": -34.59,
            "research_to_sale_ratio": null,
            "price_fair": 24.59,
            "eps_avg_yearly": 0.7,
            "eps_latest_yearly": 1.2,
            "eps_growth_yearly": 76.94
        },
        "20154": {
            "year_quarter": 20154,
            "year": 2015,
            "quarter": 4,
            "eps": 0.1,
            "eps_growth_year": -12.59,
            "eps_4q": 0.83,
            "eps_4q_growth_year": 11.55,
            "roe": 0.62,
            "roe_4q": 4.99,
            "gross_profit": 47589,
            "gross_margin": 52.74,
            "gross_margin_4q_avg": 48.13,
            "net_income": 41678,
            "revenue": 90226,
            "common_shares": 3979855,
            "book_valuer_per_share": 16.95,
            "book_valuer_per_share_4q_avg": 17.08,
            "equity": 6745813,
            "current_ratio": 1114.61,
            "debt_ratio": 12.74,
            "inventory_turnover_ratio": null,
            "account_receivable_turnover_ratio": 1195.05,
            "reinvestment_rate": -23.83,
            "research_to_sale_ratio": null,
            "price_fair": 24.33,
            "eps_avg_yearly": 0.7,
            "eps_latest_yearly": 0.4,
            "eps_growth_yearly": 60.28
        },
        "20161": {
            "year_quarter": 20161,
            "year": 2016,
            "quarter": 1,
            "eps": 0.21,
            "eps_growth_year": 23.53,
            "eps_4q": 0.87,
            "eps_4q_growth_year": 11.05,
            "roe": 1.23,
            "roe_4q": 5.220000000000001,
            "gross_profit": 46824,
            "gross_margin": 49.17,
            "gross_margin_4q_avg": 48.28,
            "net_income": 83200,
            "revenue": 95233,
            "common_shares": 3979855,
            "book_valuer_per_share": 17,
            "book_valuer_per_share_4q_avg": 17.02,
            "equity": 6767520,
            "current_ratio": 1060.27,
            "debt_ratio": 12.81,
            "inventory_turnover_ratio": null,
            "account_receivable_turnover_ratio": 1780.06,
            "reinvestment_rate": -25.26,
            "research_to_sale_ratio": null,
            "price_fair": 25.2,
            "eps_avg_yearly": 0.72,
            "eps_latest_yearly": 0.84,
            "eps_growth_yearly": 91.62
        },
        "20162": {
            "year_quarter": 20162,
            "year": 2016,
            "quarter": 2,
            "eps": 0.26,
            "eps_growth_year": -7.14,
            "eps_4q": 0.83,
            "eps_4q_growth_year": 5.17,
            "roe": 1.52,
            "roe_4q": 5.140000000000001,
            "gross_profit": 48666,
            "gross_margin": 52.72,
            "gross_margin_4q_avg": 49.77,
            "net_income": 102482,
            "revenue": 92312,
            "common_shares": 3979855,
            "book_valuer_per_share": 16.98,
            "book_valuer_per_share_4q_avg": 16.96,
            "equity": 6757107,
            "current_ratio": 651.03,
            "debt_ratio": 13.81,
            "inventory_turnover_ratio": null,
            "account_receivable_turnover_ratio": 887.62,
            "reinvestment_rate": -14.38,
            "research_to_sale_ratio": null,
            "price_fair": 25.73,
            "eps_avg_yearly": 0.74,
            "eps_latest_yearly": 1.04,
            "eps_growth_yearly": 77.12
        },
        "20163": {
            "year_quarter": 20163,
            "year": 2016,
            "quarter": 3,
            "eps": 0.29,
            "eps_growth_year": -3.33,
            "eps_4q": 0.84,
            "eps_4q_growth_year": 0.26,
            "roe": 1.81,
            "roe_4q": 5.180000000000001,
            "gross_profit": 50038,
            "gross_margin": 49.84,
            "gross_margin_4q_avg": 51.12,
            "net_income": 122260,
            "revenue": 100393,
            "common_shares": 4178848,
            "book_valuer_per_share": 16.24,
            "book_valuer_per_share_4q_avg": 16.79,
            "equity": 6788040,
            "current_ratio": 701.33,
            "debt_ratio": 13.68,
            "inventory_turnover_ratio": null,
            "account_receivable_turnover_ratio": 1365.89,
            "reinvestment_rate": -42.86,
            "research_to_sale_ratio": null,
            "price_fair": 27.3,
            "eps_avg_yearly": 0.78,
            "eps_latest_yearly": 1.16,
            "eps_growth_yearly": 91.26
        },
        "20164": {
            "year_quarter": 20164,
            "year": 2016,
            "quarter": 4,
            "eps": 0.13,
            "eps_growth_year": 19.54,
            "eps_4q": 0.86,
            "eps_4q_growth_year": 4.49,
            "roe": 0.77,
            "roe_4q": 5.33,
            "gross_profit": 45982,
            "gross_margin": 51.13,
            "gross_margin_4q_avg": 50.72,
            "net_income": 52311,
            "revenue": 89927,
            "common_shares": 4178848,
            "book_valuer_per_share": 16.46,
            "book_valuer_per_share_4q_avg": 16.67,
            "equity": 6880446,
            "current_ratio": 1134,
            "debt_ratio": 12.92,
            "inventory_turnover_ratio": null,
            "account_receivable_turnover_ratio": 3909.87,
            "reinvestment_rate": -31.52,
            "research_to_sale_ratio": null,
            "price_fair": 26.86,
            "eps_avg_yearly": 0.77,
            "eps_latest_yearly": 0.52,
            "eps_growth_yearly": 61.55
        },
        "20171": {
            "year_quarter": 20171,
            "year": 2017,
            "quarter": 1,
            "eps": 0.17,
            "eps_growth_year": -19.05,
            "eps_4q": 0.84,
            "eps_4q_growth_year": -3.86,
            "roe": 1.06,
            "roe_4q": 5.16,
            "gross_profit": 48858,
            "gross_margin": 50.66,
            "gross_margin_4q_avg": 51.09,
            "net_income": 72985,
            "revenue": 96441,
            "common_shares": 4178848,
            "book_valuer_per_share": 16.61,
            "book_valuer_per_share_4q_avg": 16.57,
            "equity": 6939989,
            "current_ratio": 1066.58,
            "debt_ratio": 12.77,
            "inventory_turnover_ratio": null,
            "account_receivable_turnover_ratio": 7715.28,
            "reinvestment_rate": 72.22,
            "research_to_sale_ratio": null,
            "price_fair": 27.65,
            "eps_avg_yearly": 0.79,
            "eps_latest_yearly": 0.68,
            "eps_growth_yearly": 83.14
        },
        "20172": {
            "year_quarter": 20172,
            "year": 2017,
            "quarter": 2,
            "eps": 0.28,
            "eps_growth_year": 7.69,
            "eps_4q": 0.83,
            "eps_4q_growth_year": 0.27,
            "roe": 1.67,
            "roe_4q": 5.3100000000000005,
            "gross_profit": 49094,
            "gross_margin": 51.63,
            "gross_margin_4q_avg": 50.82,
            "net_income": 115535,
            "revenue": 95094,
            "common_shares": 4178848,
            "book_valuer_per_share": 16.5,
            "book_valuer_per_share_4q_avg": 16.45,
            "equity": 6894127,
            "current_ratio": 619.55,
            "debt_ratio": 13.99,
            "inventory_turnover_ratio": null,
            "account_receivable_turnover_ratio": 2469.97,
            "reinvestment_rate": 63.25,
            "research_to_sale_ratio": null,
            "price_fair": 28.44,
            "eps_avg_yearly": 0.81,
            "eps_latest_yearly": 1.12,
            "eps_growth_yearly": 64.94
        },
        "20173": {
            "year_quarter": 20173,
            "year": 2017,
            "quarter": 3,
            "eps": 0.26,
            "eps_growth_year": -10.34,
            "eps_4q": 0.81,
            "eps_4q_growth_year": -3.59,
            "roe": 1.63,
            "roe_4q": 5.129999999999999,
            "gross_profit": 47921,
            "gross_margin": 52.18,
            "gross_margin_4q_avg": 51.4,
            "net_income": 113106,
            "revenue": 91841,
            "common_shares": 4387790,
            "book_valuer_per_share": 15.98,
            "book_valuer_per_share_4q_avg": 16.39,
            "equity": 7012288,
            "current_ratio": 653.24,
            "debt_ratio": 13.89,
            "inventory_turnover_ratio": null,
            "account_receivable_turnover_ratio": 3532.35,
            "reinvestment_rate": 63.21,
            "research_to_sale_ratio": null,
            "price_fair": 28.88,
            "eps_avg_yearly": 0.83,
            "eps_latest_yearly": 1.04,
            "eps_growth_yearly": 60.52
        },
        "20174": {
            "year_quarter": 20174,
            "year": 2017,
            "quarter": 4,
            "eps": 0.23,
            "eps_growth_year": 79.87,
            "eps_4q": 0.91,
            "eps_4q_growth_year": 5.86,
            "roe": 1.4,
            "roe_4q": 5.76,
            "gross_profit": 47450,
            "gross_margin": 54.35,
            "gross_margin_4q_avg": 52.21,
            "net_income": 98795,
            "revenue": 87304,
            "common_shares": 4387790,
            "book_valuer_per_share": 16.12,
            "book_valuer_per_share_4q_avg": 16.3,
            "equity": 7074582,
            "current_ratio": 1139.62,
            "debt_ratio": 12.94,
            "inventory_turnover_ratio": null,
            "account_receivable_turnover_ratio": 4850.22,
            "reinvestment_rate": 58.55,
            "research_to_sale_ratio": null,
            "price_fair": 30.01,
            "eps_avg_yearly": 0.86,
            "eps_latest_yearly": 0.92,
            "eps_growth_yearly": 70.73
        },
        "20181": {
            "year_quarter": 20181,
            "year": 2018,
            "quarter": 1,
            "eps": 0.02,
            "eps_growth_year": -88.24,
            "eps_4q": 0.76,
            "eps_4q_growth_year": -8.84,
            "roe": 0.11,
            "roe_4q": 4.81,
            "gross_profit": 48383,
            "gross_margin": 53.24,
            "gross_margin_4q_avg": 52.85,
            "net_income": 7631,
            "revenue": 90879,
            "common_shares": 4387790,
            "book_valuer_per_share": 16.1,
            "book_valuer_per_share_4q_avg": 16.18,
            "equity": 7065920,
            "current_ratio": 1078.69,
            "debt_ratio": 13.95,
            "inventory_turnover_ratio": null,
            "account_receivable_turnover_ratio": 4660.46,
            "reinvestment_rate": -130.55,
            "research_to_sale_ratio": null,
            "price_fair": 29.05,
            "eps_avg_yearly": 0.83,
            "eps_latest_yearly": 0.08,
            "eps_growth_yearly": 40.4
        },
        "20182": {
            "year_quarter": 20182,
            "year": 2018,
            "quarter": 2,
            "eps": 0.22,
            "eps_growth_year": -21.43,
            "eps_4q": 0.71,
            "eps_4q_growth_year": -14.73,
            "roe": 1.38,
            "roe_4q": 4.52,
            "gross_profit": 48627,
            "gross_margin": 54.75,
            "gross_margin_4q_avg": 53.63,
            "net_income": 97977,
            "revenue": 88812,
            "common_shares": 4387790,
            "book_valuer_per_share": 16.22,
            "book_valuer_per_share_4q_avg": 16.11,
            "equity": 7117038,
            "current_ratio": 585.95,
            "debt_ratio": 15.22,
            "inventory_turnover_ratio": null,
            "account_receivable_turnover_ratio": 4554.46,
            "reinvestment_rate": -117.24,
            "research_to_sale_ratio": null,
            "price_fair": 28.88,
            "eps_avg_yearly": 0.83,
            "eps_latest_yearly": 0.88,
            "eps_growth_yearly": 269.25
        },
        "20183": {
            "year_quarter": 20183,
            "year": 2018,
            "quarter": 3,
            "eps": 0.29,
            "eps_growth_year": 11.54,
            "eps_4q": 0.74,
            "eps_4q_growth_year": -8.17,
            "roe": 1.8,
            "roe_4q": 4.6899999999999995,
            "gross_profit": 51463,
            "gross_margin": 54.55,
            "gross_margin_4q_avg": 54.22,
            "net_income": 128914,
            "revenue": 94333,
            "common_shares": 4499678,
            "book_valuer_per_share": 16.05,
            "book_valuer_per_share_4q_avg": 16.12,
            "equity": 7222323,
            "current_ratio": 601.66,
            "debt_ratio": 15.26,
            "inventory_turnover_ratio": null,
            "account_receivable_turnover_ratio": 151.66,
            "reinvestment_rate": -122.83,
            "research_to_sale_ratio": null,
            "price_fair": 29.14,
            "eps_avg_yearly": 0.83,
            "eps_latest_yearly": 1.16,
            "eps_growth_yearly": 275.12
        },
        "20184": {
            "year_quarter": 20184,
            "year": 2018,
            "quarter": 4,
            "eps": 0.21,
            "eps_growth_year": -6.51,
            "eps_4q": 0.73,
            "eps_4q_growth_year": -19.82,
            "roe": 1.3,
            "roe_4q": 4.590000000000001,
            "gross_profit": 53350,
            "gross_margin": 58.94,
            "gross_margin_4q_avg": 55.37,
            "net_income": 94717,
            "revenue": 90512,
            "common_shares": 4499678,
            "book_valuer_per_share": 16.43,
            "book_valuer_per_share_4q_avg": 16.2,
            "equity": 7392488,
            "current_ratio": 1017.81,
            "debt_ratio": 14.05,
            "inventory_turnover_ratio": null,
            "account_receivable_turnover_ratio": 140.44,
            "reinvestment_rate": -119.94,
            "research_to_sale_ratio": null,
            "price_fair": 29.93,
            "eps_avg_yearly": 0.86,
            "eps_latest_yearly": 0.84,
            "eps_growth_yearly": 281.69
        },
        "20191": {
            "year_quarter": 20191,
            "year": 2019,
            "quarter": 1,
            "eps": 0.17,
            "eps_growth_year": 750,
            "eps_4q": 0.89,
            "eps_4q_growth_year": 16.09,
            "roe": 1.04,
            "roe_4q": 5.52,
            "gross_profit": 53448,
            "gross_margin": 63.26,
            "gross_margin_4q_avg": 57.88,
            "net_income": 77301,
            "revenue": 84489,
            "common_shares": 4499678,
            "book_valuer_per_share": 16.65,
            "book_valuer_per_share_4q_avg": 16.34,
            "equity": 7492991,
            "current_ratio": 966.56,
            "debt_ratio": 14.15,
            "inventory_turnover_ratio": null,
            "account_receivable_turnover_ratio": 1181.66,
            "reinvestment_rate": -121.1,
            "research_to_sale_ratio": null,
            "price_fair": 29.93,
            "eps_avg_yearly": 0.86,
            "eps_latest_yearly": 0.68,
            "eps_growth_yearly": 266.51
        },
        "20192": {
            "year_quarter": 20192,
            "year": 2019,
            "quarter": 2,
            "eps": 0.24,
            "eps_growth_year": 9.09,
            "eps_4q": 0.91,
            "eps_4q_growth_year": 29.23,
            "roe": 1.45,
            "roe_4q": 5.59,
            "gross_profit": 50636,
            "gross_margin": 56.11,
            "gross_margin_4q_avg": 58.22,
            "net_income": 109377,
            "revenue": 90242,
            "common_shares": 4499678,
            "book_valuer_per_share": 16.92,
            "book_valuer_per_share_4q_avg": 16.51,
            "equity": 7612206,
            "current_ratio": 485.02,
            "debt_ratio": 15.69,
            "inventory_turnover_ratio": null,
            "account_receivable_turnover_ratio": 1841.67,
            "reinvestment_rate": -115.03,
            "research_to_sale_ratio": null,
            "price_fair": 29.58,
            "eps_avg_yearly": 0.85,
            "eps_latest_yearly": 0.96,
            "eps_growth_yearly": 260.63
        },
        "20193": {
            "year_quarter": 20193,
            "year": 2019,
            "quarter": 3,
            "eps": 0.31,
            "eps_growth_year": 6.9,
            "eps_4q": 0.93,
            "eps_4q_growth_year": 25.61,
            "roe": 1.8,
            "roe_4q": 5.59,
            "gross_profit": 49700,
            "gross_margin": 55.89,
            "gross_margin_4q_avg": 58.55,
            "net_income": 137289,
            "revenue": 88921,
            "common_shares": 4499678,
            "book_valuer_per_share": 16.99,
            "book_valuer_per_share_4q_avg": 16.75,
            "equity": 7645083,
            "current_ratio": 506.65,
            "debt_ratio": 15.86,
            "inventory_turnover_ratio": null,
            "account_receivable_turnover_ratio": 2654.36,
            "reinvestment_rate": -120.07,
            "research_to_sale_ratio": null,
            "price_fair": 29.66,
            "eps_avg_yearly": 0.85,
            "eps_latest_yearly": 1.24,
            "eps_growth_yearly": 266.13
        },
        "20194": {
            "year_quarter": 20194,
            "year": 2019,
            "quarter": 4,
            "eps": 0.17,
            "eps_growth_year": -20.19,
            "eps_4q": 0.89,
            "eps_4q_growth_year": 21.36,
            "roe": 0.98,
            "roe_4q": 5.2700000000000005,
            "gross_profit": 51953,
            "gross_margin": 61.19,
            "gross_margin_4q_avg": 59.11,
            "net_income": 75592,
            "revenue": 84899,
            "common_shares": 4499678,
            "book_valuer_per_share": 17.34,
            "book_valuer_per_share_4q_avg": 16.98,
            "equity": 7802164,
            "current_ratio": 1058.9,
            "debt_ratio": 13.83,
            "inventory_turnover_ratio": null,
            "account_receivable_turnover_ratio": 5477.35,
            "reinvestment_rate": -121.3,
            "research_to_sale_ratio": null,
            "price_fair": 30.28,
            "eps_avg_yearly": 0.87,
            "eps_latest_yearly": 0.68,
            "eps_growth_yearly": 271.51
        },
        "20201": {
            "year_quarter": 20201,
            "year": 2020,
            "quarter": 1,
            "eps": 0.1,
            "eps_growth_year": -41.18,
            "eps_4q": 0.81,
            "eps_4q_growth_year": -8.22,
            "roe": 0.58,
            "roe_4q": 4.8100000000000005,
            "gross_profit": 53321,
            "gross_margin": 70.82,
            "gross_margin_4q_avg": 61,
            "net_income": 43856,
            "revenue": 75288,
            "common_shares": 4499678,
            "book_valuer_per_share": 16.48,
            "book_valuer_per_share_4q_avg": 16.93,
            "equity": 7414128,
            "current_ratio": 1001.42,
            "debt_ratio": 14.59,
            "inventory_turnover_ratio": null,
            "account_receivable_turnover_ratio": 2352.75,
            "reinvestment_rate": -121.52,
            "research_to_sale_ratio": null,
            "price_fair": 29.31,
            "eps_avg_yearly": 0.84,
            "eps_latest_yearly": 0.4,
            "eps_growth_yearly": 233.71
        },
        "20202": {
            "year_quarter": 20202,
            "year": 2020,
            "quarter": 2,
            "eps": 0.06,
            "eps_growth_year": -75,
            "eps_4q": 0.63,
            "eps_4q_growth_year": -30.97,
            "roe": 0.36,
            "roe_4q": 3.7199999999999998,
            "gross_profit": 32671,
            "gross_margin": 72.66,
            "gross_margin_4q_avg": 65.14,
            "net_income": 26490,
            "revenue": 44964,
            "common_shares": 4499678,
            "book_valuer_per_share": 16.63,
            "book_valuer_per_share_4q_avg": 16.86,
            "equity": 7482012,
            "current_ratio": 494.65,
            "debt_ratio": 16.02,
            "inventory_turnover_ratio": null,
            "account_receivable_turnover_ratio": 1405.12,
            "reinvestment_rate": -136.33,
            "research_to_sale_ratio": null,
            "price_fair": 27.56,
            "eps_avg_yearly": 0.79,
            "eps_latest_yearly": 0.24,
            "eps_growth_yearly": 217.76
        },
        "20203": {
            "year_quarter": 20203,
            "year": 2020,
            "quarter": 3,
            "eps": 0.11,
            "eps_growth_year": -64.52,
            "eps_4q": 0.43,
            "eps_4q_growth_year": -53.7,
            "roe": 0.65,
            "roe_4q": 2.57,
            "gross_profit": 40120,
            "gross_margin": 58.1,
            "gross_margin_4q_avg": 65.69,
            "net_income": 47910,
            "revenue": 69058,
            "common_shares": 4499678,
            "book_valuer_per_share": 16.31,
            "book_valuer_per_share_4q_avg": 16.69,
            "equity": 7340353,
            "current_ratio": 530.92,
            "debt_ratio": 16.12,
            "inventory_turnover_ratio": null,
            "account_receivable_turnover_ratio": 27623.2,
            "reinvestment_rate": -149.38,
            "research_to_sale_ratio": null,
            "price_fair": 25.99,
            "eps_avg_yearly": 0.74,
            "eps_latest_yearly": 0.44,
            "eps_growth_yearly": 235.71
        },
        "20204": {
            "year_quarter": 20204,
            "year": 2020,
            "quarter": 4,
            "eps": 0.12,
            "eps_growth_year": -26.1,
            "eps_4q": 0.39,
            "eps_4q_growth_year": -56.42,
            "roe": 0.75,
            "roe_4q": 2.34,
            "gross_profit": 42230,
            "gross_margin": 56.02,
            "gross_margin_4q_avg": 64.4,
            "net_income": 55864,
            "revenue": 75381,
            "common_shares": 4499678,
            "book_valuer_per_share": 16.74,
            "book_valuer_per_share_4q_avg": 16.54,
            "equity": 7532290,
            "current_ratio": 1059.03,
            "debt_ratio": 14.21,
            "inventory_turnover_ratio": null,
            "account_receivable_turnover_ratio": 30152.4,
            "reinvestment_rate": -157.1,
            "research_to_sale_ratio": null,
            "price_fair": 25.9,
            "eps_avg_yearly": 0.74,
            "eps_latest_yearly": 0.48,
            "eps_growth_yearly": 251.78
        },
        "20211": {
            "year_quarter": 20211,
            "year": 2021,
            "quarter": 1,
            "eps": 0,
            "eps_growth_year": -100,
            "eps_4q": 0.29,
            "eps_4q_growth_year": -64.16,
            "roe": 0.01,
            "roe_4q": 1.77,
            "gross_profit": 42056,
            "gross_margin": 59.75,
            "gross_margin_4q_avg": 61.63,
            "net_income": 942,
            "revenue": 70386,
            "common_shares": 4499678,
            "book_valuer_per_share": 16.74,
            "book_valuer_per_share_4q_avg": 16.61,
            "equity": 7532174,
            "current_ratio": 1013.48,
            "debt_ratio": 14.24,
            "inventory_turnover_ratio": null,
            "account_receivable_turnover_ratio": 4265.82,
            "reinvestment_rate": -169.15,
            "research_to_sale_ratio": null,
            "price_fair": 26.04,
            "eps_avg_yearly": 0.74,
            "eps_latest_yearly": 0.48,
            "eps_growth_yearly": 260.36
        },
        "20212": {
            "year_quarter": 20212,
            "year": 2021,
            "quarter": 2,
            "eps": 0.06,
            "eps_growth_year": 0,
            "eps_4q": 0.3,
            "eps_4q_growth_year": -53.06,
            "roe": 0.37,
            "roe_4q": 1.7799999999999998,
            "gross_profit": 38256,
            "gross_margin": 65.08,
            "gross_margin_4q_avg": 59.74,
            "net_income": 28240,
            "revenue": 58783,
            "common_shares": 4499678,
            "book_valuer_per_share": 16.99,
            "book_valuer_per_share_4q_avg": 16.7,
            "equity": 7646376,
            "current_ratio": 1143.33,
            "debt_ratio": 13.87,
            "inventory_turnover_ratio": null,
            "account_receivable_turnover_ratio": 656.79,
            "reinvestment_rate": -190.46,
            "research_to_sale_ratio": null,
            "price_fair": 25.1,
            "eps_avg_yearly": 0.72,
            "eps_latest_yearly": 0.48,
            "eps_growth_yearly": 260.47
        },
        "20213": {
            "year_quarter": 20213,
            "year": 2021,
            "quarter": 3,
            "eps": 0.08,
            "eps_growth_year": -27.27,
            "eps_4q": 0.27,
            "eps_4q_growth_year": -37.32,
            "roe": 0.48,
            "roe_4q": 1.6099999999999999,
            "gross_profit": 32302,
            "gross_margin": 67.35,
            "gross_margin_4q_avg": 62.05,
            "net_income": 36462,
            "revenue": 47963,
            "common_shares": 4499678,
            "book_valuer_per_share": 16.6,
            "book_valuer_per_share_4q_avg": 16.77,
            "equity": 7470893,
            "current_ratio": 658.97,
            "debt_ratio": 15.21,
            "inventory_turnover_ratio": null,
            "account_receivable_turnover_ratio": 535.9,
            "reinvestment_rate": -210.11,
            "research_to_sale_ratio": null,
            "price_fair": 23.3,
            "eps_avg_yearly": 0.67,
            "eps_latest_yearly": 0.32,
            "eps_growth_yearly": 272.03
        },
        "20214": {
            "year_quarter": 20214,
            "year": 2021,
            "quarter": 4,
            "eps": 0.04,
            "eps_growth_year": -66.5,
            "eps_4q": 0.19,
            "eps_4q_growth_year": -51.55,
            "roe": 0.25,
            "roe_4q": 1.11,
            "gross_profit": 35321,
            "gross_margin": 56.24,
            "gross_margin_4q_avg": 62.11,
            "net_income": 18712,
            "revenue": 62804,
            "common_shares": 4499678,
            "book_valuer_per_share": 16.76,
            "book_valuer_per_share_4q_avg": 16.77,
            "equity": 7543555,
            "current_ratio": 1132.42,
            "debt_ratio": 13.98,
            "inventory_turnover_ratio": null,
            "account_receivable_turnover_ratio": 1820.41,
            "reinvestment_rate": -234.96,
            "research_to_sale_ratio": null,
            "price_fair": 21.4,
            "eps_avg_yearly": 0.61,
            "eps_latest_yearly": 0.16,
            "eps_growth_yearly": 261.04
        },
        "20221": {
            "year_quarter": 20221,
            "year": 2022,
            "quarter": 1,
            "eps": 0.04,
            "eps_growth_year": null,
            "eps_4q": 0.23,
            "eps_4q_growth_year": -22.4,
            "roe": 0.24,
            "roe_4q": 1.3399999999999999,
            "gross_profit": 35621,
            "gross_margin": 60.2,
            "gross_margin_4q_avg": 62.22,
            "net_income": 18397,
            "revenue": 59173,
            "common_shares": 4499678,
            "book_valuer_per_share": 16.91,
            "book_valuer_per_share_4q_avg": 16.82,
            "equity": 7610608,
            "current_ratio": 1074.19,
            "debt_ratio": 13.97,
            "inventory_turnover_ratio": null,
            "account_receivable_turnover_ratio": 1643.69,
            "reinvestment_rate": 23.16,
            "research_to_sale_ratio": null,
            "price_fair": 21.6,
            "eps_avg_yearly": 0.62,
            "eps_latest_yearly": 0.16,
            "eps_growth_yearly": 287.13
        },
        "20222": {
            "year_quarter": 20222,
            "year": 2022,
            "quarter": 2,
            "eps": 0.2,
            "eps_growth_year": 233.33,
            "eps_4q": 0.36,
            "eps_4q_growth_year": 22.07,
            "roe": 1.16,
            "roe_4q": 2.13,
            "gross_profit": 32004,
            "gross_margin": 58.58,
            "gross_margin_4q_avg": 60.59,
            "net_income": 88726,
            "revenue": 54637,
            "common_shares": 4499678,
            "book_valuer_per_share": 17.04,
            "book_valuer_per_share_4q_avg": 16.83,
            "equity": 7667304,
            "current_ratio": 766.36,
            "debt_ratio": 14.6,
            "inventory_turnover_ratio": null,
            "account_receivable_turnover_ratio": 1583.68,
            "reinvestment_rate": 19.62,
            "research_to_sale_ratio": null,
            "price_fair": 21.4,
            "eps_avg_yearly": 0.61,
            "eps_latest_yearly": 0.8,
            "eps_growth_yearly": 115.7
        },
        "20223": {
            "year_quarter": 20223,
            "year": 2022,
            "quarter": 3,
            "eps": 0.2,
            "eps_growth_year": 150,
            "eps_4q": 0.48,
            "eps_4q_growth_year": 78.82,
            "roe": 1.17,
            "roe_4q": 2.8200000000000003,
            "gross_profit": 33131,
            "gross_margin": 59.23,
            "gross_margin_4q_avg": 58.56,
            "net_income": 91448,
            "revenue": 55935,
            "common_shares": 4499678,
            "book_valuer_per_share": 17.67,
            "book_valuer_per_share_4q_avg": 17.1,
            "equity": 7951897,
            "current_ratio": 815.43,
            "debt_ratio": 14.42,
            "inventory_turnover_ratio": null,
            "account_receivable_turnover_ratio": 3390,
            "reinvestment_rate": 37.13,
            "research_to_sale_ratio": null,
            "price_fair": 20.5,
            "eps_avg_yearly": 0.59,
            "eps_latest_yearly": 0.8,
            "eps_growth_yearly": 106.61
        },
        "20224": {
            "year_quarter": 20224,
            "year": 2022,
            "quarter": 4,
            "eps": 0.03,
            "eps_growth_year": -29.57,
            "eps_4q": 0.47,
            "eps_4q_growth_year": 151.02,
            "roe": 0.17,
            "roe_4q": 2.74,
            "gross_profit": 35437,
            "gross_margin": 62.29,
            "gross_margin_4q_avg": 60.08,
            "net_income": 13178,
            "revenue": 56890,
            "common_shares": 4499678,
            "book_valuer_per_share": 17.6,
            "book_valuer_per_share_4q_avg": 17.31,
            "equity": 7920927,
            "current_ratio": 1216.49,
            "debt_ratio": 13.55,
            "inventory_turnover_ratio": null,
            "account_receivable_turnover_ratio": 3447.88,
            "reinvestment_rate": 18.33,
            "research_to_sale_ratio": null,
            "price_fair": 18.7,
            "eps_avg_yearly": 0.53,
            "eps_latest_yearly": 0.12,
            "eps_growth_yearly": 90.2
        },
        "20231": {
            "year_quarter": 20231,
            "year": 2023,
            "quarter": 1,
            "eps": 0.05,
            "eps_growth_year": 25,
            "eps_4q": 0.48,
            "eps_4q_growth_year": 113.17,
            "roe": 0.3,
            "roe_4q": 2.8,
            "gross_profit": 48687,
            "gross_margin": 64.63,
            "gross_margin_4q_avg": 61.18,
            "net_income": 23675,
            "revenue": 75333,
            "common_shares": 4499678,
            "book_valuer_per_share": 17.79,
            "book_valuer_per_share_4q_avg": 17.53,
            "equity": 8003250,
            "current_ratio": 1151.29,
            "debt_ratio": 13.47,
            "inventory_turnover_ratio": null,
            "account_receivable_turnover_ratio": 3964.89,
            "reinvestment_rate": 7.45,
            "research_to_sale_ratio": null,
            "price_fair": 17.5,
            "eps_avg_yearly": 0.5,
            "eps_latest_yearly": 0.2,
            "eps_growth_yearly": 114.69
        }
    },
    "months": {
        "2001-06": {
            "month": "2001-06",
            "price": "12.81",
            "revenue": 24799
        },
        "2001-07": {
            "month": "2001-07",
            "price": "11.74",
            "revenue": 23430
        },
        "2001-08": {
            "month": "2001-08",
            "price": "11.28",
            "revenue": 22198
        },
        "2001-09": {
            "month": "2001-09",
            "price": "10.10",
            "revenue": 21072
        },
        "2001-10": {
            "month": "2001-10",
            "price": "9.48",
            "revenue": 20035
        },
        "2001-11": {
            "month": "2001-11",
            "price": "9.35",
            "revenue": 19410
        },
        "2001-12": {
            "month": "2001-12",
            "price": "10.52",
            "revenue": 19815
        },
        "2002-01": {
            "month": "2002-01",
            "price": "11.43",
            "revenue": 21147
        },
        "2002-02": {
            "month": "2002-02",
            "price": "11.19",
            "revenue": 24735
        },
        "2002-03": {
            "month": "2002-03",
            "price": "12.14",
            "revenue": 21031
        },
        "2002-04": {
            "month": "2002-04",
            "price": "12.92",
            "revenue": 19903
        },
        "2002-05": {
            "month": "2002-05",
            "price": "12.49",
            "revenue": 23462
        },
        "2002-06": {
            "month": "2002-06",
            "price": "12.53",
            "revenue": 21857
        },
        "2002-07": {
            "month": "2002-07",
            "price": "12.23",
            "revenue": 22138
        },
        "2002-08": {
            "month": "2002-08",
            "price": "11.71",
            "revenue": 20738
        },
        "2002-09": {
            "month": "2002-09",
            "price": "10.73",
            "revenue": 19699
        },
        "2002-10": {
            "month": "2002-10",
            "price": "9.84",
            "revenue": 19806
        },
        "2002-11": {
            "month": "2002-11",
            "price": "10.48",
            "revenue": 21571
        },
        "2002-12": {
            "month": "2002-12",
            "price": "11.08",
            "revenue": 21273
        },
        "2003-01": {
            "month": "2003-01",
            "price": "12.23",
            "revenue": 20696
        },
        "2003-02": {
            "month": "2003-02",
            "price": "12.11",
            "revenue": 20906
        },
        "2003-03": {
            "month": "2003-03",
            "price": "11.66",
            "revenue": 20341
        },
        "2003-04": {
            "month": "2003-04",
            "price": "10.85",
            "revenue": 19776
        },
        "2003-05": {
            "month": "2003-05",
            "price": "9.89",
            "revenue": 18293
        },
        "2003-06": {
            "month": "2003-06",
            "price": "10.99",
            "revenue": 19799
        },
        "2003-07": {
            "month": "2003-07",
            "price": "10.71",
            "revenue": 20889
        },
        "2003-08": {
            "month": "2003-08",
            "price": "10.63",
            "revenue": 21511
        },
        "2003-09": {
            "month": "2003-09",
            "price": "10.74",
            "revenue": 20275
        },
        "2003-10": {
            "month": "2003-10",
            "price": "11.23",
            "revenue": 20200
        },
        "2003-11": {
            "month": "2003-11",
            "price": "11.69",
            "revenue": 19788
        },
        "2003-12": {
            "month": "2003-12",
            "price": "11.20",
            "revenue": 21704
        },
        "2004-01": {
            "month": "2004-01",
            "price": "11.74",
            "revenue": 21022
        },
        "2004-02": {
            "month": "2004-02",
            "price": "15.47",
            "revenue": 19795
        },
        "2004-03": {
            "month": "2004-03",
            "price": "13.90",
            "revenue": 19714
        },
        "2004-04": {
            "month": "2004-04",
            "price": "12.35",
            "revenue": 19530
        },
        "2004-05": {
            "month": "2004-05",
            "price": "10.85",
            "revenue": 22335
        },
        "2004-06": {
            "month": "2004-06",
            "price": "10.78",
            "revenue": 23520
        },
        "2004-07": {
            "month": "2004-07",
            "price": "10.55",
            "revenue": 21720
        },
        "2004-08": {
            "month": "2004-08",
            "price": "10.24",
            "revenue": 20111
        },
        "2004-09": {
            "month": "2004-09",
            "price": "10.76",
            "revenue": 20715
        },
        "2004-10": {
            "month": "2004-10",
            "price": "10.90",
            "revenue": 19944
        },
        "2004-11": {
            "month": "2004-11",
            "price": "10.82",
            "revenue": 19508
        },
        "2004-12": {
            "month": "2004-12",
            "price": "11.35",
            "revenue": 22053
        },
        "2005-01": {
            "month": "2005-01",
            "price": "13.33",
            "revenue": 20384
        },
        "2005-02": {
            "month": "2005-02",
            "price": "12.59",
            "revenue": 21008
        },
        "2005-03": {
            "month": "2005-03",
            "price": "12.20",
            "revenue": 19250
        },
        "2005-04": {
            "month": "2005-04",
            "price": "11.08",
            "revenue": 18858
        },
        "2005-05": {
            "month": "2005-05",
            "price": "12.89",
            "revenue": 19728
        },
        "2005-06": {
            "month": "2005-06",
            "price": "15.89",
            "revenue": 20848
        },
        "2005-07": {
            "month": "2005-07",
            "price": "14.65",
            "revenue": 20594
        },
        "2005-08": {
            "month": "2005-08",
            "price": "14.55",
            "revenue": 19497
        },
        "2005-09": {
            "month": "2005-09",
            "price": "13.64",
            "revenue": 19425
        },
        "2005-10": {
            "month": "2005-10",
            "price": "13.44",
            "revenue": 19603
        },
        "2005-11": {
            "month": "2005-11",
            "price": "13.72",
            "revenue": 19499
        },
        "2005-12": {
            "month": "2005-12",
            "price": "15.59",
            "revenue": 19166
        },
        "2006-01": {
            "month": "2006-01",
            "price": "14.49",
            "revenue": 12160
        },
        "2006-02": {
            "month": "2006-02",
            "price": "13.61",
            "revenue": 27607
        },
        "2006-03": {
            "month": "2006-03",
            "price": "12.95",
            "revenue": 18042
        },
        "2006-04": {
            "month": "2006-04",
            "price": "15.90",
            "revenue": 18426
        },
        "2006-05": {
            "month": "2006-05",
            "price": "20.07",
            "revenue": 18020
        },
        "2006-06": {
            "month": "2006-06",
            "price": "18.60",
            "revenue": 16982
        },
        "2006-07": {
            "month": "2006-07",
            "price": "18.09",
            "revenue": 17956
        },
        "2006-08": {
            "month": "2006-08",
            "price": "17.87",
            "revenue": 17126
        },
        "2006-09": {
            "month": "2006-09",
            "price": "17.10",
            "revenue": 16343
        },
        "2006-10": {
            "month": "2006-10",
            "price": "17.37",
            "revenue": 16592
        },
        "2006-11": {
            "month": "2006-11",
            "price": "17.52",
            "revenue": 16224
        },
        "2006-12": {
            "month": "2006-12",
            "price": "18.92",
            "revenue": 16430
        },
        "2007-01": {
            "month": "2007-01",
            "price": "18.34",
            "revenue": 14990
        },
        "2007-02": {
            "month": "2007-02",
            "price": "19.36",
            "revenue": 14897
        },
        "2007-03": {
            "month": "2007-03",
            "price": "17.90",
            "revenue": 14657
        },
        "2007-04": {
            "month": "2007-04",
            "price": "18.64",
            "revenue": 17257
        },
        "2007-05": {
            "month": "2007-05",
            "price": "17.38",
            "revenue": 25261
        },
        "2007-06": {
            "month": "2007-06",
            "price": "17.68",
            "revenue": 26584
        },
        "2007-07": {
            "month": "2007-07",
            "price": "19.63",
            "revenue": 30698
        },
        "2007-08": {
            "month": "2007-08",
            "price": "18.26",
            "revenue": 19467
        },
        "2007-09": {
            "month": "2007-09",
            "price": "17.88",
            "revenue": 18097
        },
        "2007-10": {
            "month": "2007-10",
            "price": "17.52",
            "revenue": 15898
        },
        "2007-11": {
            "month": "2007-11",
            "price": "16.34",
            "revenue": 15883
        },
        "2007-12": {
            "month": "2007-12",
            "price": "15.14",
            "revenue": 21146
        },
        "2008-01": {
            "month": "2008-01",
            "price": "16.15",
            "revenue": 19370
        },
        "2008-02": {
            "month": "2008-02",
            "price": "17.51",
            "revenue": 25049
        },
        "2008-03": {
            "month": "2008-03",
            "price": "19.81",
            "revenue": 17954
        },
        "2008-04": {
            "month": "2008-04",
            "price": "20.22",
            "revenue": 18547
        },
        "2008-05": {
            "month": "2008-05",
            "price": "18.99",
            "revenue": 20847
        },
        "2008-06": {
            "month": "2008-06",
            "price": "17.13",
            "revenue": 20682
        },
        "2008-07": {
            "month": "2008-07",
            "price": "13.91",
            "revenue": 30374
        },
        "2008-08": {
            "month": "2008-08",
            "price": "14.00",
            "revenue": 24951
        },
        "2008-09": {
            "month": "2008-09",
            "price": "11.84",
            "revenue": 25715
        },
        "2008-10": {
            "month": "2008-10",
            "price": "10.10",
            "revenue": 22541
        },
        "2008-11": {
            "month": "2008-11",
            "price": "9.66",
            "revenue": 17290
        },
        "2008-12": {
            "month": "2008-12",
            "price": "10.28",
            "revenue": 18582
        },
        "2009-01": {
            "month": "2009-01",
            "price": "10.06",
            "revenue": 24190
        },
        "2009-02": {
            "month": "2009-02",
            "price": "9.88",
            "revenue": 22747
        },
        "2009-03": {
            "month": "2009-03",
            "price": "10.86",
            "revenue": 21498
        },
        "2009-04": {
            "month": "2009-04",
            "price": "12.92",
            "revenue": 23462
        },
        "2009-05": {
            "month": "2009-05",
            "price": "13.83",
            "revenue": 23708
        },
        "2009-06": {
            "month": "2009-06",
            "price": "13.99",
            "revenue": 24805
        },
        "2009-07": {
            "month": "2009-07",
            "price": "14.28",
            "revenue": 26918
        },
        "2009-08": {
            "month": "2009-08",
            "price": "13.99",
            "revenue": 24376
        },
        "2009-09": {
            "month": "2009-09",
            "price": "13.72",
            "revenue": 27700
        },
        "2009-10": {
            "month": "2009-10",
            "price": "14.12",
            "revenue": 20695
        },
        "2009-11": {
            "month": "2009-11",
            "price": "13.99",
            "revenue": 27464
        },
        "2009-12": {
            "month": "2009-12",
            "price": "14.22",
            "revenue": 29341
        },
        "2010-01": {
            "month": "2010-01",
            "price": "16.65",
            "revenue": 27798
        },
        "2010-02": {
            "month": "2010-02",
            "price": "16.56",
            "revenue": 32520
        },
        "2010-03": {
            "month": "2010-03",
            "price": "16.62",
            "revenue": 23661
        },
        "2010-04": {
            "month": "2010-04",
            "price": "16.95",
            "revenue": 23713
        },
        "2010-05": {
            "month": "2010-05",
            "price": "14.89",
            "revenue": 31410
        },
        "2010-06": {
            "month": "2010-06",
            "price": "14.56",
            "revenue": 25547
        },
        "2010-07": {
            "month": "2010-07",
            "price": "15.66",
            "revenue": 30497
        },
        "2010-08": {
            "month": "2010-08",
            "price": "17.30",
            "revenue": 31245
        },
        "2010-09": {
            "month": "2010-09",
            "price": "17.98",
            "revenue": 27354
        },
        "2010-10": {
            "month": "2010-10",
            "price": "17.80",
            "revenue": 22518
        },
        "2010-11": {
            "month": "2010-11",
            "price": "17.11",
            "revenue": 22405
        },
        "2010-12": {
            "month": "2010-12",
            "price": "16.80",
            "revenue": 24748
        },
        "2011-01": {
            "month": "2011-01",
            "price": "16.92",
            "revenue": 26950
        },
        "2011-02": {
            "month": "2011-02",
            "price": "15.81",
            "revenue": 31054
        },
        "2011-03": {
            "month": "2011-03",
            "price": "15.15",
            "revenue": 24230
        },
        "2011-04": {
            "month": "2011-04",
            "price": "15.92",
            "revenue": 26547
        },
        "2011-05": {
            "month": "2011-05",
            "price": "15.93",
            "revenue": 34886
        },
        "2011-06": {
            "month": "2011-06",
            "price": "16.36",
            "revenue": 31246
        },
        "2011-07": {
            "month": "2011-07",
            "price": "16.80",
            "revenue": 38867
        },
        "2011-08": {
            "month": "2011-08",
            "price": "15.43",
            "revenue": 41547
        },
        "2011-09": {
            "month": "2011-09",
            "price": "14.70",
            "revenue": 32773
        },
        "2011-10": {
            "month": "2011-10",
            "price": "14.13",
            "revenue": 34652
        },
        "2011-11": {
            "month": "2011-11",
            "price": "13.55",
            "revenue": 27323
        },
        "2011-12": {
            "month": "2011-12",
            "price": "12.64",
            "revenue": 27377
        },
        "2012-01": {
            "month": "2012-01",
            "price": "12.92",
            "revenue": 32541
        },
        "2012-02": {
            "month": "2012-02",
            "price": "14.22",
            "revenue": 31213
        },
        "2012-03": {
            "month": "2012-03",
            "price": "14.15",
            "revenue": 25806
        },
        "2012-04": {
            "month": "2012-04",
            "price": "13.50",
            "revenue": 32309
        },
        "2012-05": {
            "month": "2012-05",
            "price": "13.27",
            "revenue": 27078
        },
        "2012-06": {
            "month": "2012-06",
            "price": "12.87",
            "revenue": 26087
        },
        "2012-07": {
            "month": "2012-07",
            "price": "12.94",
            "revenue": 34000
        },
        "2012-08": {
            "month": "2012-08",
            "price": "14.12",
            "revenue": 34059
        },
        "2012-09": {
            "month": "2012-09",
            "price": "15.07",
            "revenue": 26733
        },
        "2012-10": {
            "month": "2012-10",
            "price": "14.74",
            "revenue": 23064
        },
        "2012-11": {
            "month": "2012-11",
            "price": "14.27",
            "revenue": 23360
        },
        "2012-12": {
            "month": "2012-12",
            "price": "14.15",
            "revenue": 26887
        },
        "2013-01": {
            "month": "2013-01",
            "price": "14.46",
            "revenue": 22803
        },
        "2013-02": {
            "month": "2013-02",
            "price": "14.34",
            "revenue": 37619
        },
        "2013-03": {
            "month": "2013-03",
            "price": "13.95",
            "revenue": 26762
        },
        "2013-04": {
            "month": "2013-04",
            "price": "14.05",
            "revenue": 28867
        },
        "2013-05": {
            "month": "2013-05",
            "price": "14.25",
            "revenue": 29923
        },
        "2013-06": {
            "month": "2013-06",
            "price": "14.05",
            "revenue": 31232
        },
        "2013-07": {
            "month": "2013-07",
            "price": "14.08",
            "revenue": 36470
        },
        "2013-08": {
            "month": "2013-08",
            "price": "14.62",
            "revenue": 31314
        },
        "2013-09": {
            "month": "2013-09",
            "price": "14.22",
            "revenue": 29188
        },
        "2013-10": {
            "month": "2013-10",
            "price": "14.74",
            "revenue": 24631
        },
        "2013-11": {
            "month": "2013-11",
            "price": "14.80",
            "revenue": 30633
        },
        "2013-12": {
            "month": "2013-12",
            "price": "14.89",
            "revenue": 29965
        },
        "2014-01": {
            "month": "2014-01",
            "price": "14.96",
            "revenue": 27459
        },
        "2014-02": {
            "month": "2014-02",
            "price": "14.89",
            "revenue": 33022
        },
        "2014-03": {
            "month": "2014-03",
            "price": "14.91",
            "revenue": 28560
        },
        "2014-04": {
            "month": "2014-04",
            "price": "14.87",
            "revenue": 26899
        },
        "2014-05": {
            "month": "2014-05",
            "price": "14.70",
            "revenue": 31466
        },
        "2014-06": {
            "month": "2014-06",
            "price": "14.87",
            "revenue": 30702
        },
        "2014-07": {
            "month": "2014-07",
            "price": "15.67",
            "revenue": 30433
        },
        "2014-08": {
            "month": "2014-08",
            "price": "15.50",
            "revenue": 42421
        },
        "2014-09": {
            "month": "2014-09",
            "price": "15.16",
            "revenue": 29821
        },
        "2014-10": {
            "month": "2014-10",
            "price": "14.88",
            "revenue": 34258
        },
        "2014-11": {
            "month": "2014-11",
            "price": "15.12",
            "revenue": 28481
        },
        "2014-12": {
            "month": "2014-12",
            "price": "15.26",
            "revenue": 28648
        },
        "2015-01": {
            "month": "2015-01",
            "price": "15.04",
            "revenue": 32120
        },
        "2015-02": {
            "month": "2015-02",
            "price": "15.07",
            "revenue": 35526
        },
        "2015-03": {
            "month": "2015-03",
            "price": "15.27",
            "revenue": 27689
        },
        "2015-04": {
            "month": "2015-04",
            "price": "15.54",
            "revenue": 34637
        },
        "2015-05": {
            "month": "2015-05",
            "price": "15.97",
            "revenue": 32856
        },
        "2015-06": {
            "month": "2015-06",
            "price": "15.25",
            "revenue": 34743
        },
        "2015-07": {
            "month": "2015-07",
            "price": "15.25",
            "revenue": 36147
        },
        "2015-08": {
            "month": "2015-08",
            "price": "14.40",
            "revenue": 40846
        },
        "2015-09": {
            "month": "2015-09",
            "price": "13.95",
            "revenue": 32568
        },
        "2015-10": {
            "month": "2015-10",
            "price": "14.12",
            "revenue": 33990
        },
        "2015-11": {
            "month": "2015-11",
            "price": "14.30",
            "revenue": 27756
        },
        "2015-12": {
            "month": "2015-12",
            "price": "14.16",
            "revenue": 28481
        },
        "2016-01": {
            "month": "2016-01",
            "price": "14.21",
            "revenue": 29601
        },
        "2016-02": {
            "month": "2016-02",
            "price": "14.62",
            "revenue": 36671
        },
        "2016-03": {
            "month": "2016-03",
            "price": "14.61",
            "revenue": 28961
        },
        "2016-04": {
            "month": "2016-04",
            "price": "14.49",
            "revenue": 29980
        },
        "2016-05": {
            "month": "2016-05",
            "price": "14.34",
            "revenue": 29299
        },
        "2016-06": {
            "month": "2016-06",
            "price": "14.27",
            "revenue": 33034
        },
        "2016-07": {
            "month": "2016-07",
            "price": "14.37",
            "revenue": 36262
        },
        "2016-08": {
            "month": "2016-08",
            "price": "14.08",
            "revenue": 32662
        },
        "2016-09": {
            "month": "2016-09",
            "price": "13.54",
            "revenue": 31470
        },
        "2016-10": {
            "month": "2016-10",
            "price": "13.73",
            "revenue": 33936
        },
        "2016-11": {
            "month": "2016-11",
            "price": "13.45",
            "revenue": 27609
        },
        "2016-12": {
            "month": "2016-12",
            "price": "13.43",
            "revenue": 28381
        },
        "2017-01": {
            "month": "2017-01",
            "price": "13.49",
            "revenue": 31396
        },
        "2017-02": {
            "month": "2017-02",
            "price": "14.02",
            "revenue": 33383
        },
        "2017-03": {
            "month": "2017-03",
            "price": "14.08",
            "revenue": 31661
        },
        "2017-04": {
            "month": "2017-04",
            "price": "14.02",
            "revenue": 35157
        },
        "2017-05": {
            "month": "2017-05",
            "price": "14.01",
            "revenue": 29752
        },
        "2017-06": {
            "month": "2017-06",
            "price": "14.05",
            "revenue": 30187
        },
        "2017-07": {
            "month": "2017-07",
            "price": "14.02",
            "revenue": 32300
        },
        "2017-08": {
            "month": "2017-08",
            "price": "13.71",
            "revenue": 29780
        },
        "2017-09": {
            "month": "2017-09",
            "price": "13.19",
            "revenue": 29762
        },
        "2017-10": {
            "month": "2017-10",
            "price": "13.17",
            "revenue": 30283
        },
        "2017-11": {
            "month": "2017-11",
            "price": "13.27",
            "revenue": 26493
        },
        "2017-12": {
            "month": "2017-12",
            "price": "13.25",
            "revenue": 30530
        },
        "2018-01": {
            "month": "2018-01",
            "price": "13.62",
            "revenue": 32892
        },
        "2018-02": {
            "month": "2018-02",
            "price": "13.32",
            "revenue": 30515
        },
        "2018-03": {
            "month": "2018-03",
            "price": "13.25",
            "revenue": 27473
        },
        "2018-04": {
            "month": "2018-04",
            "price": "13.19",
            "revenue": 31411
        },
        "2018-05": {
            "month": "2018-05",
            "price": "13.08",
            "revenue": 27828
        },
        "2018-06": {
            "month": "2018-06",
            "price": "12.93",
            "revenue": 29572
        },
        "2018-07": {
            "month": "2018-07",
            "price": "12.86",
            "revenue": 32311
        },
        "2018-08": {
            "month": "2018-08",
            "price": "12.86",
            "revenue": 32977
        },
        "2018-09": {
            "month": "2018-09",
            "price": "12.51",
            "revenue": 29046
        },
        "2018-10": {
            "month": "2018-10",
            "price": "12.57",
            "revenue": 28611
        },
        "2018-11": {
            "month": "2018-11",
            "price": "12.65",
            "revenue": 26711
        },
        "2018-12": {
            "month": "2018-12",
            "price": "12.70",
            "revenue": 35190
        },
        "2019-01": {
            "month": "2019-01",
            "price": "12.71",
            "revenue": 26398
        },
        "2019-02": {
            "month": "2019-02",
            "price": "12.81",
            "revenue": 28598
        },
        "2019-03": {
            "month": "2019-03",
            "price": "12.88",
            "revenue": 29493
        },
        "2019-04": {
            "month": "2019-04",
            "price": "12.84",
            "revenue": 29890
        },
        "2019-05": {
            "month": "2019-05",
            "price": "12.81",
            "revenue": 28661
        },
        "2019-06": {
            "month": "2019-06",
            "price": "13.15",
            "revenue": 31692
        },
        "2019-07": {
            "month": "2019-07",
            "price": "13.40",
            "revenue": 31682
        },
        "2019-08": {
            "month": "2019-08",
            "price": "13.20",
            "revenue": 29014
        },
        "2019-09": {
            "month": "2019-09",
            "price": "13.13",
            "revenue": 28225
        },
        "2019-10": {
            "month": "2019-10",
            "price": "13.11",
            "revenue": 29075
        },
        "2019-11": {
            "month": "2019-11",
            "price": "13.22",
            "revenue": 27279
        },
        "2019-12": {
            "month": "2019-12",
            "price": "13.34",
            "revenue": 28547
        },
        "2020-01": {
            "month": "2020-01",
            "price": "13.36",
            "revenue": 27400
        },
        "2020-02": {
            "month": "2020-02",
            "price": "12.96",
            "revenue": 26593
        },
        "2020-03": {
            "month": "2020-03",
            "price": "11.60",
            "revenue": 21295
        },
        "2020-04": {
            "month": "2020-04",
            "price": "11.31",
            "revenue": 14416
        },
        "2020-05": {
            "month": "2020-05",
            "price": "11.80",
            "revenue": 14864
        },
        "2020-06": {
            "month": "2020-06",
            "price": "12.32",
            "revenue": 15686
        },
        "2020-07": {
            "month": "2020-07",
            "price": "12.37",
            "revenue": 21358
        },
        "2020-08": {
            "month": "2020-08",
            "price": "12.04",
            "revenue": 24125
        },
        "2020-09": {
            "month": "2020-09",
            "price": "11.80",
            "revenue": 23576
        },
        "2020-10": {
            "month": "2020-10",
            "price": "11.75",
            "revenue": 23329
        },
        "2020-11": {
            "month": "2020-11",
            "price": "11.84",
            "revenue": 26390
        },
        "2020-12": {
            "month": "2020-12",
            "price": "12.05",
            "revenue": 25663
        },
        "2021-01": {
            "month": "2021-01",
            "price": "11.97",
            "revenue": 24607
        },
        "2021-02": {
            "month": "2021-02",
            "price": "11.87",
            "revenue": 24153
        },
        "2021-03": {
            "month": "2021-03",
            "price": "12.00",
            "revenue": 21626
        },
        "2021-04": {
            "month": "2021-04",
            "price": "12.42",
            "revenue": 27661
        },
        "2021-05": {
            "month": "2021-05",
            "price": "12.05",
            "revenue": 17139
        },
        "2021-06": {
            "month": "2021-06",
            "price": "12.47",
            "revenue": 13981
        },
        "2021-07": {
            "month": "2021-07",
            "price": "12.64",
            "revenue": 13649
        },
        "2021-08": {
            "month": "2021-08",
            "price": "12.08",
            "revenue": 17031
        },
        "2021-09": {
            "month": "2021-09",
            "price": "11.90",
            "revenue": 17284
        },
        "2021-10": {
            "month": "2021-10",
            "price": "12.03",
            "revenue": 17914
        },
        "2021-11": {
            "month": "2021-11",
            "price": "12.29",
            "revenue": 21054
        },
        "2021-12": {
            "month": "2021-12",
            "price": "12.12",
            "revenue": 23839
        },
        "2022-01": {
            "month": "2022-01",
            "price": "12.06",
            "revenue": 19305
        },
        "2022-02": {
            "month": "2022-02",
            "price": "12.17",
            "revenue": 19526
        },
        "2022-03": {
            "month": "2022-03",
            "price": "12.13",
            "revenue": 20357
        },
        "2022-04": {
            "month": "2022-04",
            "price": "12.07",
            "revenue": 18274
        },
        "2022-05": {
            "month": "2022-05",
            "price": "11.82",
            "revenue": 16504
        },
        "2022-06": {
            "month": "2022-06",
            "price": "11.93",
            "revenue": 19859
        },
        "2022-07": {
            "month": "2022-07",
            "price": "11.82",
            "revenue": 20132
        },
        "2022-08": {
            "month": "2022-08",
            "price": "12.05",
            "revenue": 19414
        },
        "2022-09": {
            "month": "2022-09",
            "price": "12.08",
            "revenue": 16392
        },
        "2022-10": {
            "month": "2022-10",
            "price": "11.92",
            "revenue": 17505
        },
        "2022-11": {
            "month": "2022-11",
            "price": "12.07",
            "revenue": 19446
        },
        "2022-12": {
            "month": "2022-12",
            "price": "12.12",
            "revenue": 19939
        },
        "2023-01": {
            "month": "2023-01",
            "price": "12.10",
            "revenue": 25995
        },
        "2023-02": {
            "month": "2023-02",
            "price": "12.48",
            "revenue": 26646
        },
        "2023-03": {
            "month": "2023-03",
            "price": "12.79",
            "revenue": 22693
        },
        "2023-04": {
            "month": "2023-04",
            "price": "12.67",
            "revenue": 23982
        },
        "2023-05": {
            "month": "2023-05",
            "price": "13.03",
            "revenue": 24456
        }
    }
}
