{
    "summary": {
        "stock_name": "華園",
        "stock_id": "2702",
        "category": "觀光",
        "main_business": "一般旅館業<br>餐館業<br>食品什貨、飲料零售業",
        "website_url": "http://www.hotelhg.com.tw",
        "ceo": "陳海尼",
        "pe_ratio": 10,
        "report_year_from": 2001,
        "report_year_to": 2023,
        "age": 22,
        "eps_negative_percentage": 35,
        "eps_growth_avg": {
            "last_all": -10.14,
            "last_2y": -82.83,
            "last_4y": -91.41,
            "last_8y": -38.81,
            "last_12y": -26.97,
            "last_16y": -10.14,
            "last_20y": -10.14,
            "at_2006_last_3y": 41.67,
            "at_2007_last_3y": 31.62,
            "at_2008_last_3y": 9.25,
            "at_2009_last_3y": 31.94,
            "at_2010_last_3y": 28.08,
            "at_2011_last_3y": 21.45,
            "at_2012_last_3y": 27.72,
            "at_2013_last_3y": -9.2,
            "at_2014_last_3y": -1.32,
            "at_2015_last_3y": -3.25,
            "at_2016_last_3y": 0.57,
            "at_2017_last_3y": -12.51,
            "at_2018_last_3y": -35.95,
            "at_2019_last_3y": -65.05,
            "at_2020_last_3y": -100,
            "at_2021_last_3y": -100,
            "at_2022_last_3y": -91.41,
            "at_2023_last_3y": -91.41,
            "at_2006_last_all": 41.67,
            "at_2007_last_all": 31.62,
            "at_2008_last_all": 9.25,
            "at_2009_last_all": 31.94,
            "at_2010_last_all": 30.8,
            "at_2011_last_all": 24.84,
            "at_2012_last_all": 19.8,
            "at_2013_last_all": 11.37,
            "at_2014_last_all": 16.53,
            "at_2015_last_all": 13.61,
            "at_2016_last_all": 12.81,
            "at_2017_last_all": 3.41,
            "at_2018_last_all": 3.41,
            "at_2019_last_all": -4.55,
            "at_2020_last_all": -4.55,
            "at_2021_last_all": -4.55,
            "at_2022_last_all": -10.14,
            "at_2023_last_all": -10.14
        },
        "latest_eps": 2.41,
        "latest_price": 23.55,
        "latest_roe": 12.38,
        "latest_gross_margin": 79.07,
        "latest_equity": 3107912,
        "latest_revenue": 324548,
        "latest_gross_profit": 256613,
        "latest_net_income": -38527,
        "latest_debt_ratio": 63.28,
        "latest_current_ratio": 415.1,
        "latest_account_receivable_turnover_ratio": 12,
        "latest_inventory_turnover_ratio": 86.43,
        "latest_reinvestment_rate": 42.62,
        "latest_research_to_sale_ratio": null
    },
    "eps_dividends": {
        "1990": {
            "cash": 0,
            "stock": 1,
            "eps": 0
        },
        "1991": {
            "cash": 0,
            "stock": 0,
            "eps": 0
        },
        "1992": {
            "cash": 0,
            "stock": 0,
            "eps": 0
        },
        "1993": {
            "cash": 0,
            "stock": 0,
            "eps": 0
        },
        "1995": {
            "cash": 0,
            "stock": 0,
            "eps": 0
        },
        "1996": {
            "cash": 0,
            "stock": 0,
            "eps": 0
        },
        "1997": {
            "cash": 0,
            "stock": 0,
            "eps": 0
        },
        "1998": {
            "cash": 0,
            "stock": 2,
            "eps": 0
        },
        "1999": {
            "cash": 0,
            "stock": 0,
            "eps": 0
        },
        "2000": {
            "cash": 0,
            "stock": 0,
            "eps": 0
        },
        "2001": {
            "cash": 0,
            "stock": 0,
            "eps": -0.4
        },
        "2002": {
            "cash": 0,
            "stock": 0,
            "eps": -0.11
        },
        "2003": {
            "cash": 0,
            "stock": 0,
            "eps": -0.15
        },
        "2004": {
            "cash": 0,
            "stock": 0,
            "eps": -0.12
        },
        "2005": {
            "cash": 0,
            "stock": 0,
            "eps": 0.36
        },
        "2006": {
            "cash": 0,
            "stock": 0,
            "eps": 0.51
        },
        "2007": {
            "cash": 0,
            "stock": 0,
            "eps": 0.62
        },
        "2008": {
            "cash": 0,
            "stock": 1,
            "eps": 0.4
        },
        "2009": {
            "cash": 0,
            "stock": 0,
            "eps": 0.8
        },
        "2010": {
            "cash": 0,
            "stock": 1,
            "eps": 1.01
        },
        "2011": {
            "cash": 0,
            "stock": 2,
            "eps": 0.96
        },
        "2012": {
            "cash": 0,
            "stock": 0,
            "eps": 0.86
        },
        "2013": {
            "cash": 0,
            "stock": 1,
            "eps": 0.45
        },
        "2014": {
            "cash": 0,
            "stock": 0,
            "eps": 0.71
        },
        "2015": {
            "cash": 0,
            "stock": 1,
            "eps": 0.62
        },
        "2016": {
            "cash": 0,
            "stock": 0,
            "eps": 0.65
        },
        "2017": {
            "cash": 0,
            "stock": 0,
            "eps": -0.01
        },
        "2018": {
            "cash": 0,
            "stock": 0,
            "eps": 2.09
        },
        "2019": {
            "cash": 0,
            "stock": 1,
            "eps": -0.06
        },
        "2020": {
            "cash": 0,
            "stock": 0,
            "eps": -2.44
        },
        "2021": {
            "cash": 0,
            "stock": 0,
            "eps": 16.54
        },
        "2022": {
            "cash": 1,
            "stock": 4,
            "eps": 2.84
        },
        "2023": {
            "cash": 0,
            "stock": 1,
            "eps": -0.26
        }
    },
    "dividends": {
        "1990-06-04": {
            "cash": 0,
            "stock": 0.55
        },
        "1991-06-20": {
            "cash": 0,
            "stock": 0.2
        },
        "1992-06-22": {
            "cash": 0,
            "stock": 0.2
        },
        "1993-04-13": {
            "cash": 0,
            "stock": 0.08
        },
        "1995-04-15": {
            "cash": 0,
            "stock": 0.16
        },
        "1996-05-07": {
            "cash": 0,
            "stock": 0.35
        },
        "1997-04-09": {
            "cash": 0,
            "stock": 0.25
        },
        "1998-04-22": {
            "cash": 0,
            "stock": 2
        },
        "1999-05-07": {
            "cash": 0,
            "stock": 0.14
        },
        "2000-05-10": {
            "cash": 0,
            "stock": 0.12
        },
        "2008-03-05": {
            "cash": 0,
            "stock": 0.6
        },
        "2009-03-19": {
            "cash": 0,
            "stock": 0
        },
        "2010-03-30": {
            "cash": 0.15,
            "stock": 0.6
        },
        "2011-01-01": {
            "cash": 0.3,
            "stock": 0.6
        },
        "2011-03-25": {
            "cash": 0.21,
            "stock": 0.6
        },
        "2013-03-19": {
            "cash": 0.2,
            "stock": 0.6
        },
        "2014-10-14": {
            "cash": 0.1,
            "stock": 0.3
        },
        "2015-09-21": {
            "cash": 0.15,
            "stock": 0.5
        },
        "2016-09-27": {
            "cash": 0.12,
            "stock": 0.4
        },
        "2017-10-05": {
            "cash": 0.12,
            "stock": 0.4
        },
        "2019-09-25": {
            "cash": 0.2,
            "stock": 0.8
        },
        "2022-09-30": {
            "cash": 1,
            "stock": 3.5
        },
        "2023-03-14": {
            "cash": 0.2,
            "stock": 0.5
        }
    },
    "prices": {
        "200101": "10.28",
        "200102": "12.44",
        "200103": "11.15",
        "200104": "10.10",
        "200105": "9.37",
        "200106": "8.69",
        "200107": "7.23",
        "200108": "7.45",
        "200109": "7.33",
        "200110": "6.83",
        "200111": "6.83",
        "200112": "7.82",
        "200201": "8.10",
        "200202": "7.72",
        "200203": "8.18",
        "200204": "10.13",
        "200205": "9.28",
        "200206": "8.99",
        "200207": "8.28",
        "200208": "7.41",
        "200209": "7.09",
        "200210": "7.00",
        "200211": "7.52",
        "200212": "7.74",
        "200301": "9.47",
        "200302": "8.82",
        "200303": "8.16",
        "200304": "7.41",
        "200305": "5.51",
        "200306": "6.70",
        "200307": "7.02",
        "200308": "7.01",
        "200309": "8.20",
        "200310": "8.64",
        "200311": "8.33",
        "200312": "8.18",
        "200401": "9.02",
        "200402": "16.28",
        "200403": "15.20",
        "200404": "12.33",
        "200405": "10.24",
        "200406": "10.38",
        "200407": "9.68",
        "200408": "8.84",
        "200409": "9.68",
        "200410": "9.73",
        "200411": "9.45",
        "200412": "10.45",
        "200501": "13.74",
        "200502": "13.13",
        "200503": "13.86",
        "200504": "12.42",
        "200505": "17.84",
        "200506": "29.00",
        "200507": "27.46",
        "200508": "28.50",
        "200509": "26.82",
        "200510": "28.09",
        "200511": "27.95",
        "200512": "31.44",
        "200601": "26.93",
        "200602": "25.79",
        "200603": "23.66",
        "200604": "29.31",
        "200605": "38.27",
        "200606": "36.48",
        "200607": "32.31",
        "200608": "31.56",
        "200609": "31.14",
        "200610": "34.02",
        "200611": "33.15",
        "200612": "37.13",
        "200701": "35.78",
        "200702": "41.19",
        "200703": "38.47",
        "200704": "38.83",
        "200705": "34.50",
        "200706": "34.62",
        "200707": "36.65",
        "200708": "30.33",
        "200709": "30.88",
        "200710": "33.85",
        "200711": "29.80",
        "200712": "28.69",
        "200801": "32.69",
        "200802": "33.50",
        "200803": "39.13",
        "200804": "39.82",
        "200805": "38.42",
        "200806": "34.25",
        "200807": "24.36",
        "200808": "22.75",
        "200809": "18.44",
        "200810": "13.81",
        "200811": "12.92",
        "200812": "17.01",
        "200901": "17.32",
        "200902": "16.62",
        "200903": "20.08",
        "200904": "26.46",
        "200905": "36.46",
        "200906": "35.29",
        "200907": "35.18",
        "200908": "28.20",
        "200909": "28.14",
        "200910": "28.22",
        "200911": "29.04",
        "200912": "32.25",
        "201001": "31.25",
        "201002": "27.37",
        "201003": "28.02",
        "201004": "28.49",
        "201005": "25.82",
        "201006": "28.21",
        "201007": "30.81",
        "201008": "30.46",
        "201009": "29.38",
        "201010": "28.92",
        "201011": "27.62",
        "201012": "28.70",
        "201101": "28.88",
        "201102": "27.80",
        "201103": "26.15",
        "201104": "27.59",
        "201105": "27.83",
        "201106": "28.34",
        "201107": "27.14",
        "201108": "24.07",
        "201109": "22.75",
        "201110": "22.26",
        "201111": "21.83",
        "201112": "20.42",
        "201201": "20.61",
        "201202": "22.20",
        "201203": "21.88",
        "201204": "20.60",
        "201205": "19.91",
        "201206": "18.05",
        "201207": "18.42",
        "201208": "19.75",
        "201209": "20.74",
        "201210": "21.15",
        "201211": "19.52",
        "201212": "19.64",
        "201301": "19.83",
        "201302": "19.65",
        "201303": "19.77",
        "201304": "19.62",
        "201305": "19.70",
        "201306": "19.31",
        "201307": "19.82",
        "201308": "19.69",
        "201309": "18.84",
        "201310": "18.79",
        "201311": "18.57",
        "201312": "18.62",
        "201401": "18.67",
        "201402": "18.41",
        "201403": "18.28",
        "201404": "17.91",
        "201405": "17.80",
        "201406": "18.12",
        "201407": "18.72",
        "201408": "17.90",
        "201409": "17.43",
        "201410": "16.54",
        "201411": "16.20",
        "201412": "16.22",
        "201501": "16.34",
        "201502": "16.31",
        "201503": "16.36",
        "201504": "16.47",
        "201505": "16.79",
        "201506": "16.00",
        "201507": "16.19",
        "201508": "14.90",
        "201509": "14.08",
        "201510": "14.24",
        "201511": "14.95",
        "201512": "15.38",
        "201601": "15.48",
        "201602": "15.38",
        "201603": "16.74",
        "201604": "16.22",
        "201605": "16.04",
        "201606": "16.32",
        "201607": "16.61",
        "201608": "17.24",
        "201609": "16.98",
        "201610": "16.91",
        "201611": "16.49",
        "201612": "16.23",
        "201701": "16.10",
        "201702": "16.21",
        "201703": "16.13",
        "201704": "15.96",
        "201705": "16.10",
        "201706": "15.88",
        "201707": "15.84",
        "201708": "15.50",
        "201709": "14.40",
        "201710": "13.71",
        "201711": "13.82",
        "201712": "13.92",
        "201801": "14.87",
        "201802": "14.85",
        "201803": "14.93",
        "201804": "15.06",
        "201805": "14.68",
        "201806": "14.77",
        "201807": "24.17",
        "201808": "22.35",
        "201809": "17.29",
        "201810": "16.02",
        "201811": "18.41",
        "201812": "25.90",
        "201901": "21.53",
        "201902": "21.82",
        "201903": "21.18",
        "201904": "21.37",
        "201905": "19.23",
        "201906": "20.67",
        "201907": "22.08",
        "201908": "19.12",
        "201909": "18.37",
        "201910": "18.20",
        "201911": "18.84",
        "201912": "20.40",
        "202001": "21.63",
        "202002": "16.13",
        "202003": "12.58",
        "202004": "12.16",
        "202005": "16.36",
        "202006": "18.92",
        "202007": "18.17",
        "202008": "16.70",
        "202009": "15.72",
        "202010": "15.78",
        "202011": "16.27",
        "202012": "17.22",
        "202101": "16.11",
        "202102": "16.15",
        "202103": "17.47",
        "202104": "17.51",
        "202105": "18.13",
        "202106": "24.10",
        "202107": "26.85",
        "202108": "24.40",
        "202109": "25.47",
        "202110": "23.37",
        "202111": "25.07",
        "202112": "25.63",
        "202201": "24.51",
        "202202": "25.79",
        "202203": "25.42",
        "202204": "28.05",
        "202205": "26.27",
        "202206": "27.81",
        "202207": "27.20",
        "202208": "29.16",
        "202209": "24.64",
        "202210": "20.74",
        "202211": "21.66",
        "202212": "22.85",
        "202301": "22.72",
        "202302": "24.42",
        "202303": "24.91",
        "202304": "23.49",
        "202305": "23.35"
    },
    "quarters": {
        "20011": {
            "year_quarter": 20011,
            "year": 2001,
            "quarter": 1,
            "eps": 0.02,
            "eps_growth_year": -33.33,
            "eps_4q": -0.25,
            "eps_4q_growth_year": -517.93,
            "roe": 0.22,
            "roe_4q": 0.22,
            "gross_profit": 24198,
            "gross_margin": 72.78,
            "gross_margin_4q_avg": 72.78,
            "net_income": 1593,
            "revenue": 33248,
            "common_shares": 637871,
            "book_valuer_per_share": 11.41,
            "book_valuer_per_share_4q_avg": 11.41,
            "equity": 727849,
            "current_ratio": 23.25,
            "debt_ratio": 44.28,
            "inventory_turnover_ratio": 6.03,
            "account_receivable_turnover_ratio": null,
            "reinvestment_rate": null,
            "research_to_sale_ratio": null,
            "price_fair": 0,
            "eps_avg_yearly": 0,
            "eps_latest_yearly": 0,
            "eps_growth_yearly": 0
        },
        "20012": {
            "year_quarter": 20012,
            "year": 2001,
            "quarter": 2,
            "eps": -0.34,
            "eps_growth_year": null,
            "eps_4q": -0.63,
            "eps_4q_growth_year": null,
            "roe": -2.97,
            "roe_4q": -2.75,
            "gross_profit": 21938,
            "gross_margin": 78.19,
            "gross_margin_4q_avg": 75.49,
            "net_income": -21797,
            "revenue": 28056,
            "common_shares": 637871,
            "book_valuer_per_share": 11.61,
            "book_valuer_per_share_4q_avg": 11.51,
            "equity": 740363,
            "current_ratio": 21.35,
            "debt_ratio": 44.15,
            "inventory_turnover_ratio": 4.94,
            "account_receivable_turnover_ratio": null,
            "reinvestment_rate": null,
            "research_to_sale_ratio": null,
            "price_fair": 0,
            "eps_avg_yearly": 0,
            "eps_latest_yearly": 0,
            "eps_growth_yearly": 0
        },
        "20013": {
            "year_quarter": 20013,
            "year": 2001,
            "quarter": 3,
            "eps": 0.11,
            "eps_growth_year": null,
            "eps_4q": -0.44,
            "eps_4q_growth_year": null,
            "roe": 0.92,
            "roe_4q": -1.8300000000000003,
            "gross_profit": 22658,
            "gross_margin": 79.79,
            "gross_margin_4q_avg": 76.92,
            "net_income": 6793,
            "revenue": 28397,
            "common_shares": 637871,
            "book_valuer_per_share": 11.63,
            "book_valuer_per_share_4q_avg": 11.55,
            "equity": 742134,
            "current_ratio": 23.8,
            "debt_ratio": 44.72,
            "inventory_turnover_ratio": 4.26,
            "account_receivable_turnover_ratio": null,
            "reinvestment_rate": null,
            "research_to_sale_ratio": null,
            "price_fair": 0,
            "eps_avg_yearly": 0,
            "eps_latest_yearly": 0,
            "eps_growth_yearly": 0
        },
        "20014": {
            "year_quarter": 20014,
            "year": 2001,
            "quarter": 4,
            "eps": -0.19,
            "eps_growth_year": null,
            "eps_4q": -0.4,
            "eps_4q_growth_year": null,
            "roe": -1.59,
            "roe_4q": -3.42,
            "gross_profit": 25036,
            "gross_margin": 78.3,
            "gross_margin_4q_avg": 77.27,
            "net_income": -11769,
            "revenue": 31973,
            "common_shares": 637871,
            "book_valuer_per_share": 11.55,
            "book_valuer_per_share_4q_avg": 11.55,
            "equity": 737029,
            "current_ratio": 78.15,
            "debt_ratio": 53.86,
            "inventory_turnover_ratio": 5.82,
            "account_receivable_turnover_ratio": null,
            "reinvestment_rate": null,
            "research_to_sale_ratio": null,
            "price_fair": 0,
            "eps_avg_yearly": 0,
            "eps_latest_yearly": 0,
            "eps_growth_yearly": 0
        },
        "20021": {
            "year_quarter": 20021,
            "year": 2002,
            "quarter": 1,
            "eps": -0.1,
            "eps_growth_year": -600,
            "eps_4q": -0.54,
            "eps_4q_growth_year": null,
            "roe": -0.84,
            "roe_4q": -4.48,
            "gross_profit": 23874,
            "gross_margin": 74.44,
            "gross_margin_4q_avg": 77.68,
            "net_income": -6136,
            "revenue": 32071,
            "common_shares": 637871,
            "book_valuer_per_share": 11.47,
            "book_valuer_per_share_4q_avg": 11.57,
            "equity": 731810,
            "current_ratio": 22.31,
            "debt_ratio": 45.56,
            "inventory_turnover_ratio": 8.31,
            "account_receivable_turnover_ratio": null,
            "reinvestment_rate": null,
            "research_to_sale_ratio": null,
            "price_fair": 0,
            "eps_avg_yearly": 0,
            "eps_latest_yearly": 0,
            "eps_growth_yearly": 0
        },
        "20022": {
            "year_quarter": 20022,
            "year": 2002,
            "quarter": 2,
            "eps": -0.09,
            "eps_growth_year": null,
            "eps_4q": -0.27,
            "eps_4q_growth_year": null,
            "roe": -0.83,
            "roe_4q": -2.34,
            "gross_profit": 22021,
            "gross_margin": 80.53,
            "gross_margin_4q_avg": 78.27,
            "net_income": -5952,
            "revenue": 27345,
            "common_shares": 637871,
            "book_valuer_per_share": 10.95,
            "book_valuer_per_share_4q_avg": 11.4,
            "equity": 698688,
            "current_ratio": 41.96,
            "debt_ratio": 46.97,
            "inventory_turnover_ratio": 5.5,
            "account_receivable_turnover_ratio": null,
            "reinvestment_rate": null,
            "research_to_sale_ratio": null,
            "price_fair": 0,
            "eps_avg_yearly": 0,
            "eps_latest_yearly": 0,
            "eps_growth_yearly": 0
        },
        "20023": {
            "year_quarter": 20023,
            "year": 2002,
            "quarter": 3,
            "eps": 0.13,
            "eps_growth_year": 18.18,
            "eps_4q": -0.25,
            "eps_4q_growth_year": null,
            "roe": 1.16,
            "roe_4q": -2.1,
            "gross_profit": 22498,
            "gross_margin": 72.98,
            "gross_margin_4q_avg": 76.56,
            "net_income": 8157,
            "revenue": 30829,
            "common_shares": 637871,
            "book_valuer_per_share": 11.13,
            "book_valuer_per_share_4q_avg": 11.28,
            "equity": 710125,
            "current_ratio": 52.21,
            "debt_ratio": 35.61,
            "inventory_turnover_ratio": 8.45,
            "account_receivable_turnover_ratio": null,
            "reinvestment_rate": null,
            "research_to_sale_ratio": null,
            "price_fair": 0,
            "eps_avg_yearly": 0,
            "eps_latest_yearly": 0,
            "eps_growth_yearly": 0
        },
        "20024": {
            "year_quarter": 20024,
            "year": 2002,
            "quarter": 4,
            "eps": -0.05,
            "eps_growth_year": null,
            "eps_4q": -0.11,
            "eps_4q_growth_year": null,
            "roe": -0.45,
            "roe_4q": -0.96,
            "gross_profit": 28671,
            "gross_margin": 77.18,
            "gross_margin_4q_avg": 76.28,
            "net_income": -3193,
            "revenue": 37147,
            "common_shares": 637871,
            "book_valuer_per_share": 11.05,
            "book_valuer_per_share_4q_avg": 11.15,
            "equity": 704671,
            "current_ratio": 74.35,
            "debt_ratio": 53.33,
            "inventory_turnover_ratio": 8.14,
            "account_receivable_turnover_ratio": null,
            "reinvestment_rate": null,
            "research_to_sale_ratio": null,
            "price_fair": 0,
            "eps_avg_yearly": 0,
            "eps_latest_yearly": 0,
            "eps_growth_yearly": 0
        },
        "20031": {
            "year_quarter": 20031,
            "year": 2003,
            "quarter": 1,
            "eps": -0.12,
            "eps_growth_year": null,
            "eps_4q": -0.14,
            "eps_4q_growth_year": null,
            "roe": -1.05,
            "roe_4q": -1.17,
            "gross_profit": 24784,
            "gross_margin": 73.42,
            "gross_margin_4q_avg": 76.03,
            "net_income": -7346,
            "revenue": 33755,
            "common_shares": 637871,
            "book_valuer_per_share": 10.93,
            "book_valuer_per_share_4q_avg": 11.02,
            "equity": 696887,
            "current_ratio": 31.61,
            "debt_ratio": 33.79,
            "inventory_turnover_ratio": 8.56,
            "account_receivable_turnover_ratio": null,
            "reinvestment_rate": null,
            "research_to_sale_ratio": null,
            "price_fair": 0,
            "eps_avg_yearly": 0,
            "eps_latest_yearly": 0,
            "eps_growth_yearly": 0
        },
        "20032": {
            "year_quarter": 20032,
            "year": 2003,
            "quarter": 2,
            "eps": -0.21,
            "eps_growth_year": null,
            "eps_4q": -0.25,
            "eps_4q_growth_year": null,
            "roe": -1.92,
            "roe_4q": -2.26,
            "gross_profit": 11570,
            "gross_margin": 72.1,
            "gross_margin_4q_avg": 73.92,
            "net_income": -13256,
            "revenue": 16048,
            "common_shares": 637871,
            "book_valuer_per_share": 10.68,
            "book_valuer_per_share_4q_avg": 10.95,
            "equity": 681326,
            "current_ratio": 23.85,
            "debt_ratio": 34.04,
            "inventory_turnover_ratio": 4.84,
            "account_receivable_turnover_ratio": null,
            "reinvestment_rate": null,
            "research_to_sale_ratio": null,
            "price_fair": 0,
            "eps_avg_yearly": 0,
            "eps_latest_yearly": 0,
            "eps_growth_yearly": 0
        },
        "20033": {
            "year_quarter": 20033,
            "year": 2003,
            "quarter": 3,
            "eps": 0.08,
            "eps_growth_year": -38.46,
            "eps_4q": -0.29,
            "eps_4q_growth_year": null,
            "roe": 0.75,
            "roe_4q": -2.67,
            "gross_profit": 21922,
            "gross_margin": 78.24,
            "gross_margin_4q_avg": 75.24,
            "net_income": 5124,
            "revenue": 28019,
            "common_shares": 637871,
            "book_valuer_per_share": 10.6,
            "book_valuer_per_share_4q_avg": 10.82,
            "equity": 676438,
            "current_ratio": 30.54,
            "debt_ratio": 35.02,
            "inventory_turnover_ratio": 6.84,
            "account_receivable_turnover_ratio": null,
            "reinvestment_rate": null,
            "research_to_sale_ratio": null,
            "price_fair": 0,
            "eps_avg_yearly": 0,
            "eps_latest_yearly": 0,
            "eps_growth_yearly": 0
        },
        "20034": {
            "year_quarter": 20034,
            "year": 2003,
            "quarter": 4,
            "eps": 0.1,
            "eps_growth_year": null,
            "eps_4q": -0.15,
            "eps_4q_growth_year": null,
            "roe": 0.9,
            "roe_4q": -1.32,
            "gross_profit": 29426,
            "gross_margin": 81,
            "gross_margin_4q_avg": 76.19,
            "net_income": 6149,
            "revenue": 36330,
            "common_shares": 637871,
            "book_valuer_per_share": 10.74,
            "book_valuer_per_share_4q_avg": 10.74,
            "equity": 685254,
            "current_ratio": 52.55,
            "debt_ratio": 51.48,
            "inventory_turnover_ratio": 6.68,
            "account_receivable_turnover_ratio": null,
            "reinvestment_rate": null,
            "research_to_sale_ratio": null,
            "price_fair": 14,
            "eps_avg_yearly": 0.4,
            "eps_latest_yearly": 0.4,
            "eps_growth_yearly": 100
        },
        "20041": {
            "year_quarter": 20041,
            "year": 2004,
            "quarter": 1,
            "eps": -0.07,
            "eps_growth_year": null,
            "eps_4q": -0.1,
            "eps_4q_growth_year": null,
            "roe": -0.68,
            "roe_4q": -0.95,
            "gross_profit": 21454,
            "gross_margin": 73.17,
            "gross_margin_4q_avg": 76.13,
            "net_income": -4604,
            "revenue": 29321,
            "common_shares": 637871,
            "book_valuer_per_share": 10.51,
            "book_valuer_per_share_4q_avg": 10.63,
            "equity": 670160,
            "current_ratio": 16.21,
            "debt_ratio": 32.91,
            "inventory_turnover_ratio": 7.85,
            "account_receivable_turnover_ratio": null,
            "reinvestment_rate": null,
            "research_to_sale_ratio": null,
            "price_fair": 14,
            "eps_avg_yearly": 0.4,
            "eps_latest_yearly": 0.4,
            "eps_growth_yearly": 100
        },
        "20042": {
            "year_quarter": 20042,
            "year": 2004,
            "quarter": 2,
            "eps": 0,
            "eps_growth_year": null,
            "eps_4q": 0.1,
            "eps_4q_growth_year": null,
            "roe": -0.02,
            "roe_4q": 0.95,
            "gross_profit": 23585,
            "gross_margin": 80.22,
            "gross_margin_4q_avg": 78.16,
            "net_income": -162,
            "revenue": 29399,
            "common_shares": 637871,
            "book_valuer_per_share": 10.63,
            "book_valuer_per_share_4q_avg": 10.62,
            "equity": 678155,
            "current_ratio": 22.69,
            "debt_ratio": 33.92,
            "inventory_turnover_ratio": 7.89,
            "account_receivable_turnover_ratio": null,
            "reinvestment_rate": null,
            "research_to_sale_ratio": null,
            "price_fair": 14,
            "eps_avg_yearly": 0.4,
            "eps_latest_yearly": 0.4,
            "eps_growth_yearly": 100
        },
        "20043": {
            "year_quarter": 20043,
            "year": 2004,
            "quarter": 3,
            "eps": 0.05,
            "eps_growth_year": -37.5,
            "eps_4q": 0.07,
            "eps_4q_growth_year": null,
            "roe": 0.47,
            "roe_4q": 0.6699999999999999,
            "gross_profit": 31050,
            "gross_margin": 78.55,
            "gross_margin_4q_avg": 78.24,
            "net_income": 3195,
            "revenue": 39529,
            "common_shares": 631421,
            "book_valuer_per_share": 10.83,
            "book_valuer_per_share_4q_avg": 10.68,
            "equity": 683785,
            "current_ratio": 23.57,
            "debt_ratio": 33.03,
            "inventory_turnover_ratio": 12.15,
            "account_receivable_turnover_ratio": null,
            "reinvestment_rate": null,
            "research_to_sale_ratio": null,
            "price_fair": 14,
            "eps_avg_yearly": 0.4,
            "eps_latest_yearly": 0.4,
            "eps_growth_yearly": 100
        },
        "20044": {
            "year_quarter": 20044,
            "year": 2004,
            "quarter": 4,
            "eps": -0.1,
            "eps_growth_year": -200,
            "eps_4q": -0.13,
            "eps_4q_growth_year": null,
            "roe": -0.93,
            "roe_4q": -1.1600000000000001,
            "gross_profit": 31490,
            "gross_margin": 80.29,
            "gross_margin_4q_avg": 78.06,
            "net_income": -6399,
            "revenue": 39222,
            "common_shares": 631421,
            "book_valuer_per_share": 10.9,
            "book_valuer_per_share_4q_avg": 10.72,
            "equity": 688030,
            "current_ratio": 34.97,
            "debt_ratio": 46.36,
            "inventory_turnover_ratio": 10.74,
            "account_receivable_turnover_ratio": null,
            "reinvestment_rate": null,
            "research_to_sale_ratio": null,
            "price_fair": 14,
            "eps_avg_yearly": 0.4,
            "eps_latest_yearly": 0.4,
            "eps_growth_yearly": 100
        },
        "20051": {
            "year_quarter": 20051,
            "year": 2005,
            "quarter": 1,
            "eps": 0.02,
            "eps_growth_year": null,
            "eps_4q": -0.04,
            "eps_4q_growth_year": null,
            "roe": 0.18,
            "roe_4q": -0.30000000000000004,
            "gross_profit": 29884,
            "gross_margin": 73.25,
            "gross_margin_4q_avg": 78.08,
            "net_income": 1206,
            "revenue": 40797,
            "common_shares": 631421,
            "book_valuer_per_share": 10.89,
            "book_valuer_per_share_4q_avg": 10.81,
            "equity": 687409,
            "current_ratio": 37.04,
            "debt_ratio": 24.67,
            "inventory_turnover_ratio": 15.08,
            "account_receivable_turnover_ratio": null,
            "reinvestment_rate": null,
            "research_to_sale_ratio": null,
            "price_fair": 14,
            "eps_avg_yearly": 0.4,
            "eps_latest_yearly": 0.4,
            "eps_growth_yearly": 100
        },
        "20052": {
            "year_quarter": 20052,
            "year": 2005,
            "quarter": 2,
            "eps": 0.1,
            "eps_growth_year": null,
            "eps_4q": 0.07,
            "eps_4q_growth_year": -32.19,
            "roe": 0.94,
            "roe_4q": 0.6599999999999998,
            "gross_profit": 30385,
            "gross_margin": 78.56,
            "gross_margin_4q_avg": 77.66,
            "net_income": 6481,
            "revenue": 38676,
            "common_shares": 631421,
            "book_valuer_per_share": 11,
            "book_valuer_per_share_4q_avg": 10.91,
            "equity": 694602,
            "current_ratio": 35.69,
            "debt_ratio": 24.63,
            "inventory_turnover_ratio": 12.17,
            "account_receivable_turnover_ratio": null,
            "reinvestment_rate": null,
            "research_to_sale_ratio": null,
            "price_fair": 14,
            "eps_avg_yearly": 0.4,
            "eps_latest_yearly": 0.4,
            "eps_growth_yearly": 850
        },
        "20053": {
            "year_quarter": 20053,
            "year": 2005,
            "quarter": 3,
            "eps": 0.18,
            "eps_growth_year": 260,
            "eps_4q": 0.2,
            "eps_4q_growth_year": 179.43,
            "roe": 1.62,
            "roe_4q": 1.81,
            "gross_profit": 31812,
            "gross_margin": 79.01,
            "gross_margin_4q_avg": 77.78,
            "net_income": 11481,
            "revenue": 40262,
            "common_shares": 631421,
            "book_valuer_per_share": 11.45,
            "book_valuer_per_share_4q_avg": 11.06,
            "equity": 723006,
            "current_ratio": 43.38,
            "debt_ratio": 23.66,
            "inventory_turnover_ratio": 12.67,
            "account_receivable_turnover_ratio": null,
            "reinvestment_rate": null,
            "research_to_sale_ratio": null,
            "price_fair": 17.73,
            "eps_avg_yearly": 0.51,
            "eps_latest_yearly": 0.72,
            "eps_growth_yearly": 673.33
        },
        "20054": {
            "year_quarter": 20054,
            "year": 2005,
            "quarter": 4,
            "eps": 0.06,
            "eps_growth_year": null,
            "eps_4q": 0.36,
            "eps_4q_growth_year": null,
            "roe": 0.54,
            "roe_4q": 3.2800000000000002,
            "gross_profit": 39148,
            "gross_margin": 79.14,
            "gross_margin_4q_avg": 77.49,
            "net_income": 3872,
            "revenue": 49468,
            "common_shares": 631421,
            "book_valuer_per_share": 11.45,
            "book_valuer_per_share_4q_avg": 11.2,
            "equity": 723076,
            "current_ratio": 49.13,
            "debt_ratio": 47.6,
            "inventory_turnover_ratio": 10.16,
            "account_receivable_turnover_ratio": null,
            "reinvestment_rate": null,
            "research_to_sale_ratio": null,
            "price_fair": 15.4,
            "eps_avg_yearly": 0.44,
            "eps_latest_yearly": 0.24,
            "eps_growth_yearly": 438.33
        },
        "20061": {
            "year_quarter": 20061,
            "year": 2006,
            "quarter": 1,
            "eps": 0.06,
            "eps_growth_year": 200,
            "eps_4q": 0.43,
            "eps_4q_growth_year": null,
            "roe": 0.49,
            "roe_4q": 3.5900000000000003,
            "gross_profit": 31895,
            "gross_margin": 76.84,
            "gross_margin_4q_avg": 78.39,
            "net_income": 3531,
            "revenue": 41511,
            "common_shares": 631421,
            "book_valuer_per_share": 11.44,
            "book_valuer_per_share_4q_avg": 11.34,
            "equity": 722435,
            "current_ratio": 106.19,
            "debt_ratio": 26.24,
            "inventory_turnover_ratio": 9.5,
            "account_receivable_turnover_ratio": null,
            "reinvestment_rate": -1389.29,
            "research_to_sale_ratio": null,
            "price_fair": 14,
            "eps_avg_yearly": 0.4,
            "eps_latest_yearly": 0.24,
            "eps_growth_yearly": 350.67
        },
        "20062": {
            "year_quarter": 20062,
            "year": 2006,
            "quarter": 2,
            "eps": 0.14,
            "eps_growth_year": 40,
            "eps_4q": 0.44,
            "eps_4q_growth_year": 529.82,
            "roe": 1.23,
            "roe_4q": 3.88,
            "gross_profit": 28669,
            "gross_margin": 81.3,
            "gross_margin_4q_avg": 79.07,
            "net_income": 8942,
            "revenue": 35262,
            "common_shares": 631421,
            "book_valuer_per_share": 11.59,
            "book_valuer_per_share_4q_avg": 11.48,
            "equity": 731759,
            "current_ratio": 103.18,
            "debt_ratio": 25.63,
            "inventory_turnover_ratio": 10.09,
            "account_receivable_turnover_ratio": null,
            "reinvestment_rate": -466.63,
            "research_to_sale_ratio": null,
            "price_fair": 14.93,
            "eps_avg_yearly": 0.43,
            "eps_latest_yearly": 0.56,
            "eps_growth_yearly": 381.11
        },
        "20063": {
            "year_quarter": 20063,
            "year": 2006,
            "quarter": 3,
            "eps": 0.2,
            "eps_growth_year": 11.11,
            "eps_4q": 0.46,
            "eps_4q_growth_year": 130.08,
            "roe": 1.69,
            "roe_4q": 3.95,
            "gross_profit": 25767,
            "gross_margin": 80.89,
            "gross_margin_4q_avg": 79.54,
            "net_income": 12544,
            "revenue": 31855,
            "common_shares": 631421,
            "book_valuer_per_share": 11.93,
            "book_valuer_per_share_4q_avg": 11.6,
            "equity": 753096,
            "current_ratio": 29.99,
            "debt_ratio": 24.84,
            "inventory_turnover_ratio": 9.69,
            "account_receivable_turnover_ratio": null,
            "reinvestment_rate": -388.74,
            "research_to_sale_ratio": null,
            "price_fair": 16.8,
            "eps_avg_yearly": 0.48,
            "eps_latest_yearly": 0.8,
            "eps_growth_yearly": 351.16
        },
        "20064": {
            "year_quarter": 20064,
            "year": 2006,
            "quarter": 4,
            "eps": 0.11,
            "eps_growth_year": 83.33,
            "eps_4q": 0.51,
            "eps_4q_growth_year": 43.22,
            "roe": 0.91,
            "roe_4q": 4.32,
            "gross_profit": 33096,
            "gross_margin": 77.31,
            "gross_margin_4q_avg": 79.09,
            "net_income": 6857,
            "revenue": 42809,
            "common_shares": 631421,
            "book_valuer_per_share": 11.93,
            "book_valuer_per_share_4q_avg": 11.72,
            "equity": 753487,
            "current_ratio": 49.65,
            "debt_ratio": 44.61,
            "inventory_turnover_ratio": 15.24,
            "account_receivable_turnover_ratio": null,
            "reinvestment_rate": -227.56,
            "research_to_sale_ratio": null,
            "price_fair": 16.63,
            "eps_avg_yearly": 0.48,
            "eps_latest_yearly": 0.44,
            "eps_growth_yearly": 284.76
        },
        "20071": {
            "year_quarter": 20071,
            "year": 2007,
            "quarter": 1,
            "eps": 0.18,
            "eps_growth_year": 200,
            "eps_4q": 0.63,
            "eps_4q_growth_year": 45.57,
            "roe": 1.5,
            "roe_4q": 5.33,
            "gross_profit": 28302,
            "gross_margin": 75.62,
            "gross_margin_4q_avg": 78.78,
            "net_income": 11403,
            "revenue": 37429,
            "common_shares": 631421,
            "book_valuer_per_share": 12.22,
            "book_valuer_per_share_4q_avg": 11.92,
            "equity": 771483,
            "current_ratio": 32.72,
            "debt_ratio": 23.27,
            "inventory_turnover_ratio": 14.19,
            "account_receivable_turnover_ratio": null,
            "reinvestment_rate": -177.8,
            "research_to_sale_ratio": null,
            "price_fair": 17.58,
            "eps_avg_yearly": 0.5,
            "eps_latest_yearly": 0.72,
            "eps_growth_yearly": 281.4
        },
        "20072": {
            "year_quarter": 20072,
            "year": 2007,
            "quarter": 2,
            "eps": 0.3,
            "eps_growth_year": 114.29,
            "eps_4q": 0.79,
            "eps_4q_growth_year": 80.72,
            "roe": 2.43,
            "roe_4q": 6.529999999999999,
            "gross_profit": 21889,
            "gross_margin": 59.79,
            "gross_margin_4q_avg": 73.4,
            "net_income": 18964,
            "revenue": 36609,
            "common_shares": 631421,
            "book_valuer_per_share": 12.47,
            "book_valuer_per_share_4q_avg": 12.14,
            "equity": 787271,
            "current_ratio": 39.8,
            "debt_ratio": 24.67,
            "inventory_turnover_ratio": 24.39,
            "account_receivable_turnover_ratio": null,
            "reinvestment_rate": -103.26,
            "research_to_sale_ratio": null,
            "price_fair": 20.02,
            "eps_avg_yearly": 0.57,
            "eps_latest_yearly": 1.2,
            "eps_growth_yearly": 279.93
        },
        "20073": {
            "year_quarter": 20073,
            "year": 2007,
            "quarter": 3,
            "eps": 0.14,
            "eps_growth_year": -30,
            "eps_4q": 0.73,
            "eps_4q_growth_year": 58.54,
            "roe": 1.12,
            "roe_4q": 5.960000000000001,
            "gross_profit": 34459,
            "gross_margin": 109.52,
            "gross_margin_4q_avg": 80.56,
            "net_income": 8829,
            "revenue": 31464,
            "common_shares": 631421,
            "book_valuer_per_share": 12.55,
            "book_valuer_per_share_4q_avg": 12.29,
            "equity": 792408,
            "current_ratio": 17.76,
            "debt_ratio": 27.55,
            "inventory_turnover_ratio": -5.11,
            "account_receivable_turnover_ratio": null,
            "reinvestment_rate": -38.73,
            "research_to_sale_ratio": null,
            "price_fair": 19.98,
            "eps_avg_yearly": 0.57,
            "eps_latest_yearly": 0.56,
            "eps_growth_yearly": 235.09
        },
        "20074": {
            "year_quarter": 20074,
            "year": 2007,
            "quarter": 4,
            "eps": 0,
            "eps_growth_year": -100,
            "eps_4q": 0.62,
            "eps_4q_growth_year": 21.25,
            "roe": 0.01,
            "roe_4q": 5.0600000000000005,
            "gross_profit": 14396,
            "gross_margin": 38.12,
            "gross_margin_4q_avg": 70.76,
            "net_income": 52,
            "revenue": 37766,
            "common_shares": 631421,
            "book_valuer_per_share": 12.51,
            "book_valuer_per_share_4q_avg": 12.44,
            "equity": 789772,
            "current_ratio": 45.93,
            "debt_ratio": 44.69,
            "inventory_turnover_ratio": 38.95,
            "account_receivable_turnover_ratio": null,
            "reinvestment_rate": 3.08,
            "research_to_sale_ratio": null,
            "price_fair": 20.58,
            "eps_avg_yearly": 0.59,
            "eps_latest_yearly": 0.56,
            "eps_growth_yearly": 248.6
        },
        "20081": {
            "year_quarter": 20081,
            "year": 2008,
            "quarter": 1,
            "eps": 0.09,
            "eps_growth_year": -50,
            "eps_4q": 0.52,
            "eps_4q_growth_year": -16.67,
            "roe": 0.74,
            "roe_4q": 4.300000000000001,
            "gross_profit": 82309,
            "gross_margin": 78.43,
            "gross_margin_4q_avg": 71.47,
            "net_income": 5790,
            "revenue": 104947,
            "common_shares": 631421,
            "book_valuer_per_share": 12.11,
            "book_valuer_per_share_4q_avg": 12.41,
            "equity": 764586,
            "current_ratio": 117.07,
            "debt_ratio": 49.23,
            "inventory_turnover_ratio": 36.42,
            "account_receivable_turnover_ratio": null,
            "reinvestment_rate": 726.97,
            "research_to_sale_ratio": null,
            "price_fair": 20.58,
            "eps_avg_yearly": 0.59,
            "eps_latest_yearly": 0.56,
            "eps_growth_yearly": 248.6
        },
        "20082": {
            "year_quarter": 20082,
            "year": 2008,
            "quarter": 2,
            "eps": 0.08,
            "eps_growth_year": -73.33,
            "eps_4q": 0.31,
            "eps_4q_growth_year": -60.73,
            "roe": 0.67,
            "roe_4q": 2.54,
            "gross_profit": 96565,
            "gross_margin": 81.92,
            "gross_margin_4q_avg": 77,
            "net_income": 5121,
            "revenue": 117873,
            "common_shares": 669306,
            "book_valuer_per_share": 11.49,
            "book_valuer_per_share_4q_avg": 12.17,
            "equity": 768821,
            "current_ratio": 116.75,
            "debt_ratio": 49.87,
            "inventory_turnover_ratio": 34.7,
            "account_receivable_turnover_ratio": null,
            "reinvestment_rate": 681.3,
            "research_to_sale_ratio": null,
            "price_fair": 19.73,
            "eps_avg_yearly": 0.56,
            "eps_latest_yearly": 0.32,
            "eps_growth_yearly": 221.96
        },
        "20083": {
            "year_quarter": 20083,
            "year": 2008,
            "quarter": 3,
            "eps": -0.02,
            "eps_growth_year": -114.29,
            "eps_4q": 0.15,
            "eps_4q_growth_year": -79.96,
            "roe": -0.15,
            "roe_4q": 1.27,
            "gross_profit": 88948,
            "gross_margin": 80.61,
            "gross_margin_4q_avg": 69.77,
            "net_income": -1169,
            "revenue": 110345,
            "common_shares": 669306,
            "book_valuer_per_share": 11.86,
            "book_valuer_per_share_4q_avg": 11.99,
            "equity": 793554,
            "current_ratio": 131.8,
            "debt_ratio": 49.98,
            "inventory_turnover_ratio": 34.88,
            "account_receivable_turnover_ratio": null,
            "reinvestment_rate": 762.43,
            "research_to_sale_ratio": null,
            "price_fair": 19.73,
            "eps_avg_yearly": 0.56,
            "eps_latest_yearly": 0.32,
            "eps_growth_yearly": 221.96
        },
        "20084": {
            "year_quarter": 20084,
            "year": 2008,
            "quarter": 4,
            "eps": 0.25,
            "eps_growth_year": null,
            "eps_4q": 0.39,
            "eps_4q_growth_year": -36.59,
            "roe": 2.11,
            "roe_4q": 3.37,
            "gross_profit": 93580,
            "gross_margin": 78.88,
            "gross_margin_4q_avg": 79.96,
            "net_income": 17014,
            "revenue": 118637,
            "common_shares": 669306,
            "book_valuer_per_share": 12.29,
            "book_valuer_per_share_4q_avg": 11.94,
            "equity": 822497,
            "current_ratio": 141.99,
            "debt_ratio": 48.56,
            "inventory_turnover_ratio": 41.01,
            "account_receivable_turnover_ratio": 21.6,
            "reinvestment_rate": 117.3,
            "research_to_sale_ratio": null,
            "price_fair": 19.73,
            "eps_avg_yearly": 0.56,
            "eps_latest_yearly": 0.32,
            "eps_growth_yearly": 221.96
        },
        "20091": {
            "year_quarter": 20091,
            "year": 2009,
            "quarter": 1,
            "eps": 0.19,
            "eps_growth_year": 111.11,
            "eps_4q": 0.5,
            "eps_4q_growth_year": -3.74,
            "roe": 1.52,
            "roe_4q": 4.15,
            "gross_profit": 85834,
            "gross_margin": 77.69,
            "gross_margin_4q_avg": 79.78,
            "net_income": 12717,
            "revenue": 110488,
            "common_shares": 669306,
            "book_valuer_per_share": 12.73,
            "book_valuer_per_share_4q_avg": 12.09,
            "equity": 852183,
            "current_ratio": 154.89,
            "debt_ratio": 48.18,
            "inventory_turnover_ratio": 42.58,
            "account_receivable_turnover_ratio": 10.66,
            "reinvestment_rate": 639.08,
            "research_to_sale_ratio": null,
            "price_fair": 20.3,
            "eps_avg_yearly": 0.58,
            "eps_latest_yearly": 0.76,
            "eps_growth_yearly": 195.46
        },
        "20092": {
            "year_quarter": 20092,
            "year": 2009,
            "quarter": 2,
            "eps": 0.37,
            "eps_growth_year": 362.5,
            "eps_4q": 0.78,
            "eps_4q_growth_year": 151.54,
            "roe": 3.02,
            "roe_4q": 6.5,
            "gross_profit": 98178,
            "gross_margin": 82,
            "gross_margin_4q_avg": 79.8,
            "net_income": 25918,
            "revenue": 119731,
            "common_shares": 669306,
            "book_valuer_per_share": 12.91,
            "book_valuer_per_share_4q_avg": 12.45,
            "equity": 863796,
            "current_ratio": 189.62,
            "debt_ratio": 46.08,
            "inventory_turnover_ratio": 40.21,
            "account_receivable_turnover_ratio": 15.84,
            "reinvestment_rate": 531.82,
            "research_to_sale_ratio": null,
            "price_fair": 23.45,
            "eps_avg_yearly": 0.67,
            "eps_latest_yearly": 1.48,
            "eps_growth_yearly": 93.71
        },
        "20093": {
            "year_quarter": 20093,
            "year": 2009,
            "quarter": 3,
            "eps": 0.11,
            "eps_growth_year": null,
            "eps_4q": 0.91,
            "eps_4q_growth_year": 520.29,
            "roe": 0.89,
            "roe_4q": 7.539999999999999,
            "gross_profit": 86662,
            "gross_margin": 81.14,
            "gross_margin_4q_avg": 79.93,
            "net_income": 7674,
            "revenue": 106811,
            "common_shares": 692732,
            "book_valuer_per_share": 12.43,
            "book_valuer_per_share_4q_avg": 12.59,
            "equity": 861293,
            "current_ratio": 178.75,
            "debt_ratio": 46.06,
            "inventory_turnover_ratio": 39.39,
            "account_receivable_turnover_ratio": 16.04,
            "reinvestment_rate": 532.91,
            "research_to_sale_ratio": null,
            "price_fair": 22.63,
            "eps_avg_yearly": 0.65,
            "eps_latest_yearly": 0.44,
            "eps_growth_yearly": 43.62
        },
        "20094": {
            "year_quarter": 20094,
            "year": 2009,
            "quarter": 4,
            "eps": 0.13,
            "eps_growth_year": -48,
            "eps_4q": 0.79,
            "eps_4q_growth_year": 102.17,
            "roe": 1.01,
            "roe_4q": 6.4399999999999995,
            "gross_profit": 83066,
            "gross_margin": 78.19,
            "gross_margin_4q_avg": 79.76,
            "net_income": 8752,
            "revenue": 106231,
            "common_shares": 692732,
            "book_valuer_per_share": 12.51,
            "book_valuer_per_share_4q_avg": 12.65,
            "equity": 866932,
            "current_ratio": 177.49,
            "debt_ratio": 45.46,
            "inventory_turnover_ratio": 41.78,
            "account_receivable_turnover_ratio": 22.25,
            "reinvestment_rate": 376.49,
            "research_to_sale_ratio": null,
            "price_fair": 23.45,
            "eps_avg_yearly": 0.67,
            "eps_latest_yearly": 0.52,
            "eps_growth_yearly": 71.9
        },
        "20101": {
            "year_quarter": 20101,
            "year": 2010,
            "quarter": 1,
            "eps": 0.15,
            "eps_growth_year": -21.05,
            "eps_4q": 0.76,
            "eps_4q_growth_year": 51.43,
            "roe": 1.2,
            "roe_4q": 6.12,
            "gross_profit": 82746,
            "gross_margin": 78.09,
            "gross_margin_4q_avg": 79.86,
            "net_income": 10445,
            "revenue": 105957,
            "common_shares": 692732,
            "book_valuer_per_share": 12.61,
            "book_valuer_per_share_4q_avg": 12.62,
            "equity": 873821,
            "current_ratio": 194.96,
            "debt_ratio": 44.14,
            "inventory_turnover_ratio": 41.12,
            "account_receivable_turnover_ratio": 12.13,
            "reinvestment_rate": 831.3,
            "research_to_sale_ratio": null,
            "price_fair": 24.5,
            "eps_avg_yearly": 0.7,
            "eps_latest_yearly": 0.6,
            "eps_growth_yearly": 77.03
        },
        "20102": {
            "year_quarter": 20102,
            "year": 2010,
            "quarter": 2,
            "eps": 0.38,
            "eps_growth_year": 2.98,
            "eps_4q": 0.75,
            "eps_4q_growth_year": -3.96,
            "roe": 3.16,
            "roe_4q": 6.26,
            "gross_profit": 107132,
            "gross_margin": 81.96,
            "gross_margin_4q_avg": 79.85,
            "net_income": 27978,
            "revenue": 130707,
            "common_shares": 692732,
            "book_valuer_per_share": 12.96,
            "book_valuer_per_share_4q_avg": 12.63,
            "equity": 897889,
            "current_ratio": 171.84,
            "debt_ratio": 45.15,
            "inventory_turnover_ratio": 46.96,
            "account_receivable_turnover_ratio": 13.12,
            "reinvestment_rate": 756.53,
            "research_to_sale_ratio": null,
            "price_fair": 27.3,
            "eps_avg_yearly": 0.78,
            "eps_latest_yearly": 1.52,
            "eps_growth_yearly": 83.69
        },
        "20103": {
            "year_quarter": 20103,
            "year": 2010,
            "quarter": 3,
            "eps": 0.22,
            "eps_growth_year": 97.6,
            "eps_4q": 0.86,
            "eps_4q_growth_year": -5.27,
            "roe": 1.78,
            "roe_4q": 7.15,
            "gross_profit": 104185,
            "gross_margin": 81.89,
            "gross_margin_4q_avg": 80.03,
            "net_income": 15961,
            "revenue": 127222,
            "common_shares": 734296,
            "book_valuer_per_share": 12.21,
            "book_valuer_per_share_4q_avg": 12.57,
            "equity": 896908,
            "current_ratio": 169.81,
            "debt_ratio": 45.03,
            "inventory_turnover_ratio": 45.66,
            "account_receivable_turnover_ratio": 11.95,
            "reinvestment_rate": 728.83,
            "research_to_sale_ratio": null,
            "price_fair": 27.53,
            "eps_avg_yearly": 0.79,
            "eps_latest_yearly": 0.88,
            "eps_growth_yearly": 55.37
        },
        "20104": {
            "year_quarter": 20104,
            "year": 2010,
            "quarter": 4,
            "eps": 0.26,
            "eps_growth_year": 96.16,
            "eps_4q": 1,
            "eps_4q_growth_year": 25.26,
            "roe": 2.11,
            "roe_4q": 8.25,
            "gross_profit": 103847,
            "gross_margin": 81.17,
            "gross_margin_4q_avg": 80.78,
            "net_income": 18725,
            "revenue": 127938,
            "common_shares": 734296,
            "book_valuer_per_share": 11.91,
            "book_valuer_per_share_4q_avg": 12.42,
            "equity": 874533,
            "current_ratio": 176.04,
            "debt_ratio": 44,
            "inventory_turnover_ratio": 40.35,
            "account_receivable_turnover_ratio": 10.99,
            "reinvestment_rate": 251.71,
            "research_to_sale_ratio": null,
            "price_fair": 29.28,
            "eps_avg_yearly": 0.84,
            "eps_latest_yearly": 1.04,
            "eps_growth_yearly": 76.43
        },
        "20111": {
            "year_quarter": 20111,
            "year": 2011,
            "quarter": 1,
            "eps": 0.2,
            "eps_growth_year": 33.33,
            "eps_4q": 1.05,
            "eps_4q_growth_year": 38.05,
            "roe": 1.65,
            "roe_4q": 8.7,
            "gross_profit": 88642,
            "gross_margin": 77.1,
            "gross_margin_4q_avg": 80.53,
            "net_income": 14581,
            "revenue": 114965,
            "common_shares": 734296,
            "book_valuer_per_share": 12.2,
            "book_valuer_per_share_4q_avg": 12.32,
            "equity": 895612,
            "current_ratio": 190.27,
            "debt_ratio": 43.72,
            "inventory_turnover_ratio": 43.55,
            "account_receivable_turnover_ratio": 8.28,
            "reinvestment_rate": 641.51,
            "research_to_sale_ratio": null,
            "price_fair": 29.52,
            "eps_avg_yearly": 0.84,
            "eps_latest_yearly": 0.8,
            "eps_growth_yearly": 47.53
        },
        "20112": {
            "year_quarter": 20112,
            "year": 2011,
            "quarter": 2,
            "eps": 0.39,
            "eps_growth_year": 2.22,
            "eps_4q": 1.02,
            "eps_4q_growth_year": 36.88,
            "roe": 3.38,
            "roe_4q": 8.919999999999998,
            "gross_profit": 115370,
            "gross_margin": 81.68,
            "gross_margin_4q_avg": 80.46,
            "net_income": 30315,
            "revenue": 141253,
            "common_shares": 734296,
            "book_valuer_per_share": 12.2,
            "book_valuer_per_share_4q_avg": 12.13,
            "equity": 896037,
            "current_ratio": 199.8,
            "debt_ratio": 42.94,
            "inventory_turnover_ratio": 53.15,
            "account_receivable_turnover_ratio": 11.57,
            "reinvestment_rate": 596.55,
            "research_to_sale_ratio": null,
            "price_fair": 30.57,
            "eps_avg_yearly": 0.87,
            "eps_latest_yearly": 1.56,
            "eps_growth_yearly": 56.97
        },
        "20113": {
            "year_quarter": 20113,
            "year": 2011,
            "quarter": 3,
            "eps": 0.13,
            "eps_growth_year": -39.11,
            "eps_4q": 0.95,
            "eps_4q_growth_year": 10.46,
            "roe": 1.12,
            "roe_4q": 8.26,
            "gross_profit": 100570,
            "gross_margin": 81.37,
            "gross_margin_4q_avg": 80.33,
            "net_income": 10302,
            "revenue": 123600,
            "common_shares": 778354,
            "book_valuer_per_share": 12.07,
            "book_valuer_per_share_4q_avg": 12.1,
            "equity": 939226,
            "current_ratio": 201.5,
            "debt_ratio": 42.89,
            "inventory_turnover_ratio": 47.78,
            "account_receivable_turnover_ratio": 11.55,
            "reinvestment_rate": 600.54,
            "research_to_sale_ratio": null,
            "price_fair": 30.45,
            "eps_avg_yearly": 0.87,
            "eps_latest_yearly": 0.52,
            "eps_growth_yearly": 52.53
        },
        "20114": {
            "year_quarter": 20114,
            "year": 2011,
            "quarter": 4,
            "eps": 0.24,
            "eps_growth_year": -4.58,
            "eps_4q": 0.95,
            "eps_4q_growth_year": -4.33,
            "roe": 2,
            "roe_4q": 8.15,
            "gross_profit": 110726,
            "gross_margin": 79.18,
            "gross_margin_4q_avg": 79.83,
            "net_income": 18939,
            "revenue": 139835,
            "common_shares": 778354,
            "book_valuer_per_share": 12.27,
            "book_valuer_per_share_4q_avg": 12.19,
            "equity": 955332,
            "current_ratio": 215.73,
            "debt_ratio": 41.87,
            "inventory_turnover_ratio": 53.51,
            "account_receivable_turnover_ratio": 12.48,
            "reinvestment_rate": 222.9,
            "research_to_sale_ratio": null,
            "price_fair": 30.69,
            "eps_avg_yearly": 0.88,
            "eps_latest_yearly": 0.96,
            "eps_growth_yearly": 74.52
        },
        "20121": {
            "year_quarter": 20121,
            "year": 2012,
            "quarter": 1,
            "eps": 0.1,
            "eps_growth_year": -50,
            "eps_4q": 0.86,
            "eps_4q_growth_year": -17.8,
            "roe": 0.81,
            "roe_4q": 7.3100000000000005,
            "gross_profit": 92179,
            "gross_margin": 72.38,
            "gross_margin_4q_avg": 78.65,
            "net_income": 7752,
            "revenue": 127351,
            "common_shares": 778354,
            "book_valuer_per_share": 12.24,
            "book_valuer_per_share_4q_avg": 12.2,
            "equity": 952320,
            "current_ratio": 225.71,
            "debt_ratio": 40.82,
            "inventory_turnover_ratio": 66.99,
            "account_receivable_turnover_ratio": 11.95,
            "reinvestment_rate": 208.74,
            "research_to_sale_ratio": null,
            "price_fair": 29.5,
            "eps_avg_yearly": 0.84,
            "eps_latest_yearly": 0.4,
            "eps_growth_yearly": 52.53
        },
        "20122": {
            "year_quarter": 20122,
            "year": 2012,
            "quarter": 2,
            "eps": 0.44,
            "eps_growth_year": 13.55,
            "eps_4q": 0.89,
            "eps_4q_growth_year": -12.89,
            "roe": 3.77,
            "roe_4q": 7.7,
            "gross_profit": 102302,
            "gross_margin": 76.31,
            "gross_margin_4q_avg": 77.31,
            "net_income": 36489,
            "revenue": 134058,
            "common_shares": 778354,
            "book_valuer_per_share": 12.63,
            "book_valuer_per_share_4q_avg": 12.3,
            "equity": 982682,
            "current_ratio": 233,
            "debt_ratio": 39.3,
            "inventory_turnover_ratio": 60.09,
            "account_receivable_turnover_ratio": 9.9,
            "reinvestment_rate": 186.34,
            "research_to_sale_ratio": null,
            "price_fair": 33.1,
            "eps_avg_yearly": 0.95,
            "eps_latest_yearly": 1.76,
            "eps_growth_yearly": 152.85
        },
        "20123": {
            "year_quarter": 20123,
            "year": 2012,
            "quarter": 3,
            "eps": 0.18,
            "eps_growth_year": 38.32,
            "eps_4q": 0.95,
            "eps_4q_growth_year": -0.09,
            "roe": 1.53,
            "roe_4q": 8.11,
            "gross_profit": 102464,
            "gross_margin": 76.01,
            "gross_margin_4q_avg": 75.97,
            "net_income": 15105,
            "revenue": 134804,
            "common_shares": 825055,
            "book_valuer_per_share": 12.01,
            "book_valuer_per_share_4q_avg": 12.29,
            "equity": 990794,
            "current_ratio": 417.75,
            "debt_ratio": 51.81,
            "inventory_turnover_ratio": 63.6,
            "account_receivable_turnover_ratio": 8.37,
            "reinvestment_rate": 215.39,
            "research_to_sale_ratio": null,
            "price_fair": 32.57,
            "eps_avg_yearly": 0.93,
            "eps_latest_yearly": 0.72,
            "eps_growth_yearly": 126.9
        },
        "20124": {
            "year_quarter": 20124,
            "year": 2012,
            "quarter": 4,
            "eps": 0.14,
            "eps_growth_year": -43.88,
            "eps_4q": 0.86,
            "eps_4q_growth_year": -10.14,
            "roe": 1.13,
            "roe_4q": 7.24,
            "gross_profit": 116121,
            "gross_margin": 75.22,
            "gross_margin_4q_avg": 74.98,
            "net_income": 11267,
            "revenue": 154371,
            "common_shares": 825055,
            "book_valuer_per_share": 12.1,
            "book_valuer_per_share_4q_avg": 12.25,
            "equity": 998440,
            "current_ratio": 240.67,
            "debt_ratio": 51.69,
            "inventory_turnover_ratio": 77.43,
            "account_receivable_turnover_ratio": 8.43,
            "reinvestment_rate": 325.97,
            "research_to_sale_ratio": null,
            "price_fair": 31.76,
            "eps_avg_yearly": 0.91,
            "eps_latest_yearly": 0.56,
            "eps_growth_yearly": 113.42
        },
        "20131": {
            "year_quarter": 20131,
            "year": 2013,
            "quarter": 1,
            "eps": 0.18,
            "eps_growth_year": 80,
            "eps_4q": 0.94,
            "eps_4q_growth_year": 8.95,
            "roe": 1.46,
            "roe_4q": 7.890000000000001,
            "gross_profit": 118645,
            "gross_margin": 75.69,
            "gross_margin_4q_avg": 75.81,
            "net_income": 14872,
            "revenue": 156752,
            "common_shares": 825055,
            "book_valuer_per_share": 12.56,
            "book_valuer_per_share_4q_avg": 12.33,
            "equity": 1036198,
            "current_ratio": 226.92,
            "debt_ratio": 51.99,
            "inventory_turnover_ratio": 75.46,
            "account_receivable_turnover_ratio": 7.26,
            "reinvestment_rate": 37.07,
            "research_to_sale_ratio": null,
            "price_fair": 31.68,
            "eps_avg_yearly": 0.91,
            "eps_latest_yearly": 0.72,
            "eps_growth_yearly": 126.56
        },
        "20132": {
            "year_quarter": 20132,
            "year": 2013,
            "quarter": 2,
            "eps": 0.08,
            "eps_growth_year": -81.91,
            "eps_4q": 0.54,
            "eps_4q_growth_year": -38.96,
            "roe": 0.61,
            "roe_4q": 4.7299999999999995,
            "gross_profit": 127260,
            "gross_margin": 77.58,
            "gross_margin_4q_avg": 76.13,
            "net_income": 6297,
            "revenue": 164036,
            "common_shares": 825055,
            "book_valuer_per_share": 12.3,
            "book_valuer_per_share_4q_avg": 12.24,
            "equity": 1015085,
            "current_ratio": 203.32,
            "debt_ratio": 53.59,
            "inventory_turnover_ratio": 70.59,
            "account_receivable_turnover_ratio": 7.46,
            "reinvestment_rate": 47.65,
            "research_to_sale_ratio": null,
            "price_fair": 29.14,
            "eps_avg_yearly": 0.83,
            "eps_latest_yearly": 0.32,
            "eps_growth_yearly": 88.99
        },
        "20133": {
            "year_quarter": 20133,
            "year": 2013,
            "quarter": 3,
            "eps": 0.15,
            "eps_growth_year": -18.07,
            "eps_4q": 0.52,
            "eps_4q_growth_year": -44.76,
            "roe": 1.32,
            "roe_4q": 4.52,
            "gross_profit": 131542,
            "gross_margin": 77.94,
            "gross_margin_4q_avg": 76.61,
            "net_income": 13407,
            "revenue": 168779,
            "common_shares": 874558,
            "book_valuer_per_share": 11.65,
            "book_valuer_per_share_4q_avg": 12.15,
            "equity": 1019153,
            "current_ratio": 273.8,
            "debt_ratio": 53.17,
            "inventory_turnover_ratio": 73.3,
            "account_receivable_turnover_ratio": 7.83,
            "reinvestment_rate": 43.24,
            "research_to_sale_ratio": null,
            "price_fair": 29.49,
            "eps_avg_yearly": 0.84,
            "eps_latest_yearly": 0.6,
            "eps_growth_yearly": 128.43
        },
        "20134": {
            "year_quarter": 20134,
            "year": 2013,
            "quarter": 4,
            "eps": 0.04,
            "eps_growth_year": -70.76,
            "eps_4q": 0.44,
            "eps_4q_growth_year": -49.14,
            "roe": 0.34,
            "roe_4q": 3.73,
            "gross_profit": 119295,
            "gross_margin": 75.94,
            "gross_margin_4q_avg": 76.79,
            "net_income": 3492,
            "revenue": 157100,
            "common_shares": 874558,
            "book_valuer_per_share": 11.78,
            "book_valuer_per_share_4q_avg": 12.07,
            "equity": 1030577,
            "current_ratio": 186.97,
            "debt_ratio": 57.03,
            "inventory_turnover_ratio": 70.33,
            "account_receivable_turnover_ratio": 7.63,
            "reinvestment_rate": -87.74,
            "research_to_sale_ratio": null,
            "price_fair": 28.7,
            "eps_avg_yearly": 0.82,
            "eps_latest_yearly": 0.16,
            "eps_growth_yearly": 105.55
        },
        "20141": {
            "year_quarter": 20141,
            "year": 2014,
            "quarter": 1,
            "eps": 0.15,
            "eps_growth_year": -16.67,
            "eps_4q": 0.41,
            "eps_4q_growth_year": -56.09,
            "roe": 1.24,
            "roe_4q": 3.5100000000000002,
            "gross_profit": 132244,
            "gross_margin": 76.61,
            "gross_margin_4q_avg": 77.02,
            "net_income": 12984,
            "revenue": 172610,
            "common_shares": 874558,
            "book_valuer_per_share": 12.13,
            "book_valuer_per_share_4q_avg": 11.97,
            "equity": 1060649,
            "current_ratio": 199.36,
            "debt_ratio": 56.26,
            "inventory_turnover_ratio": 70.26,
            "account_receivable_turnover_ratio": 7.89,
            "reinvestment_rate": -86.49,
            "research_to_sale_ratio": null,
            "price_fair": 28.7,
            "eps_avg_yearly": 0.82,
            "eps_latest_yearly": 0.6,
            "eps_growth_yearly": 170.45
        },
        "20142": {
            "year_quarter": 20142,
            "year": 2014,
            "quarter": 2,
            "eps": 0.21,
            "eps_growth_year": 162.5,
            "eps_4q": 0.53,
            "eps_4q_growth_year": -1.63,
            "roe": 1.73,
            "roe_4q": 4.63,
            "gross_profit": 147200,
            "gross_margin": 78.53,
            "gross_margin_4q_avg": 77.26,
            "net_income": 18288,
            "revenue": 187451,
            "common_shares": 874558,
            "book_valuer_per_share": 12.08,
            "book_valuer_per_share_4q_avg": 11.91,
            "equity": 1056843,
            "current_ratio": 191.74,
            "debt_ratio": 56.6,
            "inventory_turnover_ratio": 72.98,
            "account_receivable_turnover_ratio": 7.75,
            "reinvestment_rate": -116.4,
            "research_to_sale_ratio": null,
            "price_fair": 27.21,
            "eps_avg_yearly": 0.78,
            "eps_latest_yearly": 0.84,
            "eps_growth_yearly": 142.12
        },
        "20143": {
            "year_quarter": 20143,
            "year": 2014,
            "quarter": 3,
            "eps": 0.15,
            "eps_growth_year": 0,
            "eps_4q": 0.54,
            "eps_4q_growth_year": 2.48,
            "roe": 1.28,
            "roe_4q": 4.59,
            "gross_profit": 133604,
            "gross_margin": 76.87,
            "gross_margin_4q_avg": 76.99,
            "net_income": 13627,
            "revenue": 173809,
            "common_shares": 900795,
            "book_valuer_per_share": 11.99,
            "book_valuer_per_share_4q_avg": 12,
            "equity": 1080472,
            "current_ratio": 198.15,
            "debt_ratio": 56.12,
            "inventory_turnover_ratio": 75.01,
            "account_receivable_turnover_ratio": 8.29,
            "reinvestment_rate": -107.87,
            "research_to_sale_ratio": null,
            "price_fair": 26.6,
            "eps_avg_yearly": 0.76,
            "eps_latest_yearly": 0.6,
            "eps_growth_yearly": 145.5
        },
        "20144": {
            "year_quarter": 20144,
            "year": 2014,
            "quarter": 4,
            "eps": 0.2,
            "eps_growth_year": 398.97,
            "eps_4q": 0.7,
            "eps_4q_growth_year": 60.28,
            "roe": 1.62,
            "roe_4q": 5.870000000000001,
            "gross_profit": 129397,
            "gross_margin": 75.94,
            "gross_margin_4q_avg": 76.99,
            "net_income": 17947,
            "revenue": 170403,
            "common_shares": 900795,
            "book_valuer_per_share": 12.55,
            "book_valuer_per_share_4q_avg": 12.19,
            "equity": 1130464,
            "current_ratio": 93.05,
            "debt_ratio": 55.23,
            "inventory_turnover_ratio": 63.04,
            "account_receivable_turnover_ratio": 10.14,
            "reinvestment_rate": -67.86,
            "research_to_sale_ratio": null,
            "price_fair": 26.08,
            "eps_avg_yearly": 0.75,
            "eps_latest_yearly": 0.8,
            "eps_growth_yearly": 149.29
        },
        "20151": {
            "year_quarter": 20151,
            "year": 2015,
            "quarter": 1,
            "eps": 0.2,
            "eps_growth_year": 33.33,
            "eps_4q": 0.75,
            "eps_4q_growth_year": 81.87,
            "roe": 1.58,
            "roe_4q": 6.210000000000001,
            "gross_profit": 126777,
            "gross_margin": 74.81,
            "gross_margin_4q_avg": 76.54,
            "net_income": 17913,
            "revenue": 169457,
            "common_shares": 900795,
            "book_valuer_per_share": 12.66,
            "book_valuer_per_share_4q_avg": 12.32,
            "equity": 1140254,
            "current_ratio": 94.82,
            "debt_ratio": 54.39,
            "inventory_turnover_ratio": 64.57,
            "account_receivable_turnover_ratio": 8.76,
            "reinvestment_rate": -80.79,
            "research_to_sale_ratio": null,
            "price_fair": 26.08,
            "eps_avg_yearly": 0.75,
            "eps_latest_yearly": 0.8,
            "eps_growth_yearly": 155.06
        },
        "20152": {
            "year_quarter": 20152,
            "year": 2015,
            "quarter": 2,
            "eps": 0.16,
            "eps_growth_year": -23.81,
            "eps_4q": 0.68,
            "eps_4q_growth_year": 26.38,
            "roe": 1.27,
            "roe_4q": 5.750000000000001,
            "gross_profit": 140015,
            "gross_margin": 78.24,
            "gross_margin_4q_avg": 76.47,
            "net_income": 14436,
            "revenue": 178961,
            "common_shares": 900795,
            "book_valuer_per_share": 12.5,
            "book_valuer_per_share_4q_avg": 12.43,
            "equity": 1125571,
            "current_ratio": 103.04,
            "debt_ratio": 54.47,
            "inventory_turnover_ratio": 62.11,
            "account_receivable_turnover_ratio": 8.11,
            "reinvestment_rate": -90.28,
            "research_to_sale_ratio": null,
            "price_fair": 24.06,
            "eps_avg_yearly": 0.69,
            "eps_latest_yearly": 0.64,
            "eps_growth_yearly": 126.31
        },
        "20153": {
            "year_quarter": 20153,
            "year": 2015,
            "quarter": 3,
            "eps": 0.2,
            "eps_growth_year": 33.33,
            "eps_4q": 0.73,
            "eps_4q_growth_year": 36.41,
            "roe": 1.63,
            "roe_4q": 6.1000000000000005,
            "gross_profit": 176784,
            "gross_margin": 80.98,
            "gross_margin_4q_avg": 77.49,
            "net_income": 19014,
            "revenue": 218305,
            "common_shares": 945835,
            "book_valuer_per_share": 12.8,
            "book_valuer_per_share_4q_avg": 12.63,
            "equity": 1210326,
            "current_ratio": 24.85,
            "debt_ratio": 69.33,
            "inventory_turnover_ratio": 65.34,
            "account_receivable_turnover_ratio": 7.86,
            "reinvestment_rate": 483.03,
            "research_to_sale_ratio": null,
            "price_fair": 24.68,
            "eps_avg_yearly": 0.71,
            "eps_latest_yearly": 0.8,
            "eps_growth_yearly": 149.23
        },
        "20154": {
            "year_quarter": 20154,
            "year": 2015,
            "quarter": 4,
            "eps": 0.06,
            "eps_growth_year": -71.3,
            "eps_4q": 0.6,
            "eps_4q_growth_year": -13.97,
            "roe": 0.45,
            "roe_4q": 4.93,
            "gross_profit": 225117,
            "gross_margin": 74.71,
            "gross_margin_4q_avg": 77.19,
            "net_income": 5408,
            "revenue": 301333,
            "common_shares": 945835,
            "book_valuer_per_share": 12.83,
            "book_valuer_per_share_4q_avg": 12.7,
            "equity": 1213120,
            "current_ratio": 29.36,
            "debt_ratio": 69.24,
            "inventory_turnover_ratio": 85.44,
            "account_receivable_turnover_ratio": 8.49,
            "reinvestment_rate": 494.26,
            "research_to_sale_ratio": null,
            "price_fair": 23.1,
            "eps_avg_yearly": 0.66,
            "eps_latest_yearly": 0.24,
            "eps_growth_yearly": 110.57
        },
        "20161": {
            "year_quarter": 20161,
            "year": 2016,
            "quarter": 1,
            "eps": 0.22,
            "eps_growth_year": 10,
            "eps_4q": 0.63,
            "eps_4q_growth_year": -16.2,
            "roe": 1.72,
            "roe_4q": 5.07,
            "gross_profit": 250951,
            "gross_margin": 76.34,
            "gross_margin_4q_avg": 77.57,
            "net_income": 20774,
            "revenue": 328738,
            "common_shares": 945835,
            "book_valuer_per_share": 12.7,
            "book_valuer_per_share_4q_avg": 12.71,
            "equity": 1200937,
            "current_ratio": 51.53,
            "debt_ratio": 69.24,
            "inventory_turnover_ratio": 86.29,
            "account_receivable_turnover_ratio": 8.6,
            "reinvestment_rate": 441.9,
            "research_to_sale_ratio": null,
            "price_fair": 24.15,
            "eps_avg_yearly": 0.69,
            "eps_latest_yearly": 0.88,
            "eps_growth_yearly": 191.82
        },
        "20162": {
            "year_quarter": 20162,
            "year": 2016,
            "quarter": 2,
            "eps": 0.25,
            "eps_growth_year": 56.25,
            "eps_4q": 0.7,
            "eps_4q_growth_year": 3.19,
            "roe": 1.93,
            "roe_4q": 5.7299999999999995,
            "gross_profit": 259099,
            "gross_margin": 77.95,
            "gross_margin_4q_avg": 77.5,
            "net_income": 23405,
            "revenue": 332406,
            "common_shares": 945835,
            "book_valuer_per_share": 12.88,
            "book_valuer_per_share_4q_avg": 12.8,
            "equity": 1218386,
            "current_ratio": 139.7,
            "debt_ratio": 75.86,
            "inventory_turnover_ratio": 89.45,
            "account_receivable_turnover_ratio": 8.82,
            "reinvestment_rate": 438.91,
            "research_to_sale_ratio": null,
            "price_fair": 22.49,
            "eps_avg_yearly": 0.64,
            "eps_latest_yearly": 1,
            "eps_growth_yearly": 110.23
        },
        "20163": {
            "year_quarter": 20163,
            "year": 2016,
            "quarter": 3,
            "eps": 0.09,
            "eps_growth_year": -55,
            "eps_4q": 0.59,
            "eps_4q_growth_year": -19.35,
            "roe": 0.71,
            "roe_4q": 4.81,
            "gross_profit": 284495,
            "gross_margin": 76.85,
            "gross_margin_4q_avg": 76.46,
            "net_income": 8548,
            "revenue": 370175,
            "common_shares": 983668,
            "book_valuer_per_share": 11.96,
            "book_valuer_per_share_4q_avg": 12.59,
            "equity": 1176557,
            "current_ratio": 64.29,
            "debt_ratio": 76.4,
            "inventory_turnover_ratio": 108.94,
            "account_receivable_turnover_ratio": 10.38,
            "reinvestment_rate": 703.05,
            "research_to_sale_ratio": null,
            "price_fair": 21.7,
            "eps_avg_yearly": 0.62,
            "eps_latest_yearly": 0.36,
            "eps_growth_yearly": 109.01
        },
        "20164": {
            "year_quarter": 20164,
            "year": 2016,
            "quarter": 4,
            "eps": 0.09,
            "eps_growth_year": 54.68,
            "eps_4q": 0.62,
            "eps_4q_growth_year": 4.04,
            "roe": 0.72,
            "roe_4q": 5.08,
            "gross_profit": 268296,
            "gross_margin": 75.5,
            "gross_margin_4q_avg": 76.66,
            "net_income": 8700,
            "revenue": 355350,
            "common_shares": 983668,
            "book_valuer_per_share": 12.52,
            "book_valuer_per_share_4q_avg": 12.52,
            "equity": 1231836,
            "current_ratio": 69.97,
            "debt_ratio": 75.85,
            "inventory_turnover_ratio": 135.28,
            "account_receivable_turnover_ratio": 9.23,
            "reinvestment_rate": 573,
            "research_to_sale_ratio": null,
            "price_fair": 21.26,
            "eps_avg_yearly": 0.61,
            "eps_latest_yearly": 0.36,
            "eps_growth_yearly": 114.56
        },
        "20171": {
            "year_quarter": 20171,
            "year": 2017,
            "quarter": 1,
            "eps": 0.07,
            "eps_growth_year": -68.18,
            "eps_4q": 0.48,
            "eps_4q_growth_year": -23.95,
            "roe": 0.55,
            "roe_4q": 3.91,
            "gross_profit": 240719,
            "gross_margin": 73.09,
            "gross_margin_4q_avg": 75.85,
            "net_income": 6512,
            "revenue": 329353,
            "common_shares": 983668,
            "book_valuer_per_share": 11.53,
            "book_valuer_per_share_4q_avg": 12.22,
            "equity": 1133826,
            "current_ratio": 69.09,
            "debt_ratio": 76.69,
            "inventory_turnover_ratio": 142.73,
            "account_receivable_turnover_ratio": 7.98,
            "reinvestment_rate": 860.55,
            "research_to_sale_ratio": null,
            "price_fair": 20.3,
            "eps_avg_yearly": 0.58,
            "eps_latest_yearly": 0.28,
            "eps_growth_yearly": 101.86
        },
        "20172": {
            "year_quarter": 20172,
            "year": 2017,
            "quarter": 2,
            "eps": 0.1,
            "eps_growth_year": -60,
            "eps_4q": 0.33,
            "eps_4q_growth_year": -53.04,
            "roe": 0.86,
            "roe_4q": 2.84,
            "gross_profit": 256023,
            "gross_margin": 74.53,
            "gross_margin_4q_avg": 74.99,
            "net_income": 9744,
            "revenue": 343519,
            "common_shares": 983668,
            "book_valuer_per_share": 11.51,
            "book_valuer_per_share_4q_avg": 11.88,
            "equity": 1132607,
            "current_ratio": 104.94,
            "debt_ratio": 78.77,
            "inventory_turnover_ratio": 168.91,
            "account_receivable_turnover_ratio": 8.33,
            "reinvestment_rate": 832.63,
            "research_to_sale_ratio": null,
            "price_fair": 20.48,
            "eps_avg_yearly": 0.59,
            "eps_latest_yearly": 0.4,
            "eps_growth_yearly": 126.47
        },
        "20173": {
            "year_quarter": 20173,
            "year": 2017,
            "quarter": 3,
            "eps": 0.05,
            "eps_growth_year": -44.44,
            "eps_4q": 0.29,
            "eps_4q_growth_year": -50.38,
            "roe": 0.45,
            "roe_4q": 2.58,
            "gross_profit": 263230,
            "gross_margin": 74.06,
            "gross_margin_4q_avg": 74.3,
            "net_income": 5047,
            "revenue": 355452,
            "common_shares": 1023015,
            "book_valuer_per_share": 11.06,
            "book_valuer_per_share_4q_avg": 11.66,
            "equity": 1131407,
            "current_ratio": 101.58,
            "debt_ratio": 79.14,
            "inventory_turnover_ratio": 185.93,
            "account_receivable_turnover_ratio": 7.72,
            "reinvestment_rate": 848.64,
            "research_to_sale_ratio": null,
            "price_fair": 19.6,
            "eps_avg_yearly": 0.56,
            "eps_latest_yearly": 0.2,
            "eps_growth_yearly": 92.09
        },
        "20174": {
            "year_quarter": 20174,
            "year": 2017,
            "quarter": 4,
            "eps": -0.23,
            "eps_growth_year": -360.95,
            "eps_4q": -0.02,
            "eps_4q_growth_year": -103.61,
            "roe": -2.13,
            "roe_4q": -0.2699999999999999,
            "gross_profit": 275376,
            "gross_margin": 81.79,
            "gross_margin_4q_avg": 75.87,
            "net_income": -23611,
            "revenue": 336691,
            "common_shares": 1023015,
            "book_valuer_per_share": 10.63,
            "book_valuer_per_share_4q_avg": 11.18,
            "equity": 1087935,
            "current_ratio": 99.32,
            "debt_ratio": 79.5,
            "inventory_turnover_ratio": 108.23,
            "account_receivable_turnover_ratio": 8.06,
            "reinvestment_rate": 696.38,
            "research_to_sale_ratio": null,
            "price_fair": 20.53,
            "eps_avg_yearly": 0.59,
            "eps_latest_yearly": 0.2,
            "eps_growth_yearly": 117.79
        },
        "20181": {
            "year_quarter": 20181,
            "year": 2018,
            "quarter": 1,
            "eps": 1.72,
            "eps_growth_year": 2357.14,
            "eps_4q": 1.63,
            "eps_4q_growth_year": 240.97,
            "roe": 15.13,
            "roe_4q": 14.309999999999999,
            "gross_profit": 224026,
            "gross_margin": 78.28,
            "gross_margin_4q_avg": 77.17,
            "net_income": 176071,
            "revenue": 286174,
            "common_shares": 1023015,
            "book_valuer_per_share": 12.12,
            "book_valuer_per_share_4q_avg": 11.33,
            "equity": 1239383,
            "current_ratio": 160.96,
            "debt_ratio": 78.84,
            "inventory_turnover_ratio": 107.8,
            "account_receivable_turnover_ratio": 8.97,
            "reinvestment_rate": 336.63,
            "research_to_sale_ratio": null,
            "price_fair": 20.5,
            "eps_avg_yearly": 0.59,
            "eps_latest_yearly": 0.2,
            "eps_growth_yearly": 47.63
        },
        "20182": {
            "year_quarter": 20182,
            "year": 2018,
            "quarter": 2,
            "eps": -0.18,
            "eps_growth_year": -280,
            "eps_4q": 1.35,
            "eps_4q_growth_year": 313.35,
            "roe": -1.51,
            "roe_4q": 11.940000000000001,
            "gross_profit": 228948,
            "gross_margin": 78.89,
            "gross_margin_4q_avg": 78.26,
            "net_income": -19019,
            "revenue": 290198,
            "common_shares": 1023015,
            "book_valuer_per_share": 12.55,
            "book_valuer_per_share_4q_avg": 11.59,
            "equity": 1283854,
            "current_ratio": 121.01,
            "debt_ratio": 78.64,
            "inventory_turnover_ratio": 134.76,
            "account_receivable_turnover_ratio": 10.71,
            "reinvestment_rate": 329.27,
            "research_to_sale_ratio": null,
            "price_fair": 19.82,
            "eps_avg_yearly": 0.57,
            "eps_latest_yearly": 0.2,
            "eps_growth_yearly": 38.98
        },
        "20183": {
            "year_quarter": 20183,
            "year": 2018,
            "quarter": 3,
            "eps": -0.07,
            "eps_growth_year": -240,
            "eps_4q": 1.23,
            "eps_4q_growth_year": 319.87,
            "roe": -0.58,
            "roe_4q": 10.91,
            "gross_profit": 260578,
            "gross_margin": 83.4,
            "gross_margin_4q_avg": 80.59,
            "net_income": -7467,
            "revenue": 312428,
            "common_shares": 1023015,
            "book_valuer_per_share": 12.49,
            "book_valuer_per_share_4q_avg": 11.95,
            "equity": 1277738,
            "current_ratio": 149.33,
            "debt_ratio": 78.8,
            "inventory_turnover_ratio": 115.87,
            "account_receivable_turnover_ratio": 9.06,
            "reinvestment_rate": 432.74,
            "research_to_sale_ratio": null,
            "price_fair": 19.72,
            "eps_avg_yearly": 0.56,
            "eps_latest_yearly": 0.2,
            "eps_growth_yearly": 51.76
        },
        "20184": {
            "year_quarter": 20184,
            "year": 2018,
            "quarter": 4,
            "eps": 0.62,
            "eps_growth_year": null,
            "eps_4q": 2.08,
            "eps_4q_growth_year": null,
            "roe": 4.8,
            "roe_4q": 17.84,
            "gross_profit": 228260,
            "gross_margin": 81.26,
            "gross_margin_4q_avg": 80.46,
            "net_income": 63077,
            "revenue": 280915,
            "common_shares": 1023015,
            "book_valuer_per_share": 13.19,
            "book_valuer_per_share_4q_avg": 12.59,
            "equity": 1349068,
            "current_ratio": 154.37,
            "debt_ratio": 77.52,
            "inventory_turnover_ratio": 163.52,
            "account_receivable_turnover_ratio": 7.11,
            "reinvestment_rate": 399.22,
            "research_to_sale_ratio": null,
            "price_fair": 18.96,
            "eps_avg_yearly": 0.54,
            "eps_latest_yearly": 0.2,
            "eps_growth_yearly": 44.34
        },
        "20191": {
            "year_quarter": 20191,
            "year": 2019,
            "quarter": 1,
            "eps": 0.03,
            "eps_growth_year": -98.26,
            "eps_4q": 0.38,
            "eps_4q_growth_year": -76.55,
            "roe": 0.19,
            "roe_4q": 2.9000000000000004,
            "gross_profit": 232456,
            "gross_margin": 83.28,
            "gross_margin_4q_avg": 81.71,
            "net_income": 2633,
            "revenue": 279140,
            "common_shares": 1023015,
            "book_valuer_per_share": 13.29,
            "book_valuer_per_share_4q_avg": 12.88,
            "equity": 1359109,
            "current_ratio": 150.24,
            "debt_ratio": 77.65,
            "inventory_turnover_ratio": 112.09,
            "account_receivable_turnover_ratio": 9,
            "reinvestment_rate": 415.55,
            "research_to_sale_ratio": null,
            "price_fair": 9.47,
            "eps_avg_yearly": 0.48,
            "eps_latest_yearly": 0.12,
            "eps_growth_yearly": 9.74
        },
        "20192": {
            "year_quarter": 20192,
            "year": 2019,
            "quarter": 2,
            "eps": -0.19,
            "eps_growth_year": null,
            "eps_4q": 0.35,
            "eps_4q_growth_year": -73.88,
            "roe": -1.43,
            "roe_4q": 2.9799999999999995,
            "gross_profit": 346681,
            "gross_margin": 85.34,
            "gross_margin_4q_avg": 83.32,
            "net_income": -19176,
            "revenue": 406228,
            "common_shares": 1023015,
            "book_valuer_per_share": 12.94,
            "book_valuer_per_share_4q_avg": 12.98,
            "equity": 1323450,
            "current_ratio": 113,
            "debt_ratio": 83.2,
            "inventory_turnover_ratio": 119.93,
            "account_receivable_turnover_ratio": 8.03,
            "reinvestment_rate": 1050.47,
            "research_to_sale_ratio": null,
            "price_fair": 13.32,
            "eps_avg_yearly": 0.46,
            "eps_latest_yearly": 0.12,
            "eps_growth_yearly": 18.71
        },
        "20193": {
            "year_quarter": 20193,
            "year": 2019,
            "quarter": 3,
            "eps": 0.25,
            "eps_growth_year": null,
            "eps_4q": 0.68,
            "eps_4q_growth_year": -45.11,
            "roe": 2.1,
            "roe_4q": 5.66,
            "gross_profit": 374067,
            "gross_margin": 85.92,
            "gross_margin_4q_avg": 83.95,
            "net_income": 28140,
            "revenue": 435375,
            "common_shares": 1104856,
            "book_valuer_per_share": 12.23,
            "book_valuer_per_share_4q_avg": 12.91,
            "equity": 1350775,
            "current_ratio": 118.63,
            "debt_ratio": 82.9,
            "inventory_turnover_ratio": 113.96,
            "account_receivable_turnover_ratio": 5.49,
            "reinvestment_rate": 496.78,
            "research_to_sale_ratio": null,
            "price_fair": 8.4,
            "eps_avg_yearly": 0.43,
            "eps_latest_yearly": 0.12,
            "eps_growth_yearly": 9.68
        },
        "20194": {
            "year_quarter": 20194,
            "year": 2019,
            "quarter": 4,
            "eps": -0.15,
            "eps_growth_year": -123.91,
            "eps_4q": -0.04,
            "eps_4q_growth_year": -102.04,
            "roe": -1.23,
            "roe_4q": -0.36999999999999983,
            "gross_profit": 337766,
            "gross_margin": 84.55,
            "gross_margin_4q_avg": 84.77,
            "net_income": -16289,
            "revenue": 399499,
            "common_shares": 1104856,
            "book_valuer_per_share": 11.67,
            "book_valuer_per_share_4q_avg": 12.53,
            "equity": 1289265,
            "current_ratio": 74.88,
            "debt_ratio": 83.14,
            "inventory_turnover_ratio": 74.02,
            "account_receivable_turnover_ratio": 6.6,
            "reinvestment_rate": 488.11,
            "research_to_sale_ratio": null,
            "price_fair": 15.75,
            "eps_avg_yearly": 0.45,
            "eps_latest_yearly": 0.12,
            "eps_growth_yearly": 45.89
        },
        "20201": {
            "year_quarter": 20201,
            "year": 2020,
            "quarter": 1,
            "eps": -0.05,
            "eps_growth_year": -266.67,
            "eps_4q": -0.12,
            "eps_4q_growth_year": -130.19,
            "roe": -0.42,
            "roe_4q": -0.9799999999999998,
            "gross_profit": 220326,
            "gross_margin": 79.28,
            "gross_margin_4q_avg": 83.77,
            "net_income": -5465,
            "revenue": 277921,
            "common_shares": 1104856,
            "book_valuer_per_share": 11.72,
            "book_valuer_per_share_4q_avg": 12.14,
            "equity": 1294569,
            "current_ratio": 89.77,
            "debt_ratio": 83.05,
            "inventory_turnover_ratio": 52.17,
            "account_receivable_turnover_ratio": 12.08,
            "reinvestment_rate": 576.43,
            "research_to_sale_ratio": null,
            "price_fair": 1.17,
            "eps_avg_yearly": 0.39,
            "eps_latest_yearly": 0.12,
            "eps_growth_yearly": -99.94
        },
        "20202": {
            "year_quarter": 20202,
            "year": 2020,
            "quarter": 2,
            "eps": -0.73,
            "eps_growth_year": null,
            "eps_4q": -0.68,
            "eps_4q_growth_year": -291.04,
            "roe": -6.53,
            "roe_4q": -6.08,
            "gross_profit": 43901,
            "gross_margin": 44.04,
            "gross_margin_4q_avg": 73.45,
            "net_income": -81021,
            "revenue": 99683,
            "common_shares": 1104856,
            "book_valuer_per_share": 10.76,
            "book_valuer_per_share_4q_avg": 11.6,
            "equity": 1188501,
            "current_ratio": 86.54,
            "debt_ratio": 84.08,
            "inventory_turnover_ratio": 51.89,
            "account_receivable_turnover_ratio": 6.4,
            "reinvestment_rate": 971.39,
            "research_to_sale_ratio": null,
            "price_fair": 0.86,
            "eps_avg_yearly": 0.29,
            "eps_latest_yearly": 0.12,
            "eps_growth_yearly": -125.68
        },
        "20203": {
            "year_quarter": 20203,
            "year": 2020,
            "quarter": 3,
            "eps": -0.4,
            "eps_growth_year": -260,
            "eps_4q": -1.33,
            "eps_4q_growth_year": -296.99,
            "roe": -3.84,
            "roe_4q": -12.020000000000001,
            "gross_profit": 140011,
            "gross_margin": 71.69,
            "gross_margin_4q_avg": 69.89,
            "net_income": -44326,
            "revenue": 195291,
            "common_shares": 1104856,
            "book_valuer_per_share": 10.16,
            "book_valuer_per_share_4q_avg": 11.08,
            "equity": 1122734,
            "current_ratio": 79.25,
            "debt_ratio": 84.79,
            "inventory_turnover_ratio": 49.91,
            "account_receivable_turnover_ratio": 6.4,
            "reinvestment_rate": 789.76,
            "research_to_sale_ratio": null,
            "price_fair": 0.82,
            "eps_avg_yearly": 0.27,
            "eps_latest_yearly": 0.12,
            "eps_growth_yearly": -99.62
        },
        "20204": {
            "year_quarter": 20204,
            "year": 2020,
            "quarter": 4,
            "eps": -1.26,
            "eps_growth_year": null,
            "eps_4q": -2.45,
            "eps_4q_growth_year": null,
            "roe": -13.38,
            "roe_4q": -24.17,
            "gross_profit": 109447,
            "gross_margin": 64.84,
            "gross_margin_4q_avg": 64.96,
            "net_income": -139497,
            "revenue": 168808,
            "common_shares": 1104856,
            "book_valuer_per_share": 8.71,
            "book_valuer_per_share_4q_avg": 10.34,
            "equity": 961951,
            "current_ratio": 76.62,
            "debt_ratio": 86.32,
            "inventory_turnover_ratio": 53.82,
            "account_receivable_turnover_ratio": 5.21,
            "reinvestment_rate": null,
            "research_to_sale_ratio": null,
            "price_fair": 0.75,
            "eps_avg_yearly": 0.25,
            "eps_latest_yearly": 0.12,
            "eps_growth_yearly": -124.53
        },
        "20211": {
            "year_quarter": 20211,
            "year": 2021,
            "quarter": 1,
            "eps": -0.36,
            "eps_growth_year": null,
            "eps_4q": -2.76,
            "eps_4q_growth_year": null,
            "roe": -4.25,
            "roe_4q": -28.000000000000004,
            "gross_profit": 100586,
            "gross_margin": 62.86,
            "gross_margin_4q_avg": 60.86,
            "net_income": -40064,
            "revenue": 160014,
            "common_shares": 1104856,
            "book_valuer_per_share": 8.36,
            "book_valuer_per_share_4q_avg": 9.5,
            "equity": 923821,
            "current_ratio": 62.56,
            "debt_ratio": 87.17,
            "inventory_turnover_ratio": 57.42,
            "account_receivable_turnover_ratio": 4.97,
            "reinvestment_rate": null,
            "research_to_sale_ratio": null,
            "price_fair": 0.72,
            "eps_avg_yearly": 0.24,
            "eps_latest_yearly": 0.12,
            "eps_growth_yearly": -136.41
        },
        "20212": {
            "year_quarter": 20212,
            "year": 2021,
            "quarter": 2,
            "eps": -0.48,
            "eps_growth_year": null,
            "eps_4q": -2.51,
            "eps_4q_growth_year": null,
            "roe": -6.02,
            "roe_4q": -27.49,
            "gross_profit": 134481,
            "gross_margin": 73.17,
            "gross_margin_4q_avg": 68.14,
            "net_income": -53310,
            "revenue": 183804,
            "common_shares": 1104856,
            "book_valuer_per_share": 7.66,
            "book_valuer_per_share_4q_avg": 8.72,
            "equity": 846835,
            "current_ratio": 82.6,
            "debt_ratio": 88.38,
            "inventory_turnover_ratio": 50.28,
            "account_receivable_turnover_ratio": 5.74,
            "reinvestment_rate": null,
            "research_to_sale_ratio": null,
            "price_fair": 0.48,
            "eps_avg_yearly": 0.16,
            "eps_latest_yearly": 0.12,
            "eps_growth_yearly": -290.32
        },
        "20213": {
            "year_quarter": 20213,
            "year": 2021,
            "quarter": 3,
            "eps": -0.33,
            "eps_growth_year": null,
            "eps_4q": -2.44,
            "eps_4q_growth_year": null,
            "roe": -4.45,
            "roe_4q": -28.1,
            "gross_profit": 202458,
            "gross_margin": 80.99,
            "gross_margin_4q_avg": 70.47,
            "net_income": -36820,
            "revenue": 249974,
            "common_shares": 1104856,
            "book_valuer_per_share": 7.32,
            "book_valuer_per_share_4q_avg": 8.01,
            "equity": 808948,
            "current_ratio": 97.42,
            "debt_ratio": 90,
            "inventory_turnover_ratio": 68.96,
            "account_receivable_turnover_ratio": 9.31,
            "reinvestment_rate": null,
            "research_to_sale_ratio": null,
            "price_fair": 0.36,
            "eps_avg_yearly": 0.12,
            "eps_latest_yearly": 0.12,
            "eps_growth_yearly": -380.65
        },
        "20214": {
            "year_quarter": 20214,
            "year": 2021,
            "quarter": 4,
            "eps": 17.71,
            "eps_growth_year": null,
            "eps_4q": 16.53,
            "eps_4q_growth_year": null,
            "roe": 109.69,
            "roe_4q": 94.97,
            "gross_profit": 201208,
            "gross_margin": 82.04,
            "gross_margin_4q_avg": 74.77,
            "net_income": 1956476,
            "revenue": 245258,
            "common_shares": 1104856,
            "book_valuer_per_share": 24.96,
            "book_valuer_per_share_4q_avg": 12.08,
            "equity": 2758198,
            "current_ratio": 171.5,
            "debt_ratio": 67.96,
            "inventory_turnover_ratio": 80.46,
            "account_receivable_turnover_ratio": 8.09,
            "reinvestment_rate": 62.42,
            "research_to_sale_ratio": null,
            "price_fair": 0.36,
            "eps_avg_yearly": 0.12,
            "eps_latest_yearly": 0.12,
            "eps_growth_yearly": -380.65
        },
        "20221": {
            "year_quarter": 20221,
            "year": 2022,
            "quarter": 1,
            "eps": 0.04,
            "eps_growth_year": null,
            "eps_4q": 16.93,
            "eps_4q_growth_year": null,
            "roe": 0.16,
            "roe_4q": 99.38,
            "gross_profit": 174290,
            "gross_margin": 73.33,
            "gross_margin_4q_avg": 77.38,
            "net_income": 4392,
            "revenue": 237678,
            "common_shares": 1104856,
            "book_valuer_per_share": 24.37,
            "book_valuer_per_share_4q_avg": 16.08,
            "equity": 2692437,
            "current_ratio": 178.47,
            "debt_ratio": 67.76,
            "inventory_turnover_ratio": 101.58,
            "account_receivable_turnover_ratio": 7.24,
            "reinvestment_rate": 80.37,
            "research_to_sale_ratio": null,
            "price_fair": 0.42,
            "eps_avg_yearly": 0.14,
            "eps_latest_yearly": 0.16,
            "eps_growth_yearly": -389.87
        },
        "20222": {
            "year_quarter": 20222,
            "year": 2022,
            "quarter": 2,
            "eps": 0.5,
            "eps_growth_year": null,
            "eps_4q": 13.27,
            "eps_4q_growth_year": null,
            "roe": 2,
            "roe_4q": 107.39999999999999,
            "gross_profit": 297735,
            "gross_margin": 82.11,
            "gross_margin_4q_avg": 79.62,
            "net_income": 54900,
            "revenue": 362603,
            "common_shares": 1104856,
            "book_valuer_per_share": 25.31,
            "book_valuer_per_share_4q_avg": 20.49,
            "equity": 2796164,
            "current_ratio": 309.04,
            "debt_ratio": 67.51,
            "inventory_turnover_ratio": 111.08,
            "account_receivable_turnover_ratio": 8.74,
            "reinvestment_rate": 93.86,
            "research_to_sale_ratio": null,
            "price_fair": 26.6,
            "eps_avg_yearly": 0.76,
            "eps_latest_yearly": 2,
            "eps_growth_yearly": 1273.42
        },
        "20223": {
            "year_quarter": 20223,
            "year": 2022,
            "quarter": 3,
            "eps": 0.49,
            "eps_growth_year": null,
            "eps_4q": 14.01,
            "eps_4q_growth_year": null,
            "roe": 2.55,
            "roe_4q": 114.39999999999999,
            "gross_profit": 342720,
            "gross_margin": 83.4,
            "gross_margin_4q_avg": 80.22,
            "net_income": 73324,
            "revenue": 410958,
            "common_shares": 1491555,
            "book_valuer_per_share": 19.82,
            "book_valuer_per_share_4q_avg": 23.62,
            "equity": 2956734,
            "current_ratio": 272.92,
            "debt_ratio": 67.12,
            "inventory_turnover_ratio": 107.46,
            "account_receivable_turnover_ratio": 8.51,
            "reinvestment_rate": 64.74,
            "research_to_sale_ratio": null,
            "price_fair": 37.1,
            "eps_avg_yearly": 1.06,
            "eps_latest_yearly": 1.96,
            "eps_growth_yearly": 953.06
        },
        "20224": {
            "year_quarter": 20224,
            "year": 2022,
            "quarter": 4,
            "eps": 1.81,
            "eps_growth_year": -89.8,
            "eps_4q": 2.7,
            "eps_4q_growth_year": -83.69,
            "roe": 8.76,
            "roe_4q": 13.469999999999999,
            "gross_profit": 283921,
            "gross_margin": 80.44,
            "gross_margin_4q_avg": 79.82,
            "net_income": 269386,
            "revenue": 352969,
            "common_shares": 1491555,
            "book_valuer_per_share": 21.39,
            "book_valuer_per_share_4q_avg": 22.72,
            "equity": 3190415,
            "current_ratio": 247.04,
            "debt_ratio": 63.11,
            "inventory_turnover_ratio": 97.18,
            "account_receivable_turnover_ratio": 9.1,
            "reinvestment_rate": 44.88,
            "research_to_sale_ratio": null,
            "price_fair": 80.36,
            "eps_avg_yearly": 2.3,
            "eps_latest_yearly": 7.24,
            "eps_growth_yearly": 977.96
        },
        "20231": {
            "year_quarter": 20231,
            "year": 2023,
            "quarter": 1,
            "eps": -0.26,
            "eps_growth_year": -750,
            "eps_4q": 2.41,
            "eps_4q_growth_year": -85.78,
            "roe": -1.22,
            "roe_4q": 12.09,
            "gross_profit": 256613,
            "gross_margin": 79.07,
            "gross_margin_4q_avg": 81.26,
            "net_income": -38527,
            "revenue": 324548,
            "common_shares": 1491555,
            "book_valuer_per_share": 20.84,
            "book_valuer_per_share_4q_avg": 21.84,
            "equity": 3107912,
            "current_ratio": 415.1,
            "debt_ratio": 63.28,
            "inventory_turnover_ratio": 86.43,
            "account_receivable_turnover_ratio": 12,
            "reinvestment_rate": 42.62,
            "research_to_sale_ratio": null,
            "price_fair": 99.4,
            "eps_avg_yearly": 2.84,
            "eps_latest_yearly": 7.24,
            "eps_growth_yearly": 1317.61
        }
    },
    "months": {
        "2001-06": {
            "month": "2001-06",
            "price": "8.69",
            "revenue": 9252
        },
        "2001-07": {
            "month": "2001-07",
            "price": "7.23",
            "revenue": 9258
        },
        "2001-08": {
            "month": "2001-08",
            "price": "7.45",
            "revenue": 10590
        },
        "2001-09": {
            "month": "2001-09",
            "price": "7.33",
            "revenue": 10129
        },
        "2001-10": {
            "month": "2001-10",
            "price": "6.83",
            "revenue": 14886
        },
        "2001-11": {
            "month": "2001-11",
            "price": "6.83",
            "revenue": 11355
        },
        "2001-12": {
            "month": "2001-12",
            "price": "7.82",
            "revenue": 11302
        },
        "2002-01": {
            "month": "2002-01",
            "price": "8.10",
            "revenue": 10312
        },
        "2002-02": {
            "month": "2002-02",
            "price": "7.72",
            "revenue": 11292
        },
        "2002-03": {
            "month": "2002-03",
            "price": "8.18",
            "revenue": 14176
        },
        "2002-04": {
            "month": "2002-04",
            "price": "10.13",
            "revenue": 10731
        },
        "2002-05": {
            "month": "2002-05",
            "price": "9.28",
            "revenue": 9359
        },
        "2002-06": {
            "month": "2002-06",
            "price": "8.99",
            "revenue": 9577
        },
        "2002-07": {
            "month": "2002-07",
            "price": "8.28",
            "revenue": 12025
        },
        "2002-08": {
            "month": "2002-08",
            "price": "7.41",
            "revenue": 9573
        },
        "2002-09": {
            "month": "2002-09",
            "price": "7.09",
            "revenue": 11960
        },
        "2002-10": {
            "month": "2002-10",
            "price": "7.00",
            "revenue": 14450
        },
        "2002-11": {
            "month": "2002-11",
            "price": "7.52",
            "revenue": 12437
        },
        "2002-12": {
            "month": "2002-12",
            "price": "7.74",
            "revenue": 13121
        },
        "2003-01": {
            "month": "2003-01",
            "price": "9.47",
            "revenue": 14674
        },
        "2003-02": {
            "month": "2003-02",
            "price": "8.82",
            "revenue": 10110
        },
        "2003-03": {
            "month": "2003-03",
            "price": "8.16",
            "revenue": 10616
        },
        "2003-04": {
            "month": "2003-04",
            "price": "7.41",
            "revenue": 8826
        },
        "2003-05": {
            "month": "2003-05",
            "price": "5.51",
            "revenue": 4921
        },
        "2003-06": {
            "month": "2003-06",
            "price": "6.70",
            "revenue": 4792
        },
        "2003-07": {
            "month": "2003-07",
            "price": "7.02",
            "revenue": 8693
        },
        "2003-08": {
            "month": "2003-08",
            "price": "7.01",
            "revenue": 9120
        },
        "2003-09": {
            "month": "2003-09",
            "price": "8.20",
            "revenue": 12206
        },
        "2003-10": {
            "month": "2003-10",
            "price": "8.64",
            "revenue": 12372
        },
        "2003-11": {
            "month": "2003-11",
            "price": "8.33",
            "revenue": 11033
        },
        "2003-12": {
            "month": "2003-12",
            "price": "8.18",
            "revenue": 14373
        },
        "2004-01": {
            "month": "2004-01",
            "price": "9.02",
            "revenue": 14153
        },
        "2004-02": {
            "month": "2004-02",
            "price": "16.28",
            "revenue": 9122
        },
        "2004-03": {
            "month": "2004-03",
            "price": "15.20",
            "revenue": 8407
        },
        "2004-04": {
            "month": "2004-04",
            "price": "12.33",
            "revenue": 8030
        },
        "2004-05": {
            "month": "2004-05",
            "price": "10.24",
            "revenue": 10466
        },
        "2004-06": {
            "month": "2004-06",
            "price": "10.38",
            "revenue": 12741
        },
        "2004-07": {
            "month": "2004-07",
            "price": "9.68",
            "revenue": 15245
        },
        "2004-08": {
            "month": "2004-08",
            "price": "8.84",
            "revenue": 13168
        },
        "2004-09": {
            "month": "2004-09",
            "price": "9.68",
            "revenue": 12723
        },
        "2004-10": {
            "month": "2004-10",
            "price": "9.73",
            "revenue": 13633
        },
        "2004-11": {
            "month": "2004-11",
            "price": "9.45",
            "revenue": 14002
        },
        "2004-12": {
            "month": "2004-12",
            "price": "10.45",
            "revenue": 13432
        },
        "2005-01": {
            "month": "2005-01",
            "price": "13.74",
            "revenue": 14086
        },
        "2005-02": {
            "month": "2005-02",
            "price": "13.13",
            "revenue": 14754
        },
        "2005-03": {
            "month": "2005-03",
            "price": "13.86",
            "revenue": 14380
        },
        "2005-04": {
            "month": "2005-04",
            "price": "12.42",
            "revenue": 11913
        },
        "2005-05": {
            "month": "2005-05",
            "price": "17.84",
            "revenue": 14707
        },
        "2005-06": {
            "month": "2005-06",
            "price": "29.00",
            "revenue": 14277
        },
        "2005-07": {
            "month": "2005-07",
            "price": "27.46",
            "revenue": 15861
        },
        "2005-08": {
            "month": "2005-08",
            "price": "28.50",
            "revenue": 12851
        },
        "2005-09": {
            "month": "2005-09",
            "price": "26.82",
            "revenue": 14385
        },
        "2005-10": {
            "month": "2005-10",
            "price": "28.09",
            "revenue": 16948
        },
        "2005-11": {
            "month": "2005-11",
            "price": "27.95",
            "revenue": 16830
        },
        "2005-12": {
            "month": "2005-12",
            "price": "31.44",
            "revenue": 17332
        },
        "2006-01": {
            "month": "2006-01",
            "price": "26.93",
            "revenue": 17019
        },
        "2006-02": {
            "month": "2006-02",
            "price": "25.79",
            "revenue": 13947
        },
        "2006-03": {
            "month": "2006-03",
            "price": "23.66",
            "revenue": 14032
        },
        "2006-04": {
            "month": "2006-04",
            "price": "29.31",
            "revenue": 12500
        },
        "2006-05": {
            "month": "2006-05",
            "price": "38.27",
            "revenue": 11920
        },
        "2006-06": {
            "month": "2006-06",
            "price": "36.48",
            "revenue": 11759
        },
        "2006-07": {
            "month": "2006-07",
            "price": "32.31",
            "revenue": 11561
        },
        "2006-08": {
            "month": "2006-08",
            "price": "31.56",
            "revenue": 10611
        },
        "2006-09": {
            "month": "2006-09",
            "price": "31.14",
            "revenue": 10512
        },
        "2006-10": {
            "month": "2006-10",
            "price": "34.02",
            "revenue": 14220
        },
        "2006-11": {
            "month": "2006-11",
            "price": "33.15",
            "revenue": 12678
        },
        "2006-12": {
            "month": "2006-12",
            "price": "37.13",
            "revenue": 15835
        },
        "2007-01": {
            "month": "2007-01",
            "price": "35.78",
            "revenue": 11899
        },
        "2007-02": {
            "month": "2007-02",
            "price": "41.19",
            "revenue": 12623
        },
        "2007-03": {
            "month": "2007-03",
            "price": "38.47",
            "revenue": 14337
        },
        "2007-04": {
            "month": "2007-04",
            "price": "38.83",
            "revenue": 13297
        },
        "2007-05": {
            "month": "2007-05",
            "price": "34.50",
            "revenue": 11418
        },
        "2007-06": {
            "month": "2007-06",
            "price": "34.62",
            "revenue": 12278
        },
        "2007-07": {
            "month": "2007-07",
            "price": "36.65",
            "revenue": 11125
        },
        "2007-08": {
            "month": "2007-08",
            "price": "30.33",
            "revenue": 8877
        },
        "2007-09": {
            "month": "2007-09",
            "price": "30.88",
            "revenue": 11812
        },
        "2007-10": {
            "month": "2007-10",
            "price": "33.85",
            "revenue": 13073
        },
        "2007-11": {
            "month": "2007-11",
            "price": "29.80",
            "revenue": 12401
        },
        "2007-12": {
            "month": "2007-12",
            "price": "28.69",
            "revenue": 12451
        },
        "2008-01": {
            "month": "2008-01",
            "price": "32.69",
            "revenue": 16588
        },
        "2008-02": {
            "month": "2008-02",
            "price": "33.50",
            "revenue": 10511
        },
        "2008-03": {
            "month": "2008-03",
            "price": "39.13",
            "revenue": 10121
        },
        "2008-04": {
            "month": "2008-04",
            "price": "39.82",
            "revenue": 12904
        },
        "2008-05": {
            "month": "2008-05",
            "price": "38.42",
            "revenue": 14200
        },
        "2008-06": {
            "month": "2008-06",
            "price": "34.25",
            "revenue": 12469
        },
        "2008-07": {
            "month": "2008-07",
            "price": "24.36",
            "revenue": 12900
        },
        "2008-08": {
            "month": "2008-08",
            "price": "22.75",
            "revenue": 12903
        },
        "2008-09": {
            "month": "2008-09",
            "price": "18.44",
            "revenue": 13571
        },
        "2008-10": {
            "month": "2008-10",
            "price": "13.81",
            "revenue": 16637
        },
        "2008-11": {
            "month": "2008-11",
            "price": "12.92",
            "revenue": 19196
        },
        "2008-12": {
            "month": "2008-12",
            "price": "17.01",
            "revenue": 13629
        },
        "2009-01": {
            "month": "2009-01",
            "price": "17.32",
            "revenue": 19582
        },
        "2009-02": {
            "month": "2009-02",
            "price": "16.62",
            "revenue": 12211
        },
        "2009-03": {
            "month": "2009-03",
            "price": "20.08",
            "revenue": 14820
        },
        "2009-04": {
            "month": "2009-04",
            "price": "26.46",
            "revenue": 15558
        },
        "2009-05": {
            "month": "2009-05",
            "price": "36.46",
            "revenue": 19472
        },
        "2009-06": {
            "month": "2009-06",
            "price": "35.29",
            "revenue": 10854
        },
        "2009-07": {
            "month": "2009-07",
            "price": "35.18",
            "revenue": 13063
        },
        "2009-08": {
            "month": "2009-08",
            "price": "28.20",
            "revenue": 10873
        },
        "2009-09": {
            "month": "2009-09",
            "price": "28.14",
            "revenue": 9607
        },
        "2009-10": {
            "month": "2009-10",
            "price": "28.22",
            "revenue": 9552
        },
        "2009-11": {
            "month": "2009-11",
            "price": "29.04",
            "revenue": 14457
        },
        "2009-12": {
            "month": "2009-12",
            "price": "32.25",
            "revenue": 15293
        },
        "2010-01": {
            "month": "2010-01",
            "price": "31.25",
            "revenue": 13533
        },
        "2010-02": {
            "month": "2010-02",
            "price": "27.37",
            "revenue": 15727
        },
        "2010-03": {
            "month": "2010-03",
            "price": "28.02",
            "revenue": 12517
        },
        "2010-04": {
            "month": "2010-04",
            "price": "28.49",
            "revenue": 17064
        },
        "2010-05": {
            "month": "2010-05",
            "price": "25.82",
            "revenue": 18148
        },
        "2010-06": {
            "month": "2010-06",
            "price": "28.21",
            "revenue": 12469
        },
        "2010-07": {
            "month": "2010-07",
            "price": "30.81",
            "revenue": 14349
        },
        "2010-08": {
            "month": "2010-08",
            "price": "30.46",
            "revenue": 12799
        },
        "2010-09": {
            "month": "2010-09",
            "price": "29.38",
            "revenue": 14576
        },
        "2010-10": {
            "month": "2010-10",
            "price": "28.92",
            "revenue": 18445
        },
        "2010-11": {
            "month": "2010-11",
            "price": "27.62",
            "revenue": 15469
        },
        "2010-12": {
            "month": "2010-12",
            "price": "28.70",
            "revenue": 15738
        },
        "2011-01": {
            "month": "2011-01",
            "price": "28.88",
            "revenue": 18817
        },
        "2011-02": {
            "month": "2011-02",
            "price": "27.80",
            "revenue": 17842
        },
        "2011-03": {
            "month": "2011-03",
            "price": "26.15",
            "revenue": 12486
        },
        "2011-04": {
            "month": "2011-04",
            "price": "27.59",
            "revenue": 17364
        },
        "2011-05": {
            "month": "2011-05",
            "price": "27.83",
            "revenue": 19745
        },
        "2011-06": {
            "month": "2011-06",
            "price": "28.34",
            "revenue": 19179
        },
        "2011-07": {
            "month": "2011-07",
            "price": "27.14",
            "revenue": 15683
        },
        "2011-08": {
            "month": "2011-08",
            "price": "24.07",
            "revenue": 11685
        },
        "2011-09": {
            "month": "2011-09",
            "price": "22.75",
            "revenue": 15451
        },
        "2011-10": {
            "month": "2011-10",
            "price": "22.26",
            "revenue": 26115
        },
        "2011-11": {
            "month": "2011-11",
            "price": "21.83",
            "revenue": 20569
        },
        "2011-12": {
            "month": "2011-12",
            "price": "20.42",
            "revenue": 19729
        },
        "2012-01": {
            "month": "2012-01",
            "price": "20.61",
            "revenue": 22648
        },
        "2012-02": {
            "month": "2012-02",
            "price": "22.20",
            "revenue": 11255
        },
        "2012-03": {
            "month": "2012-03",
            "price": "21.88",
            "revenue": 18033
        },
        "2012-04": {
            "month": "2012-04",
            "price": "20.60",
            "revenue": 17926
        },
        "2012-05": {
            "month": "2012-05",
            "price": "19.91",
            "revenue": 18583
        },
        "2012-06": {
            "month": "2012-06",
            "price": "18.05",
            "revenue": 14056
        },
        "2012-07": {
            "month": "2012-07",
            "price": "18.42",
            "revenue": 18976
        },
        "2012-08": {
            "month": "2012-08",
            "price": "19.75",
            "revenue": 13085
        },
        "2012-09": {
            "month": "2012-09",
            "price": "20.74",
            "revenue": 13550
        },
        "2012-10": {
            "month": "2012-10",
            "price": "21.15",
            "revenue": 19056
        },
        "2012-11": {
            "month": "2012-11",
            "price": "19.52",
            "revenue": 18890
        },
        "2012-12": {
            "month": "2012-12",
            "price": "19.64",
            "revenue": 18546
        },
        "2013-01": {
            "month": "2013-01",
            "price": "19.83",
            "revenue": 45584
        },
        "2013-02": {
            "month": "2013-02",
            "price": "19.65",
            "revenue": 48988
        },
        "2013-03": {
            "month": "2013-03",
            "price": "19.77",
            "revenue": 61744
        },
        "2013-04": {
            "month": "2013-04",
            "price": "19.62",
            "revenue": 53758
        },
        "2013-05": {
            "month": "2013-05",
            "price": "19.70",
            "revenue": 53576
        },
        "2013-06": {
            "month": "2013-06",
            "price": "19.31",
            "revenue": 55533
        },
        "2013-07": {
            "month": "2013-07",
            "price": "19.82",
            "revenue": 63140
        },
        "2013-08": {
            "month": "2013-08",
            "price": "19.69",
            "revenue": 59357
        },
        "2013-09": {
            "month": "2013-09",
            "price": "18.84",
            "revenue": 46256
        },
        "2013-10": {
            "month": "2013-10",
            "price": "18.79",
            "revenue": 53059
        },
        "2013-11": {
            "month": "2013-11",
            "price": "18.57",
            "revenue": 52116
        },
        "2013-12": {
            "month": "2013-12",
            "price": "18.62",
            "revenue": 54029
        },
        "2014-01": {
            "month": "2014-01",
            "price": "18.67",
            "revenue": 49728
        },
        "2014-02": {
            "month": "2014-02",
            "price": "18.41",
            "revenue": 54811
        },
        "2014-03": {
            "month": "2014-03",
            "price": "18.28",
            "revenue": 68108
        },
        "2014-04": {
            "month": "2014-04",
            "price": "17.91",
            "revenue": 61732
        },
        "2014-05": {
            "month": "2014-05",
            "price": "17.80",
            "revenue": 61175
        },
        "2014-06": {
            "month": "2014-06",
            "price": "18.12",
            "revenue": 64245
        },
        "2014-07": {
            "month": "2014-07",
            "price": "18.72",
            "revenue": 63135
        },
        "2014-08": {
            "month": "2014-08",
            "price": "17.90",
            "revenue": 61417
        },
        "2014-09": {
            "month": "2014-09",
            "price": "17.43",
            "revenue": 49605
        },
        "2014-10": {
            "month": "2014-10",
            "price": "16.54",
            "revenue": 59328
        },
        "2014-11": {
            "month": "2014-11",
            "price": "16.20",
            "revenue": 53947
        },
        "2014-12": {
            "month": "2014-12",
            "price": "16.22",
            "revenue": 59111
        },
        "2015-01": {
            "month": "2015-01",
            "price": "16.34",
            "revenue": 50477
        },
        "2015-02": {
            "month": "2015-02",
            "price": "16.31",
            "revenue": 51554
        },
        "2015-03": {
            "month": "2015-03",
            "price": "16.36",
            "revenue": 67813
        },
        "2015-04": {
            "month": "2015-04",
            "price": "16.47",
            "revenue": 52713
        },
        "2015-05": {
            "month": "2015-05",
            "price": "16.79",
            "revenue": 62115
        },
        "2015-06": {
            "month": "2015-06",
            "price": "16.00",
            "revenue": 63592
        },
        "2015-07": {
            "month": "2015-07",
            "price": "16.19",
            "revenue": 72259
        },
        "2015-08": {
            "month": "2015-08",
            "price": "14.90",
            "revenue": 65812
        },
        "2015-09": {
            "month": "2015-09",
            "price": "14.08",
            "revenue": 57800
        },
        "2015-10": {
            "month": "2015-10",
            "price": "14.24",
            "revenue": 111123
        },
        "2015-11": {
            "month": "2015-11",
            "price": "14.95",
            "revenue": 117753
        },
        "2015-12": {
            "month": "2015-12",
            "price": "15.38",
            "revenue": 101272
        },
        "2016-01": {
            "month": "2016-01",
            "price": "15.48",
            "revenue": 100122
        },
        "2016-02": {
            "month": "2016-02",
            "price": "15.38",
            "revenue": 109087
        },
        "2016-03": {
            "month": "2016-03",
            "price": "16.74",
            "revenue": 119927
        },
        "2016-04": {
            "month": "2016-04",
            "price": "16.22",
            "revenue": 108704
        },
        "2016-05": {
            "month": "2016-05",
            "price": "16.04",
            "revenue": 111285
        },
        "2016-06": {
            "month": "2016-06",
            "price": "16.32",
            "revenue": 109109
        },
        "2016-07": {
            "month": "2016-07",
            "price": "16.61",
            "revenue": 144844
        },
        "2016-08": {
            "month": "2016-08",
            "price": "17.24",
            "revenue": 123147
        },
        "2016-09": {
            "month": "2016-09",
            "price": "16.98",
            "revenue": 106995
        },
        "2016-10": {
            "month": "2016-10",
            "price": "16.91",
            "revenue": 128101
        },
        "2016-11": {
            "month": "2016-11",
            "price": "16.49",
            "revenue": 116025
        },
        "2016-12": {
            "month": "2016-12",
            "price": "16.23",
            "revenue": 111288
        },
        "2017-01": {
            "month": "2017-01",
            "price": "16.10",
            "revenue": 101011
        },
        "2017-02": {
            "month": "2017-02",
            "price": "16.21",
            "revenue": 103541
        },
        "2017-03": {
            "month": "2017-03",
            "price": "16.13",
            "revenue": 122729
        },
        "2017-04": {
            "month": "2017-04",
            "price": "15.96",
            "revenue": 107830
        },
        "2017-05": {
            "month": "2017-05",
            "price": "16.10",
            "revenue": 112594
        },
        "2017-06": {
            "month": "2017-06",
            "price": "15.88",
            "revenue": 123444
        },
        "2017-07": {
            "month": "2017-07",
            "price": "15.84",
            "revenue": 130485
        },
        "2017-08": {
            "month": "2017-08",
            "price": "15.50",
            "revenue": 120352
        },
        "2017-09": {
            "month": "2017-09",
            "price": "14.40",
            "revenue": 105037
        },
        "2017-10": {
            "month": "2017-10",
            "price": "13.71",
            "revenue": 125105
        },
        "2017-11": {
            "month": "2017-11",
            "price": "13.82",
            "revenue": 105838
        },
        "2017-12": {
            "month": "2017-12",
            "price": "13.92",
            "revenue": 104949
        },
        "2018-01": {
            "month": "2018-01",
            "price": "14.87",
            "revenue": 93518
        },
        "2018-02": {
            "month": "2018-02",
            "price": "14.85",
            "revenue": 88356
        },
        "2018-03": {
            "month": "2018-03",
            "price": "14.93",
            "revenue": 102168
        },
        "2018-04": {
            "month": "2018-04",
            "price": "15.06",
            "revenue": 92243
        },
        "2018-05": {
            "month": "2018-05",
            "price": "14.68",
            "revenue": 95610
        },
        "2018-06": {
            "month": "2018-06",
            "price": "14.77",
            "revenue": 105588
        },
        "2018-07": {
            "month": "2018-07",
            "price": "24.17",
            "revenue": 113032
        },
        "2018-08": {
            "month": "2018-08",
            "price": "22.35",
            "revenue": 104837
        },
        "2018-09": {
            "month": "2018-09",
            "price": "17.29",
            "revenue": 95695
        },
        "2018-10": {
            "month": "2018-10",
            "price": "16.02",
            "revenue": 106702
        },
        "2018-11": {
            "month": "2018-11",
            "price": "18.41",
            "revenue": 82037
        },
        "2018-12": {
            "month": "2018-12",
            "price": "25.90",
            "revenue": 91410
        },
        "2019-01": {
            "month": "2019-01",
            "price": "21.53",
            "revenue": 76763
        },
        "2019-02": {
            "month": "2019-02",
            "price": "21.82",
            "revenue": 91878
        },
        "2019-03": {
            "month": "2019-03",
            "price": "21.18",
            "revenue": 114452
        },
        "2019-04": {
            "month": "2019-04",
            "price": "21.37",
            "revenue": 97973
        },
        "2019-05": {
            "month": "2019-05",
            "price": "19.23",
            "revenue": 148249
        },
        "2019-06": {
            "month": "2019-06",
            "price": "20.67",
            "revenue": 143421
        },
        "2019-07": {
            "month": "2019-07",
            "price": "22.08",
            "revenue": 156869
        },
        "2019-08": {
            "month": "2019-08",
            "price": "19.12",
            "revenue": 150731
        },
        "2019-09": {
            "month": "2019-09",
            "price": "18.37",
            "revenue": 131287
        },
        "2019-10": {
            "month": "2019-10",
            "price": "18.20",
            "revenue": 148321
        },
        "2019-11": {
            "month": "2019-11",
            "price": "18.84",
            "revenue": 131262
        },
        "2019-12": {
            "month": "2019-12",
            "price": "20.40",
            "revenue": 137703
        },
        "2020-01": {
            "month": "2020-01",
            "price": "21.63",
            "revenue": 120850
        },
        "2020-02": {
            "month": "2020-02",
            "price": "16.13",
            "revenue": 108865
        },
        "2020-03": {
            "month": "2020-03",
            "price": "12.58",
            "revenue": 50974
        },
        "2020-04": {
            "month": "2020-04",
            "price": "12.16",
            "revenue": 22513
        },
        "2020-05": {
            "month": "2020-05",
            "price": "16.36",
            "revenue": 32392
        },
        "2020-06": {
            "month": "2020-06",
            "price": "18.92",
            "revenue": 46248
        },
        "2020-07": {
            "month": "2020-07",
            "price": "18.17",
            "revenue": 59912
        },
        "2020-08": {
            "month": "2020-08",
            "price": "16.70",
            "revenue": 73047
        },
        "2020-09": {
            "month": "2020-09",
            "price": "15.72",
            "revenue": 63103
        },
        "2020-10": {
            "month": "2020-10",
            "price": "15.78",
            "revenue": 74386
        },
        "2020-11": {
            "month": "2020-11",
            "price": "16.27",
            "revenue": 50124
        },
        "2020-12": {
            "month": "2020-12",
            "price": "17.22",
            "revenue": 46439
        },
        "2021-01": {
            "month": "2021-01",
            "price": "16.11",
            "revenue": 46015
        },
        "2021-02": {
            "month": "2021-02",
            "price": "16.15",
            "revenue": 57233
        },
        "2021-03": {
            "month": "2021-03",
            "price": "17.47",
            "revenue": 57060
        },
        "2021-04": {
            "month": "2021-04",
            "price": "17.51",
            "revenue": 58697
        },
        "2021-05": {
            "month": "2021-05",
            "price": "18.13",
            "revenue": 59667
        },
        "2021-06": {
            "month": "2021-06",
            "price": "24.10",
            "revenue": 73249
        },
        "2021-07": {
            "month": "2021-07",
            "price": "26.85",
            "revenue": 93109
        },
        "2021-08": {
            "month": "2021-08",
            "price": "24.40",
            "revenue": 83711
        },
        "2021-09": {
            "month": "2021-09",
            "price": "25.47",
            "revenue": 75870
        },
        "2021-10": {
            "month": "2021-10",
            "price": "23.37",
            "revenue": 83250
        },
        "2021-11": {
            "month": "2021-11",
            "price": "25.07",
            "revenue": 76254
        },
        "2021-12": {
            "month": "2021-12",
            "price": "25.63",
            "revenue": 85247
        },
        "2022-01": {
            "month": "2022-01",
            "price": "24.51",
            "revenue": 59290
        },
        "2022-02": {
            "month": "2022-02",
            "price": "25.79",
            "revenue": 74388
        },
        "2022-03": {
            "month": "2022-03",
            "price": "25.42",
            "revenue": 104751
        },
        "2022-04": {
            "month": "2022-04",
            "price": "28.05",
            "revenue": 103365
        },
        "2022-05": {
            "month": "2022-05",
            "price": "26.27",
            "revenue": 115055
        },
        "2022-06": {
            "month": "2022-06",
            "price": "27.81",
            "revenue": 141989
        },
        "2022-07": {
            "month": "2022-07",
            "price": "27.20",
            "revenue": 150799
        },
        "2022-08": {
            "month": "2022-08",
            "price": "29.16",
            "revenue": 132331
        },
        "2022-09": {
            "month": "2022-09",
            "price": "24.64",
            "revenue": 134623
        },
        "2022-10": {
            "month": "2022-10",
            "price": "20.74",
            "revenue": 143840
        },
        "2022-11": {
            "month": "2022-11",
            "price": "21.66",
            "revenue": 104742
        },
        "2022-12": {
            "month": "2022-12",
            "price": "22.85",
            "revenue": 102302
        },
        "2023-01": {
            "month": "2023-01",
            "price": "22.72",
            "revenue": 99455
        },
        "2023-02": {
            "month": "2023-02",
            "price": "24.42",
            "revenue": 100014
        },
        "2023-03": {
            "month": "2023-03",
            "price": "24.91",
            "revenue": 124423
        },
        "2023-04": {
            "month": "2023-04",
            "price": "23.49",
            "revenue": 126384
        }
    }
}
