{
    "summary": {
        "stock_name": "國賓",
        "stock_id": "2704",
        "category": "觀光餐旅",
        "main_business": "國際觀光大飯店附設餐飲等業務",
        "website_url": "http://www.ambassador-hotels.com",
        "ceo": "許家堯",
        "pe_ratio": 10,
        "report_year_from": 2001,
        "report_year_to": 2023,
        "age": 23,
        "eps_negative_percentage": 13,
        "eps_growth_avg": {
            "last_all": -10.57,
            "last_2y": -70.54,
            "last_4y": -61.38,
            "last_8y": -30.74,
            "last_12y": -14.08,
            "last_16y": -12.11,
            "last_20y": -10.57,
            "at_2006_last_3y": -2.34,
            "at_2007_last_3y": 27.22,
            "at_2008_last_3y": 17.49,
            "at_2009_last_3y": -17.45,
            "at_2010_last_3y": -6.2,
            "at_2011_last_3y": 14.03,
            "at_2012_last_3y": 8.4,
            "at_2013_last_3y": 25.16,
            "at_2014_last_3y": 19.23,
            "at_2015_last_3y": 2.29,
            "at_2016_last_3y": 11.27,
            "at_2017_last_3y": 5.53,
            "at_2018_last_3y": -0.1,
            "at_2019_last_3y": -1.9,
            "at_2020_last_3y": -27.1,
            "at_2021_last_3y": -53.18,
            "at_2022_last_3y": -68.15,
            "at_2023_last_3y": -80.04,
            "at_2024_last_3y": -80.04,
            "at_2006_last_all": -2.34,
            "at_2007_last_all": -4.58,
            "at_2008_last_all": -6.01,
            "at_2009_last_all": -11.63,
            "at_2010_last_all": -4.54,
            "at_2011_last_all": 4.72,
            "at_2012_last_all": 0.4,
            "at_2013_last_all": 3.09,
            "at_2014_last_all": 4.1,
            "at_2015_last_all": 3.91,
            "at_2016_last_all": 3.74,
            "at_2017_last_all": 3.78,
            "at_2018_last_all": 2.98,
            "at_2019_last_all": 2.46,
            "at_2020_last_all": -3.51,
            "at_2021_last_all": -8.87,
            "at_2022_last_all": -8.87,
            "at_2023_last_all": -10.57,
            "at_2024_last_all": -10.57
        },
        "latest_eps": 4.48,
        "latest_price": 46,
        "latest_roe": 10.43,
        "latest_gross_margin": 28.08,
        "latest_equity": 19496565,
        "latest_revenue": 311775,
        "latest_gross_profit": 87559,
        "latest_net_income": -56320,
        "latest_debt_ratio": 21.73,
        "latest_current_ratio": 931.9,
        "latest_account_receivable_turnover_ratio": 6.43,
        "latest_inventory_turnover_ratio": 2.84,
        "latest_reinvestment_rate": -94.14,
        "latest_research_to_sale_ratio": null
    },
    "eps_dividends": {
        "1991": {
            "cash": 1,
            "stock": 0,
            "eps": 0
        },
        "1992": {
            "cash": 1,
            "stock": 0,
            "eps": 0
        },
        "1993": {
            "cash": 0.8,
            "stock": 0,
            "eps": 0
        },
        "1994": {
            "cash": 0.5,
            "stock": 0,
            "eps": 0
        },
        "1995": {
            "cash": 0.5,
            "stock": 0,
            "eps": 0
        },
        "1996": {
            "cash": 0.5,
            "stock": 0,
            "eps": 0
        },
        "1997": {
            "cash": 0,
            "stock": 1,
            "eps": 0
        },
        "1998": {
            "cash": 0,
            "stock": 0.5,
            "eps": 0
        },
        "1999": {
            "cash": 0,
            "stock": 0.5,
            "eps": 0
        },
        "2001": {
            "cash": 0,
            "stock": 0,
            "eps": -0.93
        },
        "2002": {
            "cash": 0,
            "stock": 0,
            "eps": 0.22
        },
        "2003": {
            "cash": 0,
            "stock": 0,
            "eps": -0.02
        },
        "2004": {
            "cash": 0,
            "stock": 0,
            "eps": 0.46
        },
        "2005": {
            "cash": 0.3,
            "stock": 0,
            "eps": 1.14
        },
        "2006": {
            "cash": 0.7,
            "stock": 0,
            "eps": 1.06
        },
        "2007": {
            "cash": 0.8,
            "stock": 0,
            "eps": 0.94
        },
        "2008": {
            "cash": 0.68,
            "stock": 0,
            "eps": 0.83
        },
        "2009": {
            "cash": 0.5,
            "stock": 0,
            "eps": 0.5
        },
        "2010": {
            "cash": 0.2,
            "stock": 0,
            "eps": 0.69
        },
        "2011": {
            "cash": 0.9,
            "stock": 0,
            "eps": 1.17
        },
        "2012": {
            "cash": 0,
            "stock": 0,
            "eps": 0.77
        },
        "2013": {
            "cash": 0.4,
            "stock": 0,
            "eps": 0.98
        },
        "2014": {
            "cash": 0.5,
            "stock": 0,
            "eps": 1.12
        },
        "2015": {
            "cash": 0.7,
            "stock": 0,
            "eps": 1.14
        },
        "2016": {
            "cash": 0.7,
            "stock": 0,
            "eps": 1.16
        },
        "2017": {
            "cash": 0.7,
            "stock": 0,
            "eps": 1.21
        },
        "2018": {
            "cash": 0.4,
            "stock": 0,
            "eps": 1.11
        },
        "2019": {
            "cash": 0.4,
            "stock": 0,
            "eps": 1.05
        },
        "2020": {
            "cash": 0,
            "stock": 0,
            "eps": 0.01
        },
        "2021": {
            "cash": 0,
            "stock": 0,
            "eps": -0.24
        },
        "2022": {
            "cash": 0,
            "stock": 0,
            "eps": 2.97
        },
        "2023": {
            "cash": 0.5,
            "stock": 0,
            "eps": 1.75
        }
    },
    "dividends": {
        "1991-04-30": {
            "cash": 1,
            "stock": 0
        },
        "1992-04-21": {
            "cash": 1,
            "stock": 0
        },
        "1993-04-26": {
            "cash": 0.8,
            "stock": 0
        },
        "1994-04-29": {
            "cash": 0.5,
            "stock": 0
        },
        "1995-04-25": {
            "cash": 0.5,
            "stock": 0
        },
        "1996-04-23": {
            "cash": 0.5,
            "stock": 0
        },
        "1997-04-30": {
            "cash": 0,
            "stock": 1
        },
        "1998-04-20": {
            "cash": 0,
            "stock": 0.5
        },
        "1999-04-30": {
            "cash": 0,
            "stock": 0.5
        },
        "2005-03-04": {
            "cash": 0.3,
            "stock": 0
        },
        "2006-03-02": {
            "cash": 0.7,
            "stock": 0
        },
        "2007-03-07": {
            "cash": 0.8,
            "stock": 0
        },
        "2008-03-06": {
            "cash": 0.68,
            "stock": 0
        },
        "2009-03-04": {
            "cash": 0.5,
            "stock": 0
        },
        "2010-03-03": {
            "cash": 0.2,
            "stock": 0
        },
        "2011-01-01": {
            "cash": 0.5,
            "stock": 0
        },
        "2011-03-02": {
            "cash": 0.4,
            "stock": 0
        },
        "2013-03-05": {
            "cash": 0.4,
            "stock": 0
        },
        "2014-10-07": {
            "cash": 0.5,
            "stock": 0
        },
        "2015-10-07": {
            "cash": 0.7,
            "stock": 0
        },
        "2016-10-07": {
            "cash": 0.7,
            "stock": 0
        },
        "2017-09-06": {
            "cash": 0.7,
            "stock": 0
        },
        "2018-09-06": {
            "cash": 0.4,
            "stock": 0
        },
        "2019-09-06": {
            "cash": 0.4,
            "stock": 0
        },
        "2023-08-15": {
            "cash": 0.5,
            "stock": 0
        }
    },
    "prices": {
        "200101": "8.98",
        "200102": "9.76",
        "200103": "8.95",
        "200104": "8.64",
        "200105": "8.23",
        "200106": "7.73",
        "200107": "7.73",
        "200108": "7.91",
        "200109": "8.46",
        "200110": "8.08",
        "200111": "7.28",
        "200112": "7.73",
        "200201": "7.74",
        "200202": "7.57",
        "200203": "8.09",
        "200204": "8.68",
        "200205": "8.31",
        "200206": "8.48",
        "200207": "8.46",
        "200208": "8.29",
        "200209": "7.76",
        "200210": "7.76",
        "200211": "8.55",
        "200212": "9.16",
        "200301": "11.22",
        "200302": "10.67",
        "200303": "10.12",
        "200304": "8.31",
        "200305": "7.35",
        "200306": "8.07",
        "200307": "8.27",
        "200308": "8.30",
        "200309": "8.72",
        "200310": "11.20",
        "200311": "11.60",
        "200312": "11.77",
        "200401": "12.94",
        "200402": "17.38",
        "200403": "20.05",
        "200404": "21.85",
        "200405": "20.00",
        "200406": "16.29",
        "200407": "16.87",
        "200408": "16.06",
        "200409": "16.92",
        "200410": "17.88",
        "200411": "17.73",
        "200412": "17.88",
        "200501": "18.91",
        "200502": "19.68",
        "200503": "22.34",
        "200504": "22.33",
        "200505": "25.67",
        "200506": "27.50",
        "200507": "27.33",
        "200508": "30.52",
        "200509": "25.75",
        "200510": "23.50",
        "200511": "25.80",
        "200512": "31.47",
        "200601": "28.97",
        "200602": "26.24",
        "200603": "26.45",
        "200604": "30.95",
        "200605": "34.53",
        "200606": "34.45",
        "200607": "33.12",
        "200608": "31.40",
        "200609": "30.59",
        "200610": "32.68",
        "200611": "32.51",
        "200612": "34.74",
        "200701": "34.72",
        "200702": "38.42",
        "200703": "38.07",
        "200704": "38.53",
        "200705": "35.28",
        "200706": "35.10",
        "200707": "36.61",
        "200708": "31.23",
        "200709": "28.86",
        "200710": "31.48",
        "200711": "29.47",
        "200712": "28.34",
        "200801": "36.19",
        "200802": "44.49",
        "200803": "48.43",
        "200804": "53.20",
        "200805": "56.20",
        "200806": "54.48",
        "200807": "40.42",
        "200808": "41.57",
        "200809": "37.35",
        "200810": "23.54",
        "200811": "25.11",
        "200812": "30.84",
        "200901": "31.05",
        "200902": "28.61",
        "200903": "33.93",
        "200904": "40.32",
        "200905": "39.03",
        "200906": "37.28",
        "200907": "38.78",
        "200908": "32.48",
        "200909": "32.88",
        "200910": "32.62",
        "200911": "35.88",
        "200912": "38.64",
        "201001": "37.75",
        "201002": "34.47",
        "201003": "34.65",
        "201004": "35.81",
        "201005": "33.19",
        "201006": "36.91",
        "201007": "40.32",
        "201008": "44.93",
        "201009": "47.87",
        "201010": "50.86",
        "201011": "46.32",
        "201012": "47.74",
        "201101": "45.95",
        "201102": "42.71",
        "201103": "42.07",
        "201104": "45.31",
        "201105": "47.54",
        "201106": "46.24",
        "201107": "43.36",
        "201108": "35.36",
        "201109": "34.50",
        "201110": "36.10",
        "201111": "34.50",
        "201112": "30.62",
        "201201": "32.16",
        "201202": "37.56",
        "201203": "38.85",
        "201204": "35.53",
        "201205": "32.37",
        "201206": "29.57",
        "201207": "28.69",
        "201208": "30.48",
        "201209": "33.00",
        "201210": "31.73",
        "201211": "29.99",
        "201212": "30.67",
        "201301": "30.96",
        "201302": "30.47",
        "201303": "29.88",
        "201304": "28.82",
        "201305": "29.42",
        "201306": "28.79",
        "201307": "29.10",
        "201308": "28.28",
        "201309": "28.67",
        "201310": "29.06",
        "201311": "28.86",
        "201312": "29.29",
        "201401": "29.66",
        "201402": "28.77",
        "201403": "28.44",
        "201404": "28.37",
        "201405": "27.67",
        "201406": "27.84",
        "201407": "28.72",
        "201408": "28.30",
        "201409": "27.65",
        "201410": "27.29",
        "201411": "27.48",
        "201412": "27.59",
        "201501": "28.10",
        "201502": "27.86",
        "201503": "27.59",
        "201504": "27.74",
        "201505": "27.91",
        "201506": "27.04",
        "201507": "26.44",
        "201508": "26.21",
        "201509": "27.68",
        "201510": "27.58",
        "201511": "27.89",
        "201512": "26.68",
        "201601": "26.60",
        "201602": "26.34",
        "201603": "26.47",
        "201604": "26.20",
        "201605": "26.19",
        "201606": "27.22",
        "201607": "26.54",
        "201608": "25.73",
        "201609": "24.52",
        "201610": "23.79",
        "201611": "24.03",
        "201612": "23.54",
        "201701": "23.40",
        "201702": "23.77",
        "201703": "23.57",
        "201704": "23.34",
        "201705": "23.39",
        "201706": "23.40",
        "201707": "23.43",
        "201708": "22.85",
        "201709": "23.50",
        "201710": "23.72",
        "201711": "23.06",
        "201712": "23.10",
        "201801": "23.28",
        "201802": "23.02",
        "201803": "23.06",
        "201804": "22.97",
        "201805": "22.76",
        "201806": "22.57",
        "201807": "22.50",
        "201808": "22.43",
        "201809": "22.38",
        "201810": "22.19",
        "201811": "23.02",
        "201812": "24.90",
        "201901": "22.25",
        "201902": "22.10",
        "201903": "22.04",
        "201904": "21.96",
        "201905": "21.75",
        "201906": "22.04",
        "201907": "22.38",
        "201908": "21.43",
        "201909": "21.78",
        "201910": "22.25",
        "201911": "26.57",
        "201912": "30.63",
        "202001": "28.42",
        "202002": "25.53",
        "202003": "24.24",
        "202004": "25.02",
        "202005": "26.89",
        "202006": "28.50",
        "202007": "28.55",
        "202008": "28.94",
        "202009": "29.60",
        "202010": "30.49",
        "202011": "30.10",
        "202012": "29.97",
        "202101": "30.18",
        "202102": "30.13",
        "202103": "29.72",
        "202104": "29.34",
        "202105": "28.37",
        "202106": "28.78",
        "202107": "28.76",
        "202108": "27.86",
        "202109": "28.33",
        "202110": "29.20",
        "202111": "30.98",
        "202112": "30.91",
        "202201": "31.01",
        "202202": "32.56",
        "202203": "33.40",
        "202204": "31.86",
        "202205": "31.30",
        "202206": "31.87",
        "202207": "32.36",
        "202208": "33.00",
        "202209": "31.62",
        "202210": "30.82",
        "202211": "30.86",
        "202212": "31.66",
        "202301": "32.54",
        "202302": "33.91",
        "202303": "35.83",
        "202304": "36.96",
        "202305": "43.75",
        "202306": "52.13",
        "202307": "51.64",
        "202308": "54.12",
        "202309": "51.53",
        "202310": "49.58",
        "202311": "48.46",
        "202312": "48.88"
    },
    "quarters": {
        "20011": {
            "year_quarter": 20011,
            "year": 2001,
            "quarter": 1,
            "eps": -0.14,
            "eps_growth_year": -450,
            "eps_4q": -0.17,
            "eps_4q_growth_year": null,
            "roe": -0.8,
            "roe_4q": -0.8,
            "gross_profit": 378414,
            "gross_margin": 76.47,
            "gross_margin_4q_avg": 76.47,
            "net_income": -48388,
            "net_income_4q": null,
            "revenue": 494836,
            "revenue_4q": null,
            "common_shares": 3583125,
            "book_valuer_per_share": 16.91,
            "book_valuer_per_share_4q_avg": 16.91,
            "equity": 6057675,
            "current_ratio": 23.97,
            "debt_ratio": 42.75,
            "inventory_turnover_ratio": 9.07,
            "account_receivable_turnover_ratio": null,
            "reinvestment_rate": null,
            "research_to_sale_ratio": null,
            "price_fair": 0,
            "eps_avg_yearly": 0,
            "eps_latest_yearly": 0,
            "eps_growth_yearly": 0
        },
        "20012": {
            "year_quarter": 20012,
            "year": 2001,
            "quarter": 2,
            "eps": -0.49,
            "eps_growth_year": null,
            "eps_4q": -0.62,
            "eps_4q_growth_year": null,
            "roe": -2.96,
            "roe_4q": -3.76,
            "gross_profit": 370679,
            "gross_margin": 78.27,
            "gross_margin_4q_avg": 77.37,
            "net_income": -176833,
            "net_income_4q": null,
            "revenue": 473580,
            "revenue_4q": null,
            "common_shares": 3583125,
            "book_valuer_per_share": 16.41,
            "book_valuer_per_share_4q_avg": 16.66,
            "equity": 5878481,
            "current_ratio": 33.1,
            "debt_ratio": 44.15,
            "inventory_turnover_ratio": 7.64,
            "account_receivable_turnover_ratio": null,
            "reinvestment_rate": null,
            "research_to_sale_ratio": null,
            "price_fair": 0,
            "eps_avg_yearly": 0,
            "eps_latest_yearly": 0,
            "eps_growth_yearly": 0
        },
        "20013": {
            "year_quarter": 20013,
            "year": 2001,
            "quarter": 3,
            "eps": -0.21,
            "eps_growth_year": null,
            "eps_4q": -0.65,
            "eps_4q_growth_year": null,
            "roe": -1.27,
            "roe_4q": -5.03,
            "gross_profit": 347066,
            "gross_margin": 77.67,
            "gross_margin_4q_avg": 77.47,
            "net_income": -74070,
            "net_income_4q": null,
            "revenue": 446849,
            "revenue_4q": null,
            "common_shares": 3583125,
            "book_valuer_per_share": 16.19,
            "book_valuer_per_share_4q_avg": 16.5,
            "equity": 5801883,
            "current_ratio": 24.31,
            "debt_ratio": 44.91,
            "inventory_turnover_ratio": 7.94,
            "account_receivable_turnover_ratio": null,
            "reinvestment_rate": null,
            "research_to_sale_ratio": null,
            "price_fair": 0,
            "eps_avg_yearly": 0,
            "eps_latest_yearly": 0,
            "eps_growth_yearly": 0
        },
        "20014": {
            "year_quarter": 20014,
            "year": 2001,
            "quarter": 4,
            "eps": -0.09,
            "eps_growth_year": -147.37,
            "eps_4q": -0.93,
            "eps_4q_growth_year": -10585.96,
            "roe": -0.57,
            "roe_4q": -5.6,
            "gross_profit": 384601,
            "gross_margin": 77.69,
            "gross_margin_4q_avg": 77.53,
            "net_income": -33122,
            "net_income_4q": null,
            "revenue": 495068,
            "revenue_4q": null,
            "common_shares": 3583125,
            "book_valuer_per_share": 16.12,
            "book_valuer_per_share_4q_avg": 16.41,
            "equity": 5774722,
            "current_ratio": 29.38,
            "debt_ratio": 45.03,
            "inventory_turnover_ratio": 9.63,
            "account_receivable_turnover_ratio": null,
            "reinvestment_rate": null,
            "research_to_sale_ratio": null,
            "price_fair": 0,
            "eps_avg_yearly": 0,
            "eps_latest_yearly": 0,
            "eps_growth_yearly": 0
        },
        "20021": {
            "year_quarter": 20021,
            "year": 2002,
            "quarter": 1,
            "eps": 0.31,
            "eps_growth_year": null,
            "eps_4q": -0.59,
            "eps_4q_growth_year": null,
            "roe": 1.71,
            "roe_4q": -3.09,
            "gross_profit": 411594,
            "gross_margin": 76.91,
            "gross_margin_4q_avg": 77.64,
            "net_income": 97433,
            "net_income_4q": null,
            "revenue": 535132,
            "revenue_4q": null,
            "common_shares": 3583125,
            "book_valuer_per_share": 15.7,
            "book_valuer_per_share_4q_avg": 16.11,
            "equity": 5625581,
            "current_ratio": 20.05,
            "debt_ratio": 43.96,
            "inventory_turnover_ratio": 11.51,
            "account_receivable_turnover_ratio": null,
            "reinvestment_rate": null,
            "research_to_sale_ratio": null,
            "price_fair": 0,
            "eps_avg_yearly": 0,
            "eps_latest_yearly": 0,
            "eps_growth_yearly": 0
        },
        "20022": {
            "year_quarter": 20022,
            "year": 2002,
            "quarter": 2,
            "eps": 0.01,
            "eps_growth_year": null,
            "eps_4q": -0.01,
            "eps_4q_growth_year": null,
            "roe": 0.09,
            "roe_4q": -0.040000000000000036,
            "gross_profit": 395608,
            "gross_margin": 77.64,
            "gross_margin_4q_avg": 77.48,
            "net_income": 4814,
            "net_income_4q": null,
            "revenue": 509528,
            "revenue_4q": null,
            "common_shares": 3583125,
            "book_valuer_per_share": 15.87,
            "book_valuer_per_share_4q_avg": 15.97,
            "equity": 5686978,
            "current_ratio": 25.35,
            "debt_ratio": 43.75,
            "inventory_turnover_ratio": 11.3,
            "account_receivable_turnover_ratio": null,
            "reinvestment_rate": null,
            "research_to_sale_ratio": null,
            "price_fair": 0.12,
            "eps_avg_yearly": 0.04,
            "eps_latest_yearly": 0.04,
            "eps_growth_yearly": -387.1
        },
        "20023": {
            "year_quarter": 20023,
            "year": 2002,
            "quarter": 3,
            "eps": -0.11,
            "eps_growth_year": null,
            "eps_4q": 0.09,
            "eps_4q_growth_year": null,
            "roe": -0.65,
            "roe_4q": 0.58,
            "gross_profit": 369011,
            "gross_margin": 77.83,
            "gross_margin_4q_avg": 77.52,
            "net_income": -36405,
            "net_income_4q": null,
            "revenue": 474114,
            "revenue_4q": null,
            "common_shares": 3583125,
            "book_valuer_per_share": 15.63,
            "book_valuer_per_share_4q_avg": 15.83,
            "equity": 5598784,
            "current_ratio": 32.25,
            "debt_ratio": 43.56,
            "inventory_turnover_ratio": 10.27,
            "account_receivable_turnover_ratio": null,
            "reinvestment_rate": null,
            "research_to_sale_ratio": null,
            "price_fair": 0.12,
            "eps_avg_yearly": 0.04,
            "eps_latest_yearly": 0.04,
            "eps_growth_yearly": -387.1
        },
        "20024": {
            "year_quarter": 20024,
            "year": 2002,
            "quarter": 4,
            "eps": 0.01,
            "eps_growth_year": null,
            "eps_4q": 0.21,
            "eps_4q_growth_year": null,
            "roe": 0.07,
            "roe_4q": 1.2199999999999998,
            "gross_profit": 428886,
            "gross_margin": 77.74,
            "gross_margin_4q_avg": 77.53,
            "net_income": 3967,
            "net_income_4q": null,
            "revenue": 551687,
            "revenue_4q": null,
            "common_shares": 3583125,
            "book_valuer_per_share": 15.93,
            "book_valuer_per_share_4q_avg": 15.78,
            "equity": 5707615,
            "current_ratio": 41.24,
            "debt_ratio": 43.03,
            "inventory_turnover_ratio": 10.71,
            "account_receivable_turnover_ratio": null,
            "reinvestment_rate": null,
            "research_to_sale_ratio": null,
            "price_fair": 0.12,
            "eps_avg_yearly": 0.04,
            "eps_latest_yearly": 0.04,
            "eps_growth_yearly": -387.1
        },
        "20031": {
            "year_quarter": 20031,
            "year": 2003,
            "quarter": 1,
            "eps": 0.09,
            "eps_growth_year": -70.97,
            "eps_4q": 0.01,
            "eps_4q_growth_year": null,
            "roe": 0.52,
            "roe_4q": 0.030000000000000054,
            "gross_profit": 419263,
            "gross_margin": 76.53,
            "gross_margin_4q_avg": 77.44,
            "net_income": 29730,
            "net_income_4q": null,
            "revenue": 547861,
            "revenue_4q": null,
            "common_shares": 3583125,
            "book_valuer_per_share": 16.03,
            "book_valuer_per_share_4q_avg": 15.87,
            "equity": 5745079,
            "current_ratio": 39.9,
            "debt_ratio": 42.13,
            "inventory_turnover_ratio": 11.74,
            "account_receivable_turnover_ratio": null,
            "reinvestment_rate": null,
            "research_to_sale_ratio": null,
            "price_fair": 7,
            "eps_avg_yearly": 0.2,
            "eps_latest_yearly": 0.36,
            "eps_growth_yearly": 1406.45
        },
        "20032": {
            "year_quarter": 20032,
            "year": 2003,
            "quarter": 2,
            "eps": -0.34,
            "eps_growth_year": -3500,
            "eps_4q": -0.33,
            "eps_4q_growth_year": null,
            "roe": -2,
            "roe_4q": -2.06,
            "gross_profit": 211739,
            "gross_margin": 72.02,
            "gross_margin_4q_avg": 76.03,
            "net_income": -114129,
            "net_income_4q": null,
            "revenue": 293984,
            "revenue_4q": null,
            "common_shares": 3583125,
            "book_valuer_per_share": 15.74,
            "book_valuer_per_share_4q_avg": 15.83,
            "equity": 5641349,
            "current_ratio": 34.6,
            "debt_ratio": 42.8,
            "inventory_turnover_ratio": 8.85,
            "account_receivable_turnover_ratio": null,
            "reinvestment_rate": null,
            "research_to_sale_ratio": null,
            "price_fair": 7,
            "eps_avg_yearly": 0.2,
            "eps_latest_yearly": 0.36,
            "eps_growth_yearly": 1406.45
        },
        "20033": {
            "year_quarter": 20033,
            "year": 2003,
            "quarter": 3,
            "eps": 0.06,
            "eps_growth_year": null,
            "eps_4q": -0.19,
            "eps_4q_growth_year": -308.67,
            "roe": 0.34,
            "roe_4q": -1.0699999999999998,
            "gross_profit": 374509,
            "gross_margin": 76.66,
            "gross_margin_4q_avg": 75.74,
            "net_income": 19261,
            "net_income_4q": null,
            "revenue": 488508,
            "revenue_4q": null,
            "common_shares": 3583125,
            "book_valuer_per_share": 15.9,
            "book_valuer_per_share_4q_avg": 15.9,
            "equity": 5698907,
            "current_ratio": 32.18,
            "debt_ratio": 42.24,
            "inventory_turnover_ratio": 12.36,
            "account_receivable_turnover_ratio": null,
            "reinvestment_rate": null,
            "research_to_sale_ratio": null,
            "price_fair": 7,
            "eps_avg_yearly": 0.2,
            "eps_latest_yearly": 0.36,
            "eps_growth_yearly": 1406.45
        },
        "20034": {
            "year_quarter": 20034,
            "year": 2003,
            "quarter": 4,
            "eps": 0.17,
            "eps_growth_year": 1600,
            "eps_4q": -0.02,
            "eps_4q_growth_year": -107.36,
            "roe": 1.04,
            "roe_4q": -0.09999999999999987,
            "gross_profit": 457891,
            "gross_margin": 77.59,
            "gross_margin_4q_avg": 75.7,
            "net_income": 59706,
            "net_income_4q": null,
            "revenue": 590111,
            "revenue_4q": null,
            "common_shares": 3583125,
            "book_valuer_per_share": 16.08,
            "book_valuer_per_share_4q_avg": 15.94,
            "equity": 5762854,
            "current_ratio": 40.32,
            "debt_ratio": 43.82,
            "inventory_turnover_ratio": 12.78,
            "account_receivable_turnover_ratio": null,
            "reinvestment_rate": null,
            "research_to_sale_ratio": null,
            "price_fair": 12.6,
            "eps_avg_yearly": 0.36,
            "eps_latest_yearly": 0.68,
            "eps_growth_yearly": 1182.08
        },
        "20041": {
            "year_quarter": 20041,
            "year": 2004,
            "quarter": 1,
            "eps": 0.37,
            "eps_growth_year": 311.11,
            "eps_4q": 0.27,
            "eps_4q_growth_year": 4082.87,
            "roe": 2.11,
            "roe_4q": 1.4899999999999998,
            "gross_profit": 445144,
            "gross_margin": 77.21,
            "gross_margin_4q_avg": 75.87,
            "net_income": 125892,
            "net_income_4q": null,
            "revenue": 576526,
            "revenue_4q": null,
            "common_shares": 3583125,
            "book_valuer_per_share": 17.28,
            "book_valuer_per_share_4q_avg": 16.25,
            "equity": 6191244,
            "current_ratio": 50.02,
            "debt_ratio": 42.28,
            "inventory_turnover_ratio": 12.83,
            "account_receivable_turnover_ratio": null,
            "reinvestment_rate": null,
            "research_to_sale_ratio": null,
            "price_fair": 22.4,
            "eps_avg_yearly": 0.64,
            "eps_latest_yearly": 1.48,
            "eps_growth_yearly": 1004.21
        },
        "20042": {
            "year_quarter": 20042,
            "year": 2004,
            "quarter": 2,
            "eps": 0.1,
            "eps_growth_year": null,
            "eps_4q": 0.69,
            "eps_4q_growth_year": null,
            "roe": 0.55,
            "roe_4q": 4.04,
            "gross_profit": 415999,
            "gross_margin": 78.71,
            "gross_margin_4q_avg": 77.54,
            "net_income": 34595,
            "net_income_4q": null,
            "revenue": 528534,
            "revenue_4q": null,
            "common_shares": 3583125,
            "book_valuer_per_share": 17.91,
            "book_valuer_per_share_4q_avg": 16.79,
            "equity": 6415787,
            "current_ratio": 61.79,
            "debt_ratio": 42.81,
            "inventory_turnover_ratio": 12.02,
            "account_receivable_turnover_ratio": null,
            "reinvestment_rate": null,
            "research_to_sale_ratio": null,
            "price_fair": 20.72,
            "eps_avg_yearly": 0.59,
            "eps_latest_yearly": 0.4,
            "eps_growth_yearly": 744.99
        },
        "20043": {
            "year_quarter": 20043,
            "year": 2004,
            "quarter": 3,
            "eps": 0.13,
            "eps_growth_year": 116.67,
            "eps_4q": 0.74,
            "eps_4q_growth_year": null,
            "roe": 0.73,
            "roe_4q": 4.43,
            "gross_profit": 418229,
            "gross_margin": 77.42,
            "gross_margin_4q_avg": 77.73,
            "net_income": 47199,
            "net_income_4q": null,
            "revenue": 540205,
            "revenue_4q": null,
            "common_shares": 3583125,
            "book_valuer_per_share": 18.09,
            "book_valuer_per_share_4q_avg": 17.34,
            "equity": 6480694,
            "current_ratio": 60.12,
            "debt_ratio": 41.07,
            "inventory_turnover_ratio": 12.59,
            "account_receivable_turnover_ratio": null,
            "reinvestment_rate": 3573.32,
            "research_to_sale_ratio": null,
            "price_fair": 20.3,
            "eps_avg_yearly": 0.58,
            "eps_latest_yearly": 0.52,
            "eps_growth_yearly": 640.82
        },
        "20044": {
            "year_quarter": 20044,
            "year": 2004,
            "quarter": 4,
            "eps": -0.14,
            "eps_growth_year": -182.35,
            "eps_4q": 0.45,
            "eps_4q_growth_year": null,
            "roe": -0.78,
            "roe_4q": 2.61,
            "gross_profit": 486133,
            "gross_margin": 78.73,
            "gross_margin_4q_avg": 78.02,
            "net_income": -50306,
            "net_income_4q": null,
            "revenue": 617435,
            "revenue_4q": null,
            "common_shares": 3583125,
            "book_valuer_per_share": 17.93,
            "book_valuer_per_share_4q_avg": 17.8,
            "equity": 6425214,
            "current_ratio": 91.74,
            "debt_ratio": 39.23,
            "inventory_turnover_ratio": 12.46,
            "account_receivable_turnover_ratio": null,
            "reinvestment_rate": null,
            "research_to_sale_ratio": null,
            "price_fair": 20.3,
            "eps_avg_yearly": 0.58,
            "eps_latest_yearly": 0.52,
            "eps_growth_yearly": 640.82
        },
        "20051": {
            "year_quarter": 20051,
            "year": 2005,
            "quarter": 1,
            "eps": 0.4,
            "eps_growth_year": 8.11,
            "eps_4q": 0.49,
            "eps_4q_growth_year": 83.04,
            "roe": 2.18,
            "roe_4q": 2.6799999999999997,
            "gross_profit": 524124,
            "gross_margin": 77.6,
            "gross_margin_4q_avg": 78.12,
            "net_income": 142976,
            "net_income_4q": null,
            "revenue": 675446,
            "revenue_4q": null,
            "common_shares": 3583125,
            "book_valuer_per_share": 18.6,
            "book_valuer_per_share_4q_avg": 18.13,
            "equity": 6665490,
            "current_ratio": 92.5,
            "debt_ratio": 39.17,
            "inventory_turnover_ratio": 14.13,
            "account_receivable_turnover_ratio": null,
            "reinvestment_rate": -886.14,
            "research_to_sale_ratio": null,
            "price_fair": 20.3,
            "eps_avg_yearly": 0.58,
            "eps_latest_yearly": 0.52,
            "eps_growth_yearly": 640.82
        },
        "20052": {
            "year_quarter": 20052,
            "year": 2005,
            "quarter": 2,
            "eps": 0.27,
            "eps_growth_year": 170,
            "eps_4q": 0.67,
            "eps_4q_growth_year": -3.63,
            "roe": 1.42,
            "roe_4q": 3.5500000000000003,
            "gross_profit": 499508,
            "gross_margin": 78.54,
            "gross_margin_4q_avg": 78.07,
            "net_income": 95114,
            "net_income_4q": null,
            "revenue": 636019,
            "revenue_4q": null,
            "common_shares": 3583125,
            "book_valuer_per_share": 18.8,
            "book_valuer_per_share_4q_avg": 18.36,
            "equity": 6735020,
            "current_ratio": 76.69,
            "debt_ratio": 36.42,
            "inventory_turnover_ratio": 12.28,
            "account_receivable_turnover_ratio": null,
            "reinvestment_rate": -227.58,
            "research_to_sale_ratio": null,
            "price_fair": 22.8,
            "eps_avg_yearly": 0.65,
            "eps_latest_yearly": 1.08,
            "eps_growth_yearly": 530.7
        },
        "20053": {
            "year_quarter": 20053,
            "year": 2005,
            "quarter": 3,
            "eps": 0.25,
            "eps_growth_year": 92.31,
            "eps_4q": 0.77,
            "eps_4q_growth_year": 4.06,
            "roe": 1.34,
            "roe_4q": 4.159999999999999,
            "gross_profit": 455147,
            "gross_margin": 75.93,
            "gross_margin_4q_avg": 77.7,
            "net_income": 90908,
            "net_income_4q": null,
            "revenue": 599450,
            "revenue_4q": null,
            "common_shares": 3583125,
            "book_valuer_per_share": 19.1,
            "book_valuer_per_share_4q_avg": 18.61,
            "equity": 6842387,
            "current_ratio": 100.49,
            "debt_ratio": 36.76,
            "inventory_turnover_ratio": 11.68,
            "account_receivable_turnover_ratio": null,
            "reinvestment_rate": -187.14,
            "research_to_sale_ratio": null,
            "price_fair": 24.33,
            "eps_avg_yearly": 0.7,
            "eps_latest_yearly": 1,
            "eps_growth_yearly": 460.66
        },
        "20054": {
            "year_quarter": 20054,
            "year": 2005,
            "quarter": 4,
            "eps": 0.22,
            "eps_growth_year": null,
            "eps_4q": 1.14,
            "eps_4q_growth_year": 152.65,
            "roe": 1.15,
            "roe_4q": 6.09,
            "gross_profit": 532204,
            "gross_margin": 78,
            "gross_margin_4q_avg": 77.52,
            "net_income": 78938,
            "net_income_4q": null,
            "revenue": 682345,
            "revenue_4q": null,
            "common_shares": 3583125,
            "book_valuer_per_share": 19.18,
            "book_valuer_per_share_4q_avg": 18.92,
            "equity": 6878750,
            "current_ratio": 231.68,
            "debt_ratio": 35.74,
            "inventory_turnover_ratio": 10.49,
            "account_receivable_turnover_ratio": null,
            "reinvestment_rate": -159.45,
            "research_to_sale_ratio": null,
            "price_fair": 25.04,
            "eps_avg_yearly": 0.72,
            "eps_latest_yearly": 0.88,
            "eps_growth_yearly": 404.14
        },
        "20061": {
            "year_quarter": 20061,
            "year": 2006,
            "quarter": 1,
            "eps": 0.24,
            "eps_growth_year": -40,
            "eps_4q": 0.96,
            "eps_4q_growth_year": 97.62,
            "roe": 1.27,
            "roe_4q": 5.18,
            "gross_profit": 527060,
            "gross_margin": 77.31,
            "gross_margin_4q_avg": 77.45,
            "net_income": 87760,
            "net_income_4q": null,
            "revenue": 681712,
            "revenue_4q": null,
            "common_shares": 3583125,
            "book_valuer_per_share": 19.51,
            "book_valuer_per_share_4q_avg": 19.15,
            "equity": 6989286,
            "current_ratio": 64.62,
            "debt_ratio": 34.53,
            "inventory_turnover_ratio": 11.83,
            "account_receivable_turnover_ratio": null,
            "reinvestment_rate": -163.69,
            "research_to_sale_ratio": null,
            "price_fair": 25.9,
            "eps_avg_yearly": 0.74,
            "eps_latest_yearly": 0.96,
            "eps_growth_yearly": 367.37
        },
        "20062": {
            "year_quarter": 20062,
            "year": 2006,
            "quarter": 2,
            "eps": 0.28,
            "eps_growth_year": 3.7,
            "eps_4q": 1,
            "eps_4q_growth_year": 49.62,
            "roe": 1.4,
            "roe_4q": 5.16,
            "gross_profit": 477601,
            "gross_margin": 78.45,
            "gross_margin_4q_avg": 77.42,
            "net_income": 100458,
            "net_income_4q": null,
            "revenue": 608810,
            "revenue_4q": null,
            "common_shares": 3583125,
            "book_valuer_per_share": 20.5,
            "book_valuer_per_share_4q_avg": 19.57,
            "equity": 7346237,
            "current_ratio": 39.9,
            "debt_ratio": 34.62,
            "inventory_turnover_ratio": 12.02,
            "account_receivable_turnover_ratio": null,
            "reinvestment_rate": -145.49,
            "research_to_sale_ratio": null,
            "price_fair": 29.68,
            "eps_avg_yearly": 0.85,
            "eps_latest_yearly": 1.12,
            "eps_growth_yearly": 412.74
        },
        "20063": {
            "year_quarter": 20063,
            "year": 2006,
            "quarter": 3,
            "eps": 0.21,
            "eps_growth_year": -16,
            "eps_4q": 0.96,
            "eps_4q_growth_year": 25.52,
            "roe": 1.02,
            "roe_4q": 4.84,
            "gross_profit": 424392,
            "gross_margin": 79.33,
            "gross_margin_4q_avg": 78.27,
            "net_income": 74603,
            "net_income_4q": null,
            "revenue": 535002,
            "revenue_4q": null,
            "common_shares": 3583125,
            "book_valuer_per_share": 20.22,
            "book_valuer_per_share_4q_avg": 19.85,
            "equity": 7243745,
            "current_ratio": 34.36,
            "debt_ratio": 33.83,
            "inventory_turnover_ratio": 10.22,
            "account_receivable_turnover_ratio": null,
            "reinvestment_rate": -121.97,
            "research_to_sale_ratio": null,
            "price_fair": 29.65,
            "eps_avg_yearly": 0.85,
            "eps_latest_yearly": 0.84,
            "eps_growth_yearly": 366.13
        },
        "20064": {
            "year_quarter": 20064,
            "year": 2006,
            "quarter": 4,
            "eps": 0.33,
            "eps_growth_year": 50,
            "eps_4q": 1.07,
            "eps_4q_growth_year": -5.87,
            "roe": 1.58,
            "roe_4q": 5.27,
            "gross_profit": 547863,
            "gross_margin": 76.38,
            "gross_margin_4q_avg": 77.87,
            "net_income": 117168,
            "net_income_4q": null,
            "revenue": 717250,
            "revenue_4q": null,
            "common_shares": 3583125,
            "book_valuer_per_share": 21.22,
            "book_valuer_per_share_4q_avg": 20.36,
            "equity": 7611460,
            "current_ratio": 175.01,
            "debt_ratio": 32.87,
            "inventory_turnover_ratio": 15.92,
            "account_receivable_turnover_ratio": null,
            "reinvestment_rate": -106.06,
            "research_to_sale_ratio": null,
            "price_fair": 31.03,
            "eps_avg_yearly": 0.89,
            "eps_latest_yearly": 1.32,
            "eps_growth_yearly": 354.67
        },
        "20071": {
            "year_quarter": 20071,
            "year": 2007,
            "quarter": 1,
            "eps": 0.22,
            "eps_growth_year": -8.33,
            "eps_4q": 1.04,
            "eps_4q_growth_year": 7.76,
            "roe": 1.04,
            "roe_4q": 5.04,
            "gross_profit": 531310,
            "gross_margin": 77.4,
            "gross_margin_4q_avg": 77.89,
            "net_income": 78456,
            "net_income_4q": null,
            "revenue": 686457,
            "revenue_4q": null,
            "common_shares": 3583125,
            "book_valuer_per_share": 20.94,
            "book_valuer_per_share_4q_avg": 20.72,
            "equity": 7501275,
            "current_ratio": 58.37,
            "debt_ratio": 32.2,
            "inventory_turnover_ratio": 13.68,
            "account_receivable_turnover_ratio": null,
            "reinvestment_rate": -103.65,
            "research_to_sale_ratio": null,
            "price_fair": 32.55,
            "eps_avg_yearly": 0.93,
            "eps_latest_yearly": 0.88,
            "eps_growth_yearly": 76.89
        },
        "20072": {
            "year_quarter": 20072,
            "year": 2007,
            "quarter": 2,
            "eps": 0.26,
            "eps_growth_year": -7.14,
            "eps_4q": 1,
            "eps_4q_growth_year": 0.61,
            "roe": 1.28,
            "roe_4q": 4.92,
            "gross_profit": 415131,
            "gross_margin": 62.54,
            "gross_margin_4q_avg": 73.91,
            "net_income": 94421,
            "net_income_4q": null,
            "revenue": 663737,
            "revenue_4q": null,
            "common_shares": 3583125,
            "book_valuer_per_share": 20.2,
            "book_valuer_per_share_4q_avg": 20.65,
            "equity": 7236979,
            "current_ratio": 42.26,
            "debt_ratio": 34.42,
            "inventory_turnover_ratio": 21.04,
            "account_receivable_turnover_ratio": null,
            "reinvestment_rate": -83.97,
            "research_to_sale_ratio": null,
            "price_fair": 32.85,
            "eps_avg_yearly": 0.94,
            "eps_latest_yearly": 1.04,
            "eps_growth_yearly": 76.57
        },
        "20073": {
            "year_quarter": 20073,
            "year": 2007,
            "quarter": 3,
            "eps": 0.3,
            "eps_growth_year": 42.86,
            "eps_4q": 1.1,
            "eps_4q_growth_year": 14.57,
            "roe": 1.48,
            "roe_4q": 5.38,
            "gross_profit": 428324,
            "gross_margin": 67.88,
            "gross_margin_4q_avg": 71.05,
            "net_income": 108477,
            "net_income_4q": null,
            "revenue": 630978,
            "revenue_4q": null,
            "common_shares": 3583125,
            "book_valuer_per_share": 20.81,
            "book_valuer_per_share_4q_avg": 20.79,
            "equity": 7455215,
            "current_ratio": 36.92,
            "debt_ratio": 33.14,
            "inventory_turnover_ratio": 16.11,
            "account_receivable_turnover_ratio": null,
            "reinvestment_rate": -75.35,
            "research_to_sale_ratio": null,
            "price_fair": 33.5,
            "eps_avg_yearly": 0.96,
            "eps_latest_yearly": 1.2,
            "eps_growth_yearly": 75.5
        },
        "20074": {
            "year_quarter": 20074,
            "year": 2007,
            "quarter": 4,
            "eps": 0.16,
            "eps_growth_year": -51.52,
            "eps_4q": 0.95,
            "eps_4q_growth_year": -10.89,
            "roe": 0.76,
            "roe_4q": 4.5600000000000005,
            "gross_profit": 498212,
            "gross_margin": 70.5,
            "gross_margin_4q_avg": 69.58,
            "net_income": 56720,
            "net_income_4q": null,
            "revenue": 706688,
            "revenue_4q": null,
            "common_shares": 3583125,
            "book_valuer_per_share": 20.75,
            "book_valuer_per_share_4q_avg": 20.68,
            "equity": 7442199,
            "current_ratio": 186.29,
            "debt_ratio": 32.98,
            "inventory_turnover_ratio": 13.52,
            "account_receivable_turnover_ratio": null,
            "reinvestment_rate": -69.5,
            "research_to_sale_ratio": null,
            "price_fair": 18.88,
            "eps_avg_yearly": 0.95,
            "eps_latest_yearly": 0.64,
            "eps_growth_yearly": 9.78
        },
        "20081": {
            "year_quarter": 20081,
            "year": 2008,
            "quarter": 1,
            "eps": 0.2,
            "eps_growth_year": -9.09,
            "eps_4q": 0.91,
            "eps_4q_growth_year": -12.68,
            "roe": 0.96,
            "roe_4q": 4.48,
            "gross_profit": 501617,
            "gross_margin": 68.92,
            "gross_margin_4q_avg": 67.46,
            "net_income": 73335,
            "net_income_4q": null,
            "revenue": 727840,
            "revenue_4q": null,
            "common_shares": 3583125,
            "book_valuer_per_share": 21.91,
            "book_valuer_per_share_4q_avg": 20.92,
            "equity": 7860090,
            "current_ratio": 211.99,
            "debt_ratio": 30.31,
            "inventory_turnover_ratio": 13.95,
            "account_receivable_turnover_ratio": null,
            "reinvestment_rate": -73.95,
            "research_to_sale_ratio": null,
            "price_fair": 2.72,
            "eps_avg_yearly": 0.91,
            "eps_latest_yearly": 0.8,
            "eps_growth_yearly": -16.69
        },
        "20082": {
            "year_quarter": 20082,
            "year": 2008,
            "quarter": 2,
            "eps": 0.35,
            "eps_growth_year": 34.62,
            "eps_4q": 1.01,
            "eps_4q_growth_year": 0.96,
            "roe": 1.61,
            "roe_4q": 4.8100000000000005,
            "gross_profit": 486538,
            "gross_margin": 70.39,
            "gross_margin_4q_avg": 69.42,
            "net_income": 125835,
            "net_income_4q": null,
            "revenue": 691244,
            "revenue_4q": null,
            "common_shares": 3668758,
            "book_valuer_per_share": 21.21,
            "book_valuer_per_share_4q_avg": 21.17,
            "equity": 7790500,
            "current_ratio": 120.1,
            "debt_ratio": 28.63,
            "inventory_turnover_ratio": 12.93,
            "account_receivable_turnover_ratio": null,
            "reinvestment_rate": -66.89,
            "research_to_sale_ratio": null,
            "price_fair": 34.2,
            "eps_avg_yearly": 0.98,
            "eps_latest_yearly": 1.4,
            "eps_growth_yearly": 25.59
        },
        "20083": {
            "year_quarter": 20083,
            "year": 2008,
            "quarter": 3,
            "eps": 0.26,
            "eps_growth_year": -13.33,
            "eps_4q": 0.96,
            "eps_4q_growth_year": -13.08,
            "roe": 1.25,
            "roe_4q": 4.58,
            "gross_profit": 411290,
            "gross_margin": 67.12,
            "gross_margin_4q_avg": 69.23,
            "net_income": 95421,
            "net_income_4q": null,
            "revenue": 612740,
            "revenue_4q": null,
            "common_shares": 3668758,
            "book_valuer_per_share": 20.46,
            "book_valuer_per_share_4q_avg": 21.08,
            "equity": 7514669,
            "current_ratio": 105.62,
            "debt_ratio": 29.25,
            "inventory_turnover_ratio": 11.01,
            "account_receivable_turnover_ratio": null,
            "reinvestment_rate": -60.85,
            "research_to_sale_ratio": null,
            "price_fair": 19.95,
            "eps_avg_yearly": 1.01,
            "eps_latest_yearly": 1.04,
            "eps_growth_yearly": 9.67
        },
        "20084": {
            "year_quarter": 20084,
            "year": 2008,
            "quarter": 4,
            "eps": 0.02,
            "eps_growth_year": -87.5,
            "eps_4q": 0.75,
            "eps_4q_growth_year": -21.67,
            "roe": 0.11,
            "roe_4q": 3.93,
            "gross_profit": -204272,
            "gross_margin": -29.61,
            "gross_margin_4q_avg": 44.21,
            "net_income": 8113,
            "net_income_4q": null,
            "revenue": 689937,
            "revenue_4q": null,
            "common_shares": 3668758,
            "book_valuer_per_share": 20.83,
            "book_valuer_per_share_4q_avg": 21.1,
            "equity": 7650077,
            "current_ratio": 199.55,
            "debt_ratio": 29.95,
            "inventory_turnover_ratio": 46,
            "account_receivable_turnover_ratio": 11.52,
            "reinvestment_rate": -45.28,
            "research_to_sale_ratio": null,
            "price_fair": 2.86,
            "eps_avg_yearly": 0.95,
            "eps_latest_yearly": 0.08,
            "eps_growth_yearly": -15.59
        },
        "20091": {
            "year_quarter": 20091,
            "year": 2009,
            "quarter": 1,
            "eps": 0.02,
            "eps_growth_year": -90,
            "eps_4q": 0.71,
            "eps_4q_growth_year": -21.43,
            "roe": 0.09,
            "roe_4q": 3.06,
            "gross_profit": 238172,
            "gross_margin": 39.47,
            "gross_margin_4q_avg": 36.84,
            "net_income": 6631,
            "net_income_4q": null,
            "revenue": 603447,
            "revenue_4q": null,
            "common_shares": 3668758,
            "book_valuer_per_share": 20.9,
            "book_valuer_per_share_4q_avg": 20.85,
            "equity": 7673939,
            "current_ratio": 194.39,
            "debt_ratio": 30.71,
            "inventory_turnover_ratio": 22.25,
            "account_receivable_turnover_ratio": 5.76,
            "reinvestment_rate": -46.57,
            "research_to_sale_ratio": null,
            "price_fair": 2.69,
            "eps_avg_yearly": 0.9,
            "eps_latest_yearly": 0.08,
            "eps_growth_yearly": -14.62
        },
        "20092": {
            "year_quarter": 20092,
            "year": 2009,
            "quarter": 2,
            "eps": 0.1,
            "eps_growth_year": -71.43,
            "eps_4q": 0.39,
            "eps_4q_growth_year": -61.86,
            "roe": 0.49,
            "roe_4q": 1.94,
            "gross_profit": 208087,
            "gross_margin": 37.34,
            "gross_margin_4q_avg": 28.58,
            "net_income": 38453,
            "net_income_4q": null,
            "revenue": 557326,
            "revenue_4q": null,
            "common_shares": 3668758,
            "book_valuer_per_share": 21.51,
            "book_valuer_per_share_4q_avg": 20.93,
            "equity": 7902385,
            "current_ratio": 158.47,
            "debt_ratio": 30.66,
            "inventory_turnover_ratio": 24.58,
            "account_receivable_turnover_ratio": 6.19,
            "reinvestment_rate": -47.49,
            "research_to_sale_ratio": null,
            "price_fair": 29.93,
            "eps_avg_yearly": 0.86,
            "eps_latest_yearly": 0.4,
            "eps_growth_yearly": 93.51
        },
        "20093": {
            "year_quarter": 20093,
            "year": 2009,
            "quarter": 3,
            "eps": 0.24,
            "eps_growth_year": -7.69,
            "eps_4q": 0.38,
            "eps_4q_growth_year": -59.92,
            "roe": 1.09,
            "roe_4q": 1.7800000000000002,
            "gross_profit": 240247,
            "gross_margin": 40.99,
            "gross_margin_4q_avg": 22.05,
            "net_income": 88507,
            "net_income_4q": null,
            "revenue": 586057,
            "revenue_4q": null,
            "common_shares": 3668758,
            "book_valuer_per_share": 22.65,
            "book_valuer_per_share_4q_avg": 21.47,
            "equity": 8320642,
            "current_ratio": 176.25,
            "debt_ratio": 28.85,
            "inventory_turnover_ratio": 23.07,
            "account_receivable_turnover_ratio": 5.88,
            "reinvestment_rate": -47.2,
            "research_to_sale_ratio": null,
            "price_fair": 29.84,
            "eps_avg_yearly": 0.85,
            "eps_latest_yearly": 0.96,
            "eps_growth_yearly": 130.36
        },
        "20094": {
            "year_quarter": 20094,
            "year": 2009,
            "quarter": 4,
            "eps": 0.14,
            "eps_growth_year": 600,
            "eps_4q": 0.5,
            "eps_4q_growth_year": -33.19,
            "roe": 0.59,
            "roe_4q": 2.26,
            "gross_profit": 303851,
            "gross_margin": 44.56,
            "gross_margin_4q_avg": 40.59,
            "net_income": 49593,
            "net_income_4q": null,
            "revenue": 681824,
            "revenue_4q": null,
            "common_shares": 3668758,
            "book_valuer_per_share": 23.08,
            "book_valuer_per_share_4q_avg": 22.04,
            "equity": 8478430,
            "current_ratio": 187.17,
            "debt_ratio": 27.48,
            "inventory_turnover_ratio": 21.86,
            "account_receivable_turnover_ratio": 12.1,
            "reinvestment_rate": 75.74,
            "research_to_sale_ratio": null,
            "price_fair": 29.14,
            "eps_avg_yearly": 0.83,
            "eps_latest_yearly": 0.56,
            "eps_growth_yearly": 122.94
        },
        "20101": {
            "year_quarter": 20101,
            "year": 2010,
            "quarter": 1,
            "eps": 0.29,
            "eps_growth_year": 1350,
            "eps_4q": 0.77,
            "eps_4q_growth_year": 7.98,
            "roe": 1.26,
            "roe_4q": 3.4300000000000006,
            "gross_profit": 311563,
            "gross_margin": 45.05,
            "gross_margin_4q_avg": 41.99,
            "net_income": 106004,
            "net_income_4q": null,
            "revenue": 691613,
            "revenue_4q": null,
            "common_shares": 3668758,
            "book_valuer_per_share": 22.64,
            "book_valuer_per_share_4q_avg": 22.47,
            "equity": 8316176,
            "current_ratio": 161.33,
            "debt_ratio": 27.92,
            "inventory_turnover_ratio": 17.75,
            "account_receivable_turnover_ratio": 6.86,
            "reinvestment_rate": 83.25,
            "research_to_sale_ratio": null,
            "price_fair": 29.58,
            "eps_avg_yearly": 0.85,
            "eps_latest_yearly": 1.16,
            "eps_growth_yearly": 147.46
        },
        "20102": {
            "year_quarter": 20102,
            "year": 2010,
            "quarter": 2,
            "eps": 0.07,
            "eps_growth_year": -32.94,
            "eps_4q": 0.73,
            "eps_4q_growth_year": 89.46,
            "roe": 0.3,
            "roe_4q": 3.24,
            "gross_profit": 262198,
            "gross_margin": 42.01,
            "gross_margin_4q_avg": 43.15,
            "net_income": 24592,
            "net_income_4q": null,
            "revenue": 624111,
            "revenue_4q": null,
            "common_shares": 3668758,
            "book_valuer_per_share": 21.87,
            "book_valuer_per_share_4q_avg": 22.56,
            "equity": 8036389,
            "current_ratio": 151.31,
            "debt_ratio": 28.77,
            "inventory_turnover_ratio": 14.72,
            "account_receivable_turnover_ratio": 6.78,
            "reinvestment_rate": 81.91,
            "research_to_sale_ratio": null,
            "price_fair": 27.74,
            "eps_avg_yearly": 0.79,
            "eps_latest_yearly": 0.28,
            "eps_growth_yearly": 124.33
        },
        "20103": {
            "year_quarter": 20103,
            "year": 2010,
            "quarter": 3,
            "eps": 0.08,
            "eps_growth_year": -68.22,
            "eps_4q": 0.57,
            "eps_4q_growth_year": 47.84,
            "roe": 0.35,
            "roe_4q": 2.5,
            "gross_profit": 249085,
            "gross_margin": 40.16,
            "gross_margin_4q_avg": 42.95,
            "net_income": 27970,
            "net_income_4q": null,
            "revenue": 620217,
            "revenue_4q": null,
            "common_shares": 3668758,
            "book_valuer_per_share": 22.14,
            "book_valuer_per_share_4q_avg": 22.43,
            "equity": 8134579,
            "current_ratio": 147.48,
            "debt_ratio": 29.08,
            "inventory_turnover_ratio": 13.23,
            "account_receivable_turnover_ratio": 5.96,
            "reinvestment_rate": 95.57,
            "research_to_sale_ratio": null,
            "price_fair": 26.6,
            "eps_avg_yearly": 0.76,
            "eps_latest_yearly": 0.32,
            "eps_growth_yearly": 134.15
        },
        "20104": {
            "year_quarter": 20104,
            "year": 2010,
            "quarter": 4,
            "eps": 0.25,
            "eps_growth_year": 79.82,
            "eps_4q": 0.68,
            "eps_4q_growth_year": 37.08,
            "roe": 1.09,
            "roe_4q": 3,
            "gross_profit": 300320,
            "gross_margin": 42.39,
            "gross_margin_4q_avg": 42.4,
            "net_income": 91792,
            "net_income_4q": null,
            "revenue": 708472,
            "revenue_4q": null,
            "common_shares": 3669234,
            "book_valuer_per_share": 23.4,
            "book_valuer_per_share_4q_avg": 22.51,
            "equity": 8654530,
            "current_ratio": 166.99,
            "debt_ratio": 27.55,
            "inventory_turnover_ratio": 12.73,
            "account_receivable_turnover_ratio": 6.03,
            "reinvestment_rate": 118.36,
            "research_to_sale_ratio": null,
            "price_fair": 25.9,
            "eps_avg_yearly": 0.74,
            "eps_latest_yearly": 1,
            "eps_growth_yearly": 172.99
        },
        "20111": {
            "year_quarter": 20111,
            "year": 2011,
            "quarter": 1,
            "eps": 0.33,
            "eps_growth_year": 13.79,
            "eps_4q": 0.73,
            "eps_4q_growth_year": -5.69,
            "roe": 1.39,
            "roe_4q": 3.13,
            "gross_profit": 337457,
            "gross_margin": 46.43,
            "gross_margin_4q_avg": 42.75,
            "net_income": 119976,
            "net_income_4q": null,
            "revenue": 726825,
            "revenue_4q": null,
            "common_shares": 3669234,
            "book_valuer_per_share": 23.29,
            "book_valuer_per_share_4q_avg": 22.68,
            "equity": 8609387,
            "current_ratio": 173.7,
            "debt_ratio": 26.59,
            "inventory_turnover_ratio": 11.7,
            "account_receivable_turnover_ratio": 6.95,
            "reinvestment_rate": 111.5,
            "research_to_sale_ratio": null,
            "price_fair": 26.86,
            "eps_avg_yearly": 0.77,
            "eps_latest_yearly": 1.32,
            "eps_growth_yearly": 189.32
        },
        "20112": {
            "year_quarter": 20112,
            "year": 2011,
            "quarter": 2,
            "eps": 0.08,
            "eps_growth_year": 19.34,
            "eps_4q": 0.74,
            "eps_4q_growth_year": 0.89,
            "roe": 0.32,
            "roe_4q": 3.15,
            "gross_profit": 304422,
            "gross_margin": 45.32,
            "gross_margin_4q_avg": 43.58,
            "net_income": 27225,
            "net_income_4q": null,
            "revenue": 671679,
            "revenue_4q": null,
            "common_shares": 3669234,
            "book_valuer_per_share": 22.8,
            "book_valuer_per_share_4q_avg": 22.91,
            "equity": 8429666,
            "current_ratio": 216.93,
            "debt_ratio": 27.54,
            "inventory_turnover_ratio": 10.51,
            "account_receivable_turnover_ratio": 7.61,
            "reinvestment_rate": 115.19,
            "research_to_sale_ratio": null,
            "price_fair": 25.29,
            "eps_avg_yearly": 0.72,
            "eps_latest_yearly": 0.32,
            "eps_growth_yearly": 165.83
        },
        "20113": {
            "year_quarter": 20113,
            "year": 2011,
            "quarter": 3,
            "eps": 0.41,
            "eps_growth_year": 431.16,
            "eps_4q": 1.07,
            "eps_4q_growth_year": 88.14,
            "roe": 1.75,
            "roe_4q": 4.55,
            "gross_profit": 279846,
            "gross_margin": 42.54,
            "gross_margin_4q_avg": 44.17,
            "net_income": 145779,
            "net_income_4q": null,
            "revenue": 657801,
            "revenue_4q": null,
            "common_shares": 3669234,
            "book_valuer_per_share": 22.26,
            "book_valuer_per_share_4q_avg": 22.94,
            "equity": 8228402,
            "current_ratio": 203.73,
            "debt_ratio": 27.44,
            "inventory_turnover_ratio": 8.99,
            "account_receivable_turnover_ratio": 6.73,
            "reinvestment_rate": 115.39,
            "research_to_sale_ratio": null,
            "price_fair": 26.25,
            "eps_avg_yearly": 0.75,
            "eps_latest_yearly": 1.64,
            "eps_growth_yearly": 265.11
        },
        "20114": {
            "year_quarter": 20114,
            "year": 2011,
            "quarter": 4,
            "eps": 0.35,
            "eps_growth_year": 38.66,
            "eps_4q": 1.17,
            "eps_4q_growth_year": 70.35,
            "roe": 1.48,
            "roe_4q": 4.9399999999999995,
            "gross_profit": 352584,
            "gross_margin": 45.41,
            "gross_margin_4q_avg": 44.93,
            "net_income": 122687,
            "net_income_4q": null,
            "revenue": 776374,
            "revenue_4q": null,
            "common_shares": 3669234,
            "book_valuer_per_share": 22.46,
            "book_valuer_per_share_4q_avg": 22.7,
            "equity": 8295476,
            "current_ratio": 217.69,
            "debt_ratio": 27.48,
            "inventory_turnover_ratio": 9.02,
            "account_receivable_turnover_ratio": 7.01,
            "reinvestment_rate": 108.27,
            "research_to_sale_ratio": null,
            "price_fair": 27.91,
            "eps_avg_yearly": 0.8,
            "eps_latest_yearly": 1.4,
            "eps_growth_yearly": 273.12
        },
        "20121": {
            "year_quarter": 20121,
            "year": 2012,
            "quarter": 1,
            "eps": 0.2,
            "eps_growth_year": -39.39,
            "eps_4q": 1.03,
            "eps_4q_growth_year": 42.25,
            "roe": 0.82,
            "roe_4q": 4.37,
            "gross_profit": 366673,
            "gross_margin": 46.78,
            "gross_margin_4q_avg": 45.01,
            "net_income": 68484,
            "net_income_4q": null,
            "revenue": 783871,
            "revenue_4q": null,
            "common_shares": 3669234,
            "book_valuer_per_share": 22.86,
            "book_valuer_per_share_4q_avg": 22.6,
            "equity": 8439925,
            "current_ratio": 185.55,
            "debt_ratio": 27.71,
            "inventory_turnover_ratio": 9.15,
            "account_receivable_turnover_ratio": 6.94,
            "reinvestment_rate": 117.46,
            "research_to_sale_ratio": null,
            "price_fair": 27.91,
            "eps_avg_yearly": 0.8,
            "eps_latest_yearly": 0.8,
            "eps_growth_yearly": 256.16
        },
        "20122": {
            "year_quarter": 20122,
            "year": 2012,
            "quarter": 2,
            "eps": 0.15,
            "eps_growth_year": 91.69,
            "eps_4q": 1.11,
            "eps_4q_growth_year": 49.67,
            "roe": 0.66,
            "roe_4q": 4.71,
            "gross_profit": 340170,
            "gross_margin": 46.25,
            "gross_margin_4q_avg": 45.25,
            "net_income": 55721,
            "net_income_4q": null,
            "revenue": 735542,
            "revenue_4q": null,
            "common_shares": 3669234,
            "book_valuer_per_share": 23.08,
            "book_valuer_per_share_4q_avg": 22.67,
            "equity": 8517826,
            "current_ratio": 164.56,
            "debt_ratio": 28.41,
            "inventory_turnover_ratio": 8.75,
            "account_receivable_turnover_ratio": 6.29,
            "reinvestment_rate": 133.59,
            "research_to_sale_ratio": null,
            "price_fair": 26.16,
            "eps_avg_yearly": 0.75,
            "eps_latest_yearly": 0.6,
            "eps_growth_yearly": 231.16
        },
        "20123": {
            "year_quarter": 20123,
            "year": 2012,
            "quarter": 3,
            "eps": 0.23,
            "eps_growth_year": -43.5,
            "eps_4q": 0.93,
            "eps_4q_growth_year": -12.91,
            "roe": 0.96,
            "roe_4q": 3.92,
            "gross_profit": 279274,
            "gross_margin": 38.67,
            "gross_margin_4q_avg": 44.28,
            "net_income": 82332,
            "net_income_4q": null,
            "revenue": 722125,
            "revenue_4q": null,
            "common_shares": 3669234,
            "book_valuer_per_share": 23.29,
            "book_valuer_per_share_4q_avg": 22.92,
            "equity": 8594967,
            "current_ratio": 201.51,
            "debt_ratio": 27.67,
            "inventory_turnover_ratio": 8.98,
            "account_receivable_turnover_ratio": 5.62,
            "reinvestment_rate": 134.3,
            "research_to_sale_ratio": null,
            "price_fair": 25.9,
            "eps_avg_yearly": 0.74,
            "eps_latest_yearly": 0.92,
            "eps_growth_yearly": 250.92
        },
        "20124": {
            "year_quarter": 20124,
            "year": 2012,
            "quarter": 4,
            "eps": 0.19,
            "eps_growth_year": -45.61,
            "eps_4q": 0.77,
            "eps_4q_growth_year": -33.85,
            "roe": 0.81,
            "roe_4q": 3.25,
            "gross_profit": 372319,
            "gross_margin": 45.54,
            "gross_margin_4q_avg": 44.31,
            "net_income": 70071,
            "net_income_4q": null,
            "revenue": 817606,
            "revenue_4q": null,
            "common_shares": 3669234,
            "book_valuer_per_share": 23.77,
            "book_valuer_per_share_4q_avg": 23.25,
            "equity": 8769455,
            "current_ratio": 224.22,
            "debt_ratio": 26.41,
            "inventory_turnover_ratio": 7.66,
            "account_receivable_turnover_ratio": 6.45,
            "reinvestment_rate": 115.5,
            "research_to_sale_ratio": null,
            "price_fair": 27.39,
            "eps_avg_yearly": 0.78,
            "eps_latest_yearly": 0.76,
            "eps_growth_yearly": 269.65
        },
        "20131": {
            "year_quarter": 20131,
            "year": 2013,
            "quarter": 1,
            "eps": 0.26,
            "eps_growth_year": 30,
            "eps_4q": 0.83,
            "eps_4q_growth_year": -19.95,
            "roe": 1.1,
            "roe_4q": 3.5300000000000002,
            "gross_profit": 380748,
            "gross_margin": 46.16,
            "gross_margin_4q_avg": 44.16,
            "net_income": 95533,
            "net_income_4q": null,
            "revenue": 824920,
            "revenue_4q": null,
            "common_shares": 3669234,
            "book_valuer_per_share": 23.13,
            "book_valuer_per_share_4q_avg": 23.32,
            "equity": 8528946,
            "current_ratio": 229.12,
            "debt_ratio": 27.15,
            "inventory_turnover_ratio": 6.79,
            "account_receivable_turnover_ratio": 6.75,
            "reinvestment_rate": 71.34,
            "research_to_sale_ratio": null,
            "price_fair": 29.49,
            "eps_avg_yearly": 0.84,
            "eps_latest_yearly": 1.04,
            "eps_growth_yearly": 278.86
        },
        "20132": {
            "year_quarter": 20132,
            "year": 2013,
            "quarter": 2,
            "eps": 0.13,
            "eps_growth_year": -15.25,
            "eps_4q": 0.8,
            "eps_4q_growth_year": -27.53,
            "roe": 0.59,
            "roe_4q": 3.46,
            "gross_profit": 333951,
            "gross_margin": 44.95,
            "gross_margin_4q_avg": 43.83,
            "net_income": 50508,
            "net_income_4q": null,
            "revenue": 742904,
            "revenue_4q": null,
            "common_shares": 3669234,
            "book_valuer_per_share": 23.15,
            "book_valuer_per_share_4q_avg": 23.34,
            "equity": 8540653,
            "current_ratio": 334.61,
            "debt_ratio": 27.88,
            "inventory_turnover_ratio": 6.09,
            "account_receivable_turnover_ratio": 6.14,
            "reinvestment_rate": 72.1,
            "research_to_sale_ratio": null,
            "price_fair": 29.75,
            "eps_avg_yearly": 0.85,
            "eps_latest_yearly": 0.52,
            "eps_growth_yearly": 166.36
        },
        "20133": {
            "year_quarter": 20133,
            "year": 2013,
            "quarter": 3,
            "eps": 0.38,
            "eps_growth_year": 66,
            "eps_4q": 0.95,
            "eps_4q_growth_year": 2.61,
            "roe": 1.63,
            "roe_4q": 4.13,
            "gross_profit": 330520,
            "gross_margin": 42.76,
            "gross_margin_4q_avg": 44.85,
            "net_income": 141515,
            "net_income_4q": null,
            "revenue": 772937,
            "revenue_4q": null,
            "common_shares": 3669234,
            "book_valuer_per_share": 23.87,
            "book_valuer_per_share_4q_avg": 23.48,
            "equity": 8807126,
            "current_ratio": 241.28,
            "debt_ratio": 27.14,
            "inventory_turnover_ratio": 6.08,
            "account_receivable_turnover_ratio": 6.37,
            "reinvestment_rate": 81.03,
            "research_to_sale_ratio": null,
            "price_fair": 30.98,
            "eps_avg_yearly": 0.89,
            "eps_latest_yearly": 1.52,
            "eps_growth_yearly": 179.44
        },
        "20134": {
            "year_quarter": 20134,
            "year": 2013,
            "quarter": 4,
            "eps": 0.21,
            "eps_growth_year": 8.5,
            "eps_4q": 0.97,
            "eps_4q_growth_year": 25.89,
            "roe": 0.87,
            "roe_4q": 4.1899999999999995,
            "gross_profit": 389044,
            "gross_margin": 44.51,
            "gross_margin_4q_avg": 44.6,
            "net_income": 76766,
            "net_income_4q": null,
            "revenue": 874049,
            "revenue_4q": null,
            "common_shares": 3669234,
            "book_valuer_per_share": 24.22,
            "book_valuer_per_share_4q_avg": 23.59,
            "equity": 8935056,
            "current_ratio": 423.07,
            "debt_ratio": 26.2,
            "inventory_turnover_ratio": 6.13,
            "account_receivable_turnover_ratio": 7.12,
            "reinvestment_rate": -30.03,
            "research_to_sale_ratio": null,
            "price_fair": 31.59,
            "eps_avg_yearly": 0.9,
            "eps_latest_yearly": 0.84,
            "eps_growth_yearly": 178.67
        },
        "20141": {
            "year_quarter": 20141,
            "year": 2014,
            "quarter": 1,
            "eps": 0.32,
            "eps_growth_year": 23.08,
            "eps_4q": 1.03,
            "eps_4q_growth_year": 24.92,
            "roe": 1.34,
            "roe_4q": 4.43,
            "gross_profit": 376051,
            "gross_margin": 42.05,
            "gross_margin_4q_avg": 43.57,
            "net_income": 120273,
            "net_income_4q": null,
            "revenue": 894351,
            "revenue_4q": null,
            "common_shares": 3669234,
            "book_valuer_per_share": 24.3,
            "book_valuer_per_share_4q_avg": 23.89,
            "equity": 8971003,
            "current_ratio": 451.2,
            "debt_ratio": 25.23,
            "inventory_turnover_ratio": 6.41,
            "account_receivable_turnover_ratio": 7.14,
            "reinvestment_rate": -41.4,
            "research_to_sale_ratio": null,
            "price_fair": 31.85,
            "eps_avg_yearly": 0.91,
            "eps_latest_yearly": 1.28,
            "eps_growth_yearly": 164.98
        },
        "20142": {
            "year_quarter": 20142,
            "year": 2014,
            "quarter": 2,
            "eps": 0.17,
            "eps_growth_year": 30.77,
            "eps_4q": 1.08,
            "eps_4q_growth_year": 34.12,
            "roe": 0.72,
            "roe_4q": 4.5600000000000005,
            "gross_profit": 336440,
            "gross_margin": 40.26,
            "gross_margin_4q_avg": 42.4,
            "net_income": 63678,
            "net_income_4q": null,
            "revenue": 835686,
            "revenue_4q": null,
            "common_shares": 3669234,
            "book_valuer_per_share": 23.66,
            "book_valuer_per_share_4q_avg": 24.01,
            "equity": 8737577,
            "current_ratio": 359.58,
            "debt_ratio": 26.48,
            "inventory_turnover_ratio": 6.04,
            "account_receivable_turnover_ratio": 6.44,
            "reinvestment_rate": -32.9,
            "research_to_sale_ratio": null,
            "price_fair": 32.73,
            "eps_avg_yearly": 0.94,
            "eps_latest_yearly": 0.68,
            "eps_growth_yearly": 172.22
        },
        "20143": {
            "year_quarter": 20143,
            "year": 2014,
            "quarter": 3,
            "eps": 0.44,
            "eps_growth_year": 15.79,
            "eps_4q": 1.14,
            "eps_4q_growth_year": 19.26,
            "roe": 1.8,
            "roe_4q": 4.73,
            "gross_profit": 320360,
            "gross_margin": 37.67,
            "gross_margin_4q_avg": 41.12,
            "net_income": 161352,
            "net_income_4q": null,
            "revenue": 850494,
            "revenue_4q": null,
            "common_shares": 3669234,
            "book_valuer_per_share": 24.86,
            "book_valuer_per_share_4q_avg": 24.26,
            "equity": 9175351,
            "current_ratio": 338.09,
            "debt_ratio": 24.56,
            "inventory_turnover_ratio": 6.17,
            "account_receivable_turnover_ratio": 6.81,
            "reinvestment_rate": -24.09,
            "research_to_sale_ratio": null,
            "price_fair": 35.88,
            "eps_avg_yearly": 1.03,
            "eps_latest_yearly": 1.76,
            "eps_growth_yearly": 208.36
        },
        "20144": {
            "year_quarter": 20144,
            "year": 2014,
            "quarter": 4,
            "eps": 0.19,
            "eps_growth_year": -9.96,
            "eps_4q": 1.12,
            "eps_4q_growth_year": 15.16,
            "roe": 0.71,
            "roe_4q": 4.569999999999999,
            "gross_profit": 366643,
            "gross_margin": 40.78,
            "gross_margin_4q_avg": 40.19,
            "net_income": 65036,
            "net_income_4q": null,
            "revenue": 898994,
            "revenue_4q": null,
            "common_shares": 3669234,
            "book_valuer_per_share": 24.71,
            "book_valuer_per_share_4q_avg": 24.38,
            "equity": 9115726,
            "current_ratio": 373.66,
            "debt_ratio": 24.25,
            "inventory_turnover_ratio": 5.89,
            "account_receivable_turnover_ratio": 7.39,
            "reinvestment_rate": -38.53,
            "research_to_sale_ratio": null,
            "price_fair": 35.35,
            "eps_avg_yearly": 1.01,
            "eps_latest_yearly": 0.76,
            "eps_growth_yearly": 141.03
        },
        "20151": {
            "year_quarter": 20151,
            "year": 2015,
            "quarter": 1,
            "eps": 0.33,
            "eps_growth_year": 3.12,
            "eps_4q": 1.13,
            "eps_4q_growth_year": 9.43,
            "roe": 1.3,
            "roe_4q": 4.529999999999999,
            "gross_profit": 377259,
            "gross_margin": 40.52,
            "gross_margin_4q_avg": 39.81,
            "net_income": 119168,
            "net_income_4q": null,
            "revenue": 930937,
            "revenue_4q": null,
            "common_shares": 3669234,
            "book_valuer_per_share": 25.03,
            "book_valuer_per_share_4q_avg": 24.57,
            "equity": 9230822,
            "current_ratio": 358.42,
            "debt_ratio": 23.42,
            "inventory_turnover_ratio": 6.55,
            "account_receivable_turnover_ratio": 8.03,
            "reinvestment_rate": -31.14,
            "research_to_sale_ratio": null,
            "price_fair": 35.35,
            "eps_avg_yearly": 1.01,
            "eps_latest_yearly": 1.32,
            "eps_growth_yearly": 151.45
        },
        "20152": {
            "year_quarter": 20152,
            "year": 2015,
            "quarter": 2,
            "eps": 0.19,
            "eps_growth_year": 11.76,
            "eps_4q": 1.15,
            "eps_4q_growth_year": 7,
            "roe": 0.77,
            "roe_4q": 4.58,
            "gross_profit": 341181,
            "gross_margin": 39.3,
            "gross_margin_4q_avg": 39.57,
            "net_income": 69777,
            "net_income_4q": null,
            "revenue": 868228,
            "revenue_4q": null,
            "common_shares": 3669234,
            "book_valuer_per_share": 24.03,
            "book_valuer_per_share_4q_avg": 24.66,
            "equity": 8865674,
            "current_ratio": 256.36,
            "debt_ratio": 26,
            "inventory_turnover_ratio": 6.66,
            "account_receivable_turnover_ratio": 7.37,
            "reinvestment_rate": -28.08,
            "research_to_sale_ratio": null,
            "price_fair": 36.31,
            "eps_avg_yearly": 1.04,
            "eps_latest_yearly": 0.76,
            "eps_growth_yearly": 159.78
        },
        "20153": {
            "year_quarter": 20153,
            "year": 2015,
            "quarter": 3,
            "eps": 0.43,
            "eps_growth_year": -2.27,
            "eps_4q": 1.13,
            "eps_4q_growth_year": -0.59,
            "roe": 1.68,
            "roe_4q": 4.46,
            "gross_profit": 299285,
            "gross_margin": 34.56,
            "gross_margin_4q_avg": 38.79,
            "net_income": 151364,
            "net_income_4q": null,
            "revenue": 865947,
            "revenue_4q": null,
            "common_shares": 3669234,
            "book_valuer_per_share": 24.91,
            "book_valuer_per_share_4q_avg": 24.67,
            "equity": 9183065,
            "current_ratio": 267.6,
            "debt_ratio": 24.77,
            "inventory_turnover_ratio": 6.68,
            "account_receivable_turnover_ratio": 6.42,
            "reinvestment_rate": -19.09,
            "research_to_sale_ratio": null,
            "price_fair": 36.49,
            "eps_avg_yearly": 1.04,
            "eps_latest_yearly": 1.72,
            "eps_growth_yearly": 88.24
        },
        "20154": {
            "year_quarter": 20154,
            "year": 2015,
            "quarter": 4,
            "eps": 0.19,
            "eps_growth_year": 2.31,
            "eps_4q": 1.14,
            "eps_4q_growth_year": 1.62,
            "roe": 0.74,
            "roe_4q": 4.49,
            "gross_profit": 393673,
            "gross_margin": 40.58,
            "gross_margin_4q_avg": 38.74,
            "net_income": 68289,
            "net_income_4q": null,
            "revenue": 970005,
            "revenue_4q": null,
            "common_shares": 3669234,
            "book_valuer_per_share": 25.4,
            "book_valuer_per_share_4q_avg": 24.84,
            "equity": 9360234,
            "current_ratio": 273.12,
            "debt_ratio": 23.27,
            "inventory_turnover_ratio": 7.07,
            "account_receivable_turnover_ratio": 7.11,
            "reinvestment_rate": -21.26,
            "research_to_sale_ratio": null,
            "price_fair": 35.09,
            "eps_avg_yearly": 1,
            "eps_latest_yearly": 0.76,
            "eps_growth_yearly": 77.94
        },
        "20161": {
            "year_quarter": 20161,
            "year": 2016,
            "quarter": 1,
            "eps": 0.33,
            "eps_growth_year": 0,
            "eps_4q": 1.13,
            "eps_4q_growth_year": 0.21,
            "roe": 1.24,
            "roe_4q": 4.43,
            "gross_profit": 383947,
            "gross_margin": 39.76,
            "gross_margin_4q_avg": 38.55,
            "net_income": 115341,
            "net_income_4q": null,
            "revenue": 965640,
            "revenue_4q": null,
            "common_shares": 3669234,
            "book_valuer_per_share": 25.22,
            "book_valuer_per_share_4q_avg": 24.89,
            "equity": 9290456,
            "current_ratio": 275.82,
            "debt_ratio": 21.3,
            "inventory_turnover_ratio": 8.13,
            "account_receivable_turnover_ratio": 7.64,
            "reinvestment_rate": -46.81,
            "research_to_sale_ratio": null,
            "price_fair": 36.23,
            "eps_avg_yearly": 1.04,
            "eps_latest_yearly": 1.32,
            "eps_growth_yearly": 107.08
        },
        "20162": {
            "year_quarter": 20162,
            "year": 2016,
            "quarter": 2,
            "eps": 0.14,
            "eps_growth_year": -26.32,
            "eps_4q": 1.08,
            "eps_4q_growth_year": -5.82,
            "roe": 0.49,
            "roe_4q": 4.1499999999999995,
            "gross_profit": 314225,
            "gross_margin": 37.1,
            "gross_margin_4q_avg": 38,
            "net_income": 45343,
            "net_income_4q": null,
            "revenue": 847079,
            "revenue_4q": null,
            "common_shares": 3669234,
            "book_valuer_per_share": 24.81,
            "book_valuer_per_share_4q_avg": 25.09,
            "equity": 9131979,
            "current_ratio": 241.93,
            "debt_ratio": 25.1,
            "inventory_turnover_ratio": 7.67,
            "account_receivable_turnover_ratio": 6.82,
            "reinvestment_rate": -36.32,
            "research_to_sale_ratio": null,
            "price_fair": 36.14,
            "eps_avg_yearly": 1.03,
            "eps_latest_yearly": 0.56,
            "eps_growth_yearly": 98.93
        },
        "20163": {
            "year_quarter": 20163,
            "year": 2016,
            "quarter": 3,
            "eps": 0.44,
            "eps_growth_year": 2.33,
            "eps_4q": 1.1,
            "eps_4q_growth_year": -2.9,
            "roe": 1.69,
            "roe_4q": 4.16,
            "gross_profit": 316379,
            "gross_margin": 36.06,
            "gross_margin_4q_avg": 38.38,
            "net_income": 156190,
            "net_income_4q": null,
            "revenue": 877350,
            "revenue_4q": null,
            "common_shares": 3669234,
            "book_valuer_per_share": 25.45,
            "book_valuer_per_share_4q_avg": 25.22,
            "equity": 9362616,
            "current_ratio": 261.34,
            "debt_ratio": 23.9,
            "inventory_turnover_ratio": 7.71,
            "account_receivable_turnover_ratio": 6.46,
            "reinvestment_rate": -24.99,
            "research_to_sale_ratio": null,
            "price_fair": 37.98,
            "eps_avg_yearly": 1.09,
            "eps_latest_yearly": 1.76,
            "eps_growth_yearly": 139.17
        },
        "20164": {
            "year_quarter": 20164,
            "year": 2016,
            "quarter": 4,
            "eps": 0.25,
            "eps_growth_year": 33.1,
            "eps_4q": 1.16,
            "eps_4q_growth_year": 2.27,
            "roe": 0.99,
            "roe_4q": 4.41,
            "gross_profit": 405997,
            "gross_margin": 44.09,
            "gross_margin_4q_avg": 39.25,
            "net_income": 92976,
            "net_income_4q": null,
            "revenue": 920768,
            "revenue_4q": null,
            "common_shares": 3669234,
            "book_valuer_per_share": 25.51,
            "book_valuer_per_share_4q_avg": 25.25,
            "equity": 9405226,
            "current_ratio": 370.55,
            "debt_ratio": 16.32,
            "inventory_turnover_ratio": 6.71,
            "account_receivable_turnover_ratio": 7.09,
            "reinvestment_rate": -76.31,
            "research_to_sale_ratio": null,
            "price_fair": 38.5,
            "eps_avg_yearly": 1.1,
            "eps_latest_yearly": 1,
            "eps_growth_yearly": 132.72
        },
        "20171": {
            "year_quarter": 20171,
            "year": 2017,
            "quarter": 1,
            "eps": 0.32,
            "eps_growth_year": -3.03,
            "eps_4q": 1.15,
            "eps_4q_growth_year": 1.58,
            "roe": 1.22,
            "roe_4q": 4.39,
            "gross_profit": 370607,
            "gross_margin": 44.77,
            "gross_margin_4q_avg": 40.51,
            "net_income": 115339,
            "net_income_4q": null,
            "revenue": 827811,
            "revenue_4q": null,
            "common_shares": 3669234,
            "book_valuer_per_share": 25.91,
            "book_valuer_per_share_4q_avg": 25.42,
            "equity": 9553031,
            "current_ratio": 421.24,
            "debt_ratio": 14.75,
            "inventory_turnover_ratio": 5.85,
            "account_receivable_turnover_ratio": 7.74,
            "reinvestment_rate": -48.45,
            "research_to_sale_ratio": null,
            "price_fair": 39.03,
            "eps_avg_yearly": 1.12,
            "eps_latest_yearly": 1.28,
            "eps_growth_yearly": 130.51
        },
        "20172": {
            "year_quarter": 20172,
            "year": 2017,
            "quarter": 2,
            "eps": 0.22,
            "eps_growth_year": 57.14,
            "eps_4q": 1.23,
            "eps_4q_growth_year": 13.07,
            "roe": 0.83,
            "roe_4q": 4.73,
            "gross_profit": 333106,
            "gross_margin": 44.44,
            "gross_margin_4q_avg": 42.34,
            "net_income": 78401,
            "net_income_4q": null,
            "revenue": 749498,
            "revenue_4q": null,
            "common_shares": 3669234,
            "book_valuer_per_share": 25.48,
            "book_valuer_per_share_4q_avg": 25.59,
            "equity": 9398208,
            "current_ratio": 319.54,
            "debt_ratio": 16.5,
            "inventory_turnover_ratio": 5.2,
            "account_receivable_turnover_ratio": 7.14,
            "reinvestment_rate": -42.75,
            "research_to_sale_ratio": null,
            "price_fair": 39.81,
            "eps_avg_yearly": 1.14,
            "eps_latest_yearly": 0.88,
            "eps_growth_yearly": 135.2
        },
        "20173": {
            "year_quarter": 20173,
            "year": 2017,
            "quarter": 3,
            "eps": 0.45,
            "eps_growth_year": 2.27,
            "eps_4q": 1.24,
            "eps_4q_growth_year": 12.5,
            "roe": 1.72,
            "roe_4q": 4.76,
            "gross_profit": 305564,
            "gross_margin": 42.46,
            "gross_margin_4q_avg": 43.94,
            "net_income": 163416,
            "net_income_4q": null,
            "revenue": 719713,
            "revenue_4q": null,
            "common_shares": 3669234,
            "book_valuer_per_share": 26.11,
            "book_valuer_per_share_4q_avg": 25.75,
            "equity": 9625393,
            "current_ratio": 416.56,
            "debt_ratio": 15.14,
            "inventory_turnover_ratio": 4.51,
            "account_receivable_turnover_ratio": 6.23,
            "reinvestment_rate": -46.96,
            "research_to_sale_ratio": null,
            "price_fair": 40.43,
            "eps_avg_yearly": 1.16,
            "eps_latest_yearly": 1.8,
            "eps_growth_yearly": 113.26
        },
        "20174": {
            "year_quarter": 20174,
            "year": 2017,
            "quarter": 4,
            "eps": 0.22,
            "eps_growth_year": -11.82,
            "eps_4q": 1.21,
            "eps_4q_growth_year": 3.85,
            "roe": 0.85,
            "roe_4q": 4.62,
            "gross_profit": 332974,
            "gross_margin": 41.77,
            "gross_margin_4q_avg": 43.36,
            "net_income": 81539,
            "net_income_4q": null,
            "revenue": 797212,
            "revenue_4q": null,
            "common_shares": 3669234,
            "book_valuer_per_share": 26.17,
            "book_valuer_per_share_4q_avg": 25.92,
            "equity": 9647743,
            "current_ratio": 410.87,
            "debt_ratio": 14.28,
            "inventory_turnover_ratio": 4.82,
            "account_receivable_turnover_ratio": 6.5,
            "reinvestment_rate": -48.09,
            "research_to_sale_ratio": null,
            "price_fair": 40.51,
            "eps_avg_yearly": 1.16,
            "eps_latest_yearly": 0.88,
            "eps_growth_yearly": 111.67
        },
        "20181": {
            "year_quarter": 20181,
            "year": 2018,
            "quarter": 1,
            "eps": 0.33,
            "eps_growth_year": 3.12,
            "eps_4q": 1.21,
            "eps_4q_growth_year": 5.57,
            "roe": 1.22,
            "roe_4q": 4.62,
            "gross_profit": 360878,
            "gross_margin": 44.81,
            "gross_margin_4q_avg": 43.37,
            "net_income": 119253,
            "net_income_4q": null,
            "revenue": 805431,
            "revenue_4q": null,
            "common_shares": 3669234,
            "book_valuer_per_share": 26.92,
            "book_valuer_per_share_4q_avg": 26.17,
            "equity": 9922360,
            "current_ratio": 381.34,
            "debt_ratio": 13.02,
            "inventory_turnover_ratio": 4.79,
            "account_receivable_turnover_ratio": 7.15,
            "reinvestment_rate": -57.97,
            "research_to_sale_ratio": null,
            "price_fair": 40.6,
            "eps_avg_yearly": 1.16,
            "eps_latest_yearly": 1.32,
            "eps_growth_yearly": 111.07
        },
        "20182": {
            "year_quarter": 20182,
            "year": 2018,
            "quarter": 2,
            "eps": 0.15,
            "eps_growth_year": -31.82,
            "eps_4q": 1.15,
            "eps_4q_growth_year": -6.18,
            "roe": 0.55,
            "roe_4q": 4.34,
            "gross_profit": 293254,
            "gross_margin": 42.39,
            "gross_margin_4q_avg": 42.86,
            "net_income": 54091,
            "net_income_4q": null,
            "revenue": 691835,
            "revenue_4q": null,
            "common_shares": 3669234,
            "book_valuer_per_share": 26.7,
            "book_valuer_per_share_4q_avg": 26.48,
            "equity": 9840608,
            "current_ratio": 326.03,
            "debt_ratio": 13.31,
            "inventory_turnover_ratio": 4.45,
            "account_receivable_turnover_ratio": 6.69,
            "reinvestment_rate": -55.63,
            "research_to_sale_ratio": null,
            "price_fair": 40.43,
            "eps_avg_yearly": 1.16,
            "eps_latest_yearly": 0.6,
            "eps_growth_yearly": 109.15
        },
        "20183": {
            "year_quarter": 20183,
            "year": 2018,
            "quarter": 3,
            "eps": 0.56,
            "eps_growth_year": 24.44,
            "eps_4q": 1.25,
            "eps_4q_growth_year": 1.49,
            "roe": 2.01,
            "roe_4q": 4.629999999999999,
            "gross_profit": 268964,
            "gross_margin": 38.65,
            "gross_margin_4q_avg": 41.91,
            "net_income": 203990,
            "net_income_4q": null,
            "revenue": 695975,
            "revenue_4q": null,
            "common_shares": 3669234,
            "book_valuer_per_share": 28.29,
            "book_valuer_per_share_4q_avg": 27.02,
            "equity": 10422707,
            "current_ratio": 324.22,
            "debt_ratio": 12.23,
            "inventory_turnover_ratio": 4.82,
            "account_receivable_turnover_ratio": 6.2,
            "reinvestment_rate": -56.67,
            "research_to_sale_ratio": null,
            "price_fair": 41.48,
            "eps_avg_yearly": 1.19,
            "eps_latest_yearly": 2.24,
            "eps_growth_yearly": 137.78
        },
        "20184": {
            "year_quarter": 20184,
            "year": 2018,
            "quarter": 4,
            "eps": 0.07,
            "eps_growth_year": -68.46,
            "eps_4q": 1.1,
            "eps_4q_growth_year": -8.64,
            "roe": 0.25,
            "roe_4q": 4.029999999999999,
            "gross_profit": 319293,
            "gross_margin": 40.74,
            "gross_margin_4q_avg": 41.65,
            "net_income": 25878,
            "net_income_4q": null,
            "revenue": 783805,
            "revenue_4q": null,
            "common_shares": 3669234,
            "book_valuer_per_share": 27.12,
            "book_valuer_per_share_4q_avg": 27.26,
            "equity": 9993861,
            "current_ratio": 285.91,
            "debt_ratio": 12.96,
            "inventory_turnover_ratio": 4.82,
            "account_receivable_turnover_ratio": 6.16,
            "reinvestment_rate": -61.55,
            "research_to_sale_ratio": null,
            "price_fair": 40.43,
            "eps_avg_yearly": 1.16,
            "eps_latest_yearly": 0.28,
            "eps_growth_yearly": 130.11
        },
        "20191": {
            "year_quarter": 20191,
            "year": 2019,
            "quarter": 1,
            "eps": 0.31,
            "eps_growth_year": -6.06,
            "eps_4q": 1.08,
            "eps_4q_growth_year": -10.69,
            "roe": 1.12,
            "roe_4q": 3.9299999999999997,
            "gross_profit": 344074,
            "gross_margin": 42.75,
            "gross_margin_4q_avg": 41.13,
            "net_income": 113089,
            "net_income_4q": null,
            "revenue": 804808,
            "revenue_4q": null,
            "common_shares": 3669234,
            "book_valuer_per_share": 27.6,
            "book_valuer_per_share_4q_avg": 27.43,
            "equity": 10169355,
            "current_ratio": 324.86,
            "debt_ratio": 11.51,
            "inventory_turnover_ratio": 4.66,
            "account_receivable_turnover_ratio": 6.31,
            "reinvestment_rate": -59.8,
            "research_to_sale_ratio": null,
            "price_fair": 40.25,
            "eps_avg_yearly": 1.15,
            "eps_latest_yearly": 1.24,
            "eps_growth_yearly": 197.4
        },
        "20192": {
            "year_quarter": 20192,
            "year": 2019,
            "quarter": 2,
            "eps": 0.18,
            "eps_growth_year": 20,
            "eps_4q": 1.11,
            "eps_4q_growth_year": -3.32,
            "roe": 0.62,
            "roe_4q": 4,
            "gross_profit": 260906,
            "gross_margin": 39.41,
            "gross_margin_4q_avg": 40.39,
            "net_income": 63782,
            "net_income_4q": null,
            "revenue": 662096,
            "revenue_4q": null,
            "common_shares": 3669234,
            "book_valuer_per_share": 28.42,
            "book_valuer_per_share_4q_avg": 27.86,
            "equity": 10468414,
            "current_ratio": 342.22,
            "debt_ratio": 12.11,
            "inventory_turnover_ratio": 4.22,
            "account_receivable_turnover_ratio": 6.05,
            "reinvestment_rate": -51.88,
            "research_to_sale_ratio": null,
            "price_fair": 40.16,
            "eps_avg_yearly": 1.15,
            "eps_latest_yearly": 0.72,
            "eps_growth_yearly": 197.53
        },
        "20193": {
            "year_quarter": 20193,
            "year": 2019,
            "quarter": 3,
            "eps": 0.42,
            "eps_growth_year": -25,
            "eps_4q": 0.98,
            "eps_4q_growth_year": -22.26,
            "roe": 1.46,
            "roe_4q": 3.45,
            "gross_profit": 245347,
            "gross_margin": 36.52,
            "gross_margin_4q_avg": 39.86,
            "net_income": 153900,
            "net_income_4q": null,
            "revenue": 671871,
            "revenue_4q": null,
            "common_shares": 3669234,
            "book_valuer_per_share": 28.64,
            "book_valuer_per_share_4q_avg": 27.95,
            "equity": 10548815,
            "current_ratio": 342.03,
            "debt_ratio": 12.02,
            "inventory_turnover_ratio": 4.57,
            "account_receivable_turnover_ratio": 6.12,
            "reinvestment_rate": -55.61,
            "research_to_sale_ratio": null,
            "price_fair": 40.08,
            "eps_avg_yearly": 1.15,
            "eps_latest_yearly": 1.68,
            "eps_growth_yearly": 199.28
        },
        "20194": {
            "year_quarter": 20194,
            "year": 2019,
            "quarter": 4,
            "eps": 0.14,
            "eps_growth_year": 100.1,
            "eps_4q": 1.05,
            "eps_4q_growth_year": -5.12,
            "roe": 0.49,
            "roe_4q": 3.69,
            "gross_profit": 277188,
            "gross_margin": 35.68,
            "gross_margin_4q_avg": 38.59,
            "net_income": 51578,
            "net_income_4q": null,
            "revenue": 776928,
            "revenue_4q": null,
            "common_shares": 3669234,
            "book_valuer_per_share": 29.08,
            "book_valuer_per_share_4q_avg": 28.44,
            "equity": 10674049,
            "current_ratio": 331.79,
            "debt_ratio": 12.29,
            "inventory_turnover_ratio": 5.09,
            "account_receivable_turnover_ratio": 6.83,
            "reinvestment_rate": -43.42,
            "research_to_sale_ratio": null,
            "price_fair": 39.64,
            "eps_avg_yearly": 1.13,
            "eps_latest_yearly": 0.56,
            "eps_growth_yearly": 196.57
        },
        "20201": {
            "year_quarter": 20201,
            "year": 2020,
            "quarter": 1,
            "eps": -0.07,
            "eps_growth_year": -122.58,
            "eps_4q": 0.67,
            "eps_4q_growth_year": -38.1,
            "roe": -0.23,
            "roe_4q": 2.34,
            "gross_profit": 214577,
            "gross_margin": 38.95,
            "gross_margin_4q_avg": 37.64,
            "net_income": -24141,
            "net_income_4q": null,
            "revenue": 550967,
            "revenue_4q": null,
            "common_shares": 3669234,
            "book_valuer_per_share": 27.42,
            "book_valuer_per_share_4q_avg": 28.39,
            "equity": 10067188,
            "current_ratio": 352.32,
            "debt_ratio": 9.9,
            "inventory_turnover_ratio": 3.42,
            "account_receivable_turnover_ratio": 7.12,
            "reinvestment_rate": -42.84,
            "research_to_sale_ratio": null,
            "price_fair": 39.2,
            "eps_avg_yearly": 1.12,
            "eps_latest_yearly": 0.56,
            "eps_growth_yearly": 190.02
        },
        "20202": {
            "year_quarter": 20202,
            "year": 2020,
            "quarter": 2,
            "eps": -0.06,
            "eps_growth_year": -133.33,
            "eps_4q": 0.43,
            "eps_4q_growth_year": -61.02,
            "roe": -0.21,
            "roe_4q": 1.51,
            "gross_profit": 45502,
            "gross_margin": 13.59,
            "gross_margin_4q_avg": 31.19,
            "net_income": -22074,
            "net_income_4q": null,
            "revenue": 334723,
            "revenue_4q": null,
            "common_shares": 3669234,
            "book_valuer_per_share": 28.9,
            "book_valuer_per_share_4q_avg": 28.51,
            "equity": 10607656,
            "current_ratio": 331.42,
            "debt_ratio": 11.06,
            "inventory_turnover_ratio": 3.2,
            "account_receivable_turnover_ratio": 7.85,
            "reinvestment_rate": -39.52,
            "research_to_sale_ratio": null,
            "price_fair": 40.6,
            "eps_avg_yearly": 1.16,
            "eps_latest_yearly": 0.56,
            "eps_growth_yearly": 220.05
        },
        "20203": {
            "year_quarter": 20203,
            "year": 2020,
            "quarter": 3,
            "eps": 0.26,
            "eps_growth_year": -38.1,
            "eps_4q": 0.27,
            "eps_4q_growth_year": -72.05,
            "roe": 0.89,
            "roe_4q": 0.9400000000000001,
            "gross_profit": 102686,
            "gross_margin": 18.7,
            "gross_margin_4q_avg": 26.73,
            "net_income": 95106,
            "net_income_4q": null,
            "revenue": 549244,
            "revenue_4q": null,
            "common_shares": 3669234,
            "book_valuer_per_share": 29.55,
            "book_valuer_per_share_4q_avg": 28.74,
            "equity": 10848012,
            "current_ratio": 321.21,
            "debt_ratio": 11.66,
            "inventory_turnover_ratio": 5.22,
            "account_receivable_turnover_ratio": 10.41,
            "reinvestment_rate": -41.38,
            "research_to_sale_ratio": null,
            "price_fair": 38.98,
            "eps_avg_yearly": 1.11,
            "eps_latest_yearly": 0.56,
            "eps_growth_yearly": 171.04
        },
        "20204": {
            "year_quarter": 20204,
            "year": 2020,
            "quarter": 4,
            "eps": -0.12,
            "eps_growth_year": -188.85,
            "eps_4q": 0.01,
            "eps_4q_growth_year": -99.32,
            "roe": -0.41,
            "roe_4q": 0.04000000000000001,
            "gross_profit": 104422,
            "gross_margin": 18.2,
            "gross_margin_4q_avg": 22.36,
            "net_income": -45636,
            "net_income_4q": null,
            "revenue": 573765,
            "revenue_4q": null,
            "common_shares": 3669234,
            "book_valuer_per_share": 30.45,
            "book_valuer_per_share_4q_avg": 29.08,
            "equity": 11179079,
            "current_ratio": 254.39,
            "debt_ratio": 15.92,
            "inventory_turnover_ratio": 5.8,
            "account_receivable_turnover_ratio": 9.95,
            "reinvestment_rate": 29.35,
            "research_to_sale_ratio": null,
            "price_fair": 39.32,
            "eps_avg_yearly": 1.12,
            "eps_latest_yearly": 0.56,
            "eps_growth_yearly": 199.69
        },
        "20211": {
            "year_quarter": 20211,
            "year": 2021,
            "quarter": 1,
            "eps": -0.02,
            "eps_growth_year": null,
            "eps_4q": 0.06,
            "eps_4q_growth_year": -91.78,
            "roe": -0.06,
            "roe_4q": 0.21000000000000005,
            "gross_profit": 198222,
            "gross_margin": 36.08,
            "gross_margin_4q_avg": 21.64,
            "net_income": -6625,
            "net_income_4q": null,
            "revenue": 549394,
            "revenue_4q": null,
            "common_shares": 3669234,
            "book_valuer_per_share": 30.33,
            "book_valuer_per_share_4q_avg": 29.81,
            "equity": 11135250,
            "current_ratio": 250.09,
            "debt_ratio": 17.44,
            "inventory_turnover_ratio": 4.48,
            "account_receivable_turnover_ratio": 14.17,
            "reinvestment_rate": 26.39,
            "research_to_sale_ratio": null,
            "price_fair": 38.82,
            "eps_avg_yearly": 1.11,
            "eps_latest_yearly": 0.56,
            "eps_growth_yearly": 207.66
        },
        "20212": {
            "year_quarter": 20212,
            "year": 2021,
            "quarter": 2,
            "eps": -0.31,
            "eps_growth_year": null,
            "eps_4q": -0.2,
            "eps_4q_growth_year": -145.3,
            "roe": -1.01,
            "roe_4q": -0.59,
            "gross_profit": -26486,
            "gross_margin": -9.56,
            "gross_margin_4q_avg": 15.86,
            "net_income": -114413,
            "net_income_4q": null,
            "revenue": 277042,
            "revenue_4q": null,
            "common_shares": 3669234,
            "book_valuer_per_share": 31.1,
            "book_valuer_per_share_4q_avg": 30.36,
            "equity": 11415819,
            "current_ratio": 213.52,
            "debt_ratio": 21.65,
            "inventory_turnover_ratio": 3.95,
            "account_receivable_turnover_ratio": 12.39,
            "reinvestment_rate": 40.03,
            "research_to_sale_ratio": null,
            "price_fair": 39.62,
            "eps_avg_yearly": 1.13,
            "eps_latest_yearly": 0.56,
            "eps_growth_yearly": 240.92
        },
        "20213": {
            "year_quarter": 20213,
            "year": 2021,
            "quarter": 3,
            "eps": 0.19,
            "eps_growth_year": -26.92,
            "eps_4q": -0.27,
            "eps_4q_growth_year": -197.5,
            "roe": 0.61,
            "roe_4q": -0.87,
            "gross_profit": -4358,
            "gross_margin": -1.66,
            "gross_margin_4q_avg": 10.77,
            "net_income": 69633,
            "net_income_4q": null,
            "revenue": 262410,
            "revenue_4q": null,
            "common_shares": 3669234,
            "book_valuer_per_share": 30.85,
            "book_valuer_per_share_4q_avg": 30.68,
            "equity": 11322534,
            "current_ratio": 199.5,
            "debt_ratio": 23.55,
            "inventory_turnover_ratio": 3.53,
            "account_receivable_turnover_ratio": 10.11,
            "reinvestment_rate": 36.58,
            "research_to_sale_ratio": null,
            "price_fair": 37.02,
            "eps_avg_yearly": 1.06,
            "eps_latest_yearly": 0.56,
            "eps_growth_yearly": 221.23
        },
        "20214": {
            "year_quarter": 20214,
            "year": 2021,
            "quarter": 4,
            "eps": -0.1,
            "eps_growth_year": null,
            "eps_4q": -0.24,
            "eps_4q_growth_year": -3497.81,
            "roe": -0.32,
            "roe_4q": -0.78,
            "gross_profit": 94496,
            "gross_margin": 22,
            "gross_margin_4q_avg": 11.72,
            "net_income": -36778,
            "net_income_4q": null,
            "revenue": 429497,
            "revenue_4q": null,
            "common_shares": 3669234,
            "book_valuer_per_share": 32.54,
            "book_valuer_per_share_4q_avg": 31.21,
            "equity": 11942844,
            "current_ratio": 188.14,
            "debt_ratio": 30.38,
            "inventory_turnover_ratio": 4.33,
            "account_receivable_turnover_ratio": 11.71,
            "reinvestment_rate": 65.78,
            "research_to_sale_ratio": null,
            "price_fair": 37.8,
            "eps_avg_yearly": 1.08,
            "eps_latest_yearly": 0.56,
            "eps_growth_yearly": 274.44
        },
        "20221": {
            "year_quarter": 20221,
            "year": 2022,
            "quarter": 1,
            "eps": -0.02,
            "eps_growth_year": null,
            "eps_4q": -0.24,
            "eps_4q_growth_year": -541.49,
            "roe": -0.06,
            "roe_4q": -0.78,
            "gross_profit": 158943,
            "gross_margin": 35.9,
            "gross_margin_4q_avg": 11.67,
            "net_income": -7433,
            "net_income_4q": null,
            "revenue": 442793,
            "revenue_4q": null,
            "common_shares": 3669234,
            "book_valuer_per_share": 33.13,
            "book_valuer_per_share_4q_avg": 31.91,
            "equity": 12161024,
            "current_ratio": 212.59,
            "debt_ratio": 26.24,
            "inventory_turnover_ratio": 3.75,
            "account_receivable_turnover_ratio": 15.89,
            "reinvestment_rate": 122.14,
            "research_to_sale_ratio": null,
            "price_fair": 36.6,
            "eps_avg_yearly": 1.05,
            "eps_latest_yearly": 0.56,
            "eps_growth_yearly": 285.07
        },
        "20222": {
            "year_quarter": 20222,
            "year": 2022,
            "quarter": 2,
            "eps": 0.03,
            "eps_growth_year": null,
            "eps_4q": 0.1,
            "eps_4q_growth_year": null,
            "roe": 0.1,
            "roe_4q": 0.32999999999999996,
            "gross_profit": -16917,
            "gross_margin": -6.84,
            "gross_margin_4q_avg": 12.35,
            "net_income": 12519,
            "net_income_4q": null,
            "revenue": 247360,
            "revenue_4q": null,
            "common_shares": 3669234,
            "book_valuer_per_share": 34.27,
            "book_valuer_per_share_4q_avg": 32.7,
            "equity": 12578090,
            "current_ratio": 297.96,
            "debt_ratio": 38.32,
            "inventory_turnover_ratio": 3.68,
            "account_receivable_turnover_ratio": 14.32,
            "reinvestment_rate": -454.06,
            "research_to_sale_ratio": null,
            "price_fair": 39.2,
            "eps_avg_yearly": 1.12,
            "eps_latest_yearly": 0.56,
            "eps_growth_yearly": 368.95
        },
        "20223": {
            "year_quarter": 20223,
            "year": 2022,
            "quarter": 3,
            "eps": 0.23,
            "eps_growth_year": 21.05,
            "eps_4q": 0.14,
            "eps_4q_growth_year": null,
            "roe": 0.67,
            "roe_4q": 0.38999999999999996,
            "gross_profit": 61169,
            "gross_margin": 17.37,
            "gross_margin_4q_avg": 17.11,
            "net_income": 82453,
            "net_income_4q": null,
            "revenue": 352112,
            "revenue_4q": null,
            "common_shares": 3669234,
            "book_valuer_per_share": 32.77,
            "book_valuer_per_share_4q_avg": 33.18,
            "equity": 12027441,
            "current_ratio": 868.88,
            "debt_ratio": 28.69,
            "inventory_turnover_ratio": 4.15,
            "account_receivable_turnover_ratio": 11.04,
            "reinvestment_rate": -605.21,
            "research_to_sale_ratio": null,
            "price_fair": 31.5,
            "eps_avg_yearly": 0.9,
            "eps_latest_yearly": 0.92,
            "eps_growth_yearly": 631.17
        },
        "20224": {
            "year_quarter": 20224,
            "year": 2022,
            "quarter": 4,
            "eps": 2.73,
            "eps_growth_year": null,
            "eps_4q": 2.97,
            "eps_4q_growth_year": null,
            "roe": 7.86,
            "roe_4q": 8.57,
            "gross_profit": -196745,
            "gross_margin": -48.33,
            "gross_margin_4q_avg": -0.48,
            "net_income": 1000755,
            "net_income_4q": null,
            "revenue": 407119,
            "revenue_4q": null,
            "common_shares": 3669234,
            "book_valuer_per_share": 36.58,
            "book_valuer_per_share_4q_avg": 34.19,
            "equity": 13425375,
            "current_ratio": 783.19,
            "debt_ratio": 27.99,
            "inventory_turnover_ratio": 7.78,
            "account_receivable_turnover_ratio": 9.41,
            "reinvestment_rate": -221.85,
            "research_to_sale_ratio": null,
            "price_fair": 93.57,
            "eps_avg_yearly": 2.67,
            "eps_latest_yearly": 10.92,
            "eps_growth_yearly": 1414.14
        },
        "20231": {
            "year_quarter": 20231,
            "year": 2023,
            "quarter": 1,
            "eps": 0.54,
            "eps_growth_year": null,
            "eps_4q": 3.53,
            "eps_4q_growth_year": null,
            "roe": 1.37,
            "roe_4q": 10,
            "gross_profit": 140095,
            "gross_margin": 36.29,
            "gross_margin_4q_avg": -0.38,
            "net_income": 198828,
            "net_income_4q": null,
            "revenue": 386068,
            "revenue_4q": null,
            "common_shares": 3669234,
            "book_valuer_per_share": 42.24,
            "book_valuer_per_share_4q_avg": 36.47,
            "equity": 15503122,
            "current_ratio": 1055.75,
            "debt_ratio": 24.37,
            "inventory_turnover_ratio": 2.97,
            "account_receivable_turnover_ratio": 11.86,
            "reinvestment_rate": -176.96,
            "research_to_sale_ratio": null,
            "price_fair": 98.93,
            "eps_avg_yearly": 2.83,
            "eps_latest_yearly": 2.16,
            "eps_growth_yearly": 1132.09
        },
        "20232": {
            "year_quarter": 20232,
            "year": 2023,
            "quarter": 2,
            "eps": 1.36,
            "eps_growth_year": 4433.33,
            "eps_4q": 4.86,
            "eps_4q_growth_year": 4651.85,
            "roe": 2.63,
            "roe_4q": 12.53,
            "gross_profit": 74920,
            "gross_margin": 27.23,
            "gross_margin_4q_avg": 8.14,
            "net_income": 500397,
            "net_income_4q": null,
            "revenue": 275157,
            "revenue_4q": null,
            "common_shares": 3669234,
            "book_valuer_per_share": 61.63,
            "book_valuer_per_share_4q_avg": 43.31,
            "equity": 22616619,
            "current_ratio": 1075.06,
            "debt_ratio": 19.78,
            "inventory_turnover_ratio": 2.58,
            "account_receivable_turnover_ratio": 9.52,
            "reinvestment_rate": -50.2,
            "research_to_sale_ratio": null,
            "price_fair": 126.47,
            "eps_avg_yearly": 3.61,
            "eps_latest_yearly": 5.44,
            "eps_growth_yearly": 1261.28
        },
        "20233": {
            "year_quarter": 20233,
            "year": 2023,
            "quarter": 3,
            "eps": -0.15,
            "eps_growth_year": -165.22,
            "eps_4q": 4.48,
            "eps_4q_growth_year": 3156.96,
            "roe": -0.27,
            "roe_4q": 11.59,
            "gross_profit": 87559,
            "gross_margin": 28.08,
            "gross_margin_4q_avg": 10.82,
            "net_income": -56320,
            "net_income_4q": null,
            "revenue": 311775,
            "revenue_4q": null,
            "common_shares": 3669234,
            "book_valuer_per_share": 53.12,
            "book_valuer_per_share_4q_avg": 48.39,
            "equity": 19496565,
            "current_ratio": 931.9,
            "debt_ratio": 21.73,
            "inventory_turnover_ratio": 2.84,
            "account_receivable_turnover_ratio": 6.43,
            "reinvestment_rate": -94.14,
            "research_to_sale_ratio": null,
            "price_fair": 140,
            "eps_avg_yearly": 4,
            "eps_latest_yearly": 5.44,
            "eps_growth_yearly": 1406.87
        }
    },
    "months": {
        "2001-06": {
            "month": "2001-06",
            "price": "7.73",
            "revenue": 164861
        },
        "2001-07": {
            "month": "2001-07",
            "price": "7.73",
            "revenue": 156442
        },
        "2001-08": {
            "month": "2001-08",
            "price": "7.91",
            "revenue": 148996
        },
        "2001-09": {
            "month": "2001-09",
            "price": "8.46",
            "revenue": 142160
        },
        "2001-10": {
            "month": "2001-10",
            "price": "8.08",
            "revenue": 154568
        },
        "2001-11": {
            "month": "2001-11",
            "price": "7.28",
            "revenue": 165348
        },
        "2001-12": {
            "month": "2001-12",
            "price": "7.73",
            "revenue": 176280
        },
        "2002-01": {
            "month": "2002-01",
            "price": "7.74",
            "revenue": 194069
        },
        "2002-02": {
            "month": "2002-02",
            "price": "7.57",
            "revenue": 157959
        },
        "2002-03": {
            "month": "2002-03",
            "price": "8.09",
            "revenue": 183750
        },
        "2002-04": {
            "month": "2002-04",
            "price": "8.68",
            "revenue": 151239
        },
        "2002-05": {
            "month": "2002-05",
            "price": "8.31",
            "revenue": 169058
        },
        "2002-06": {
            "month": "2002-06",
            "price": "8.48",
            "revenue": 189998
        },
        "2002-07": {
            "month": "2002-07",
            "price": "8.46",
            "revenue": 158406
        },
        "2002-08": {
            "month": "2002-08",
            "price": "8.29",
            "revenue": 152952
        },
        "2002-09": {
            "month": "2002-09",
            "price": "7.76",
            "revenue": 163140
        },
        "2002-10": {
            "month": "2002-10",
            "price": "7.76",
            "revenue": 175065
        },
        "2002-11": {
            "month": "2002-11",
            "price": "8.55",
            "revenue": 188784
        },
        "2002-12": {
            "month": "2002-12",
            "price": "9.16",
            "revenue": 187918
        },
        "2003-01": {
            "month": "2003-01",
            "price": "11.22",
            "revenue": 214451
        },
        "2003-02": {
            "month": "2003-02",
            "price": "10.67",
            "revenue": 157258
        },
        "2003-03": {
            "month": "2003-03",
            "price": "10.12",
            "revenue": 176470
        },
        "2003-04": {
            "month": "2003-04",
            "price": "8.31",
            "revenue": 107237
        },
        "2003-05": {
            "month": "2003-05",
            "price": "7.35",
            "revenue": 84580
        },
        "2003-06": {
            "month": "2003-06",
            "price": "8.07",
            "revenue": 102605
        },
        "2003-07": {
            "month": "2003-07",
            "price": "8.27",
            "revenue": 135953
        },
        "2003-08": {
            "month": "2003-08",
            "price": "8.30",
            "revenue": 155187
        },
        "2003-09": {
            "month": "2003-09",
            "price": "8.72",
            "revenue": 197672
        },
        "2003-10": {
            "month": "2003-10",
            "price": "11.20",
            "revenue": 188327
        },
        "2003-11": {
            "month": "2003-11",
            "price": "11.60",
            "revenue": 195044
        },
        "2003-12": {
            "month": "2003-12",
            "price": "11.77",
            "revenue": 207127
        },
        "2004-01": {
            "month": "2004-01",
            "price": "12.94",
            "revenue": 218171
        },
        "2004-02": {
            "month": "2004-02",
            "price": "17.38",
            "revenue": 182328
        },
        "2004-03": {
            "month": "2004-03",
            "price": "20.05",
            "revenue": 176403
        },
        "2004-04": {
            "month": "2004-04",
            "price": "21.85",
            "revenue": 151025
        },
        "2004-05": {
            "month": "2004-05",
            "price": "20.00",
            "revenue": 193136
        },
        "2004-06": {
            "month": "2004-06",
            "price": "16.29",
            "revenue": 184834
        },
        "2004-07": {
            "month": "2004-07",
            "price": "16.87",
            "revenue": 174407
        },
        "2004-08": {
            "month": "2004-08",
            "price": "16.06",
            "revenue": 172684
        },
        "2004-09": {
            "month": "2004-09",
            "price": "16.92",
            "revenue": 192276
        },
        "2004-10": {
            "month": "2004-10",
            "price": "17.88",
            "revenue": 210858
        },
        "2004-11": {
            "month": "2004-11",
            "price": "17.73",
            "revenue": 203062
        },
        "2004-12": {
            "month": "2004-12",
            "price": "17.88",
            "revenue": 203512
        },
        "2005-01": {
            "month": "2005-01",
            "price": "18.91",
            "revenue": 250364
        },
        "2005-02": {
            "month": "2005-02",
            "price": "19.68",
            "revenue": 208990
        },
        "2005-03": {
            "month": "2005-03",
            "price": "22.34",
            "revenue": 216083
        },
        "2005-04": {
            "month": "2005-04",
            "price": "22.33",
            "revenue": 190631
        },
        "2005-05": {
            "month": "2005-05",
            "price": "25.67",
            "revenue": 216294
        },
        "2005-06": {
            "month": "2005-06",
            "price": "27.50",
            "revenue": 229099
        },
        "2005-07": {
            "month": "2005-07",
            "price": "27.33",
            "revenue": 196031
        },
        "2005-08": {
            "month": "2005-08",
            "price": "30.52",
            "revenue": 176597
        },
        "2005-09": {
            "month": "2005-09",
            "price": "25.75",
            "revenue": 226821
        },
        "2005-10": {
            "month": "2005-10",
            "price": "23.50",
            "revenue": 237142
        },
        "2005-11": {
            "month": "2005-11",
            "price": "25.80",
            "revenue": 215701
        },
        "2005-12": {
            "month": "2005-12",
            "price": "31.47",
            "revenue": 229502
        },
        "2006-01": {
            "month": "2006-01",
            "price": "28.97",
            "revenue": 264459
        },
        "2006-02": {
            "month": "2006-02",
            "price": "26.24",
            "revenue": 202117
        },
        "2006-03": {
            "month": "2006-03",
            "price": "26.45",
            "revenue": 215134
        },
        "2006-04": {
            "month": "2006-04",
            "price": "30.95",
            "revenue": 186543
        },
        "2006-05": {
            "month": "2006-05",
            "price": "34.53",
            "revenue": 209612
        },
        "2006-06": {
            "month": "2006-06",
            "price": "34.45",
            "revenue": 212655
        },
        "2006-07": {
            "month": "2006-07",
            "price": "33.12",
            "revenue": 185755
        },
        "2006-08": {
            "month": "2006-08",
            "price": "31.40",
            "revenue": 170298
        },
        "2006-09": {
            "month": "2006-09",
            "price": "30.59",
            "revenue": 178949
        },
        "2006-10": {
            "month": "2006-10",
            "price": "32.68",
            "revenue": 258036
        },
        "2006-11": {
            "month": "2006-11",
            "price": "32.51",
            "revenue": 228027
        },
        "2006-12": {
            "month": "2006-12",
            "price": "34.74",
            "revenue": 231187
        },
        "2007-01": {
            "month": "2007-01",
            "price": "34.72",
            "revenue": 230277
        },
        "2007-02": {
            "month": "2007-02",
            "price": "38.42",
            "revenue": 222881
        },
        "2007-03": {
            "month": "2007-03",
            "price": "38.07",
            "revenue": 233298
        },
        "2007-04": {
            "month": "2007-04",
            "price": "38.53",
            "revenue": 209680
        },
        "2007-05": {
            "month": "2007-05",
            "price": "35.28",
            "revenue": 218565
        },
        "2007-06": {
            "month": "2007-06",
            "price": "35.10",
            "revenue": 235492
        },
        "2007-07": {
            "month": "2007-07",
            "price": "36.61",
            "revenue": 202387
        },
        "2007-08": {
            "month": "2007-08",
            "price": "31.23",
            "revenue": 188390
        },
        "2007-09": {
            "month": "2007-09",
            "price": "28.86",
            "revenue": 240201
        },
        "2007-10": {
            "month": "2007-10",
            "price": "31.48",
            "revenue": 227318
        },
        "2007-11": {
            "month": "2007-11",
            "price": "29.47",
            "revenue": 226250
        },
        "2007-12": {
            "month": "2007-12",
            "price": "28.34",
            "revenue": 253121
        },
        "2008-01": {
            "month": "2008-01",
            "price": "36.19",
            "revenue": 267755
        },
        "2008-02": {
            "month": "2008-02",
            "price": "44.49",
            "revenue": 224764
        },
        "2008-03": {
            "month": "2008-03",
            "price": "48.43",
            "revenue": 234347
        },
        "2008-04": {
            "month": "2008-04",
            "price": "53.20",
            "revenue": 215939
        },
        "2008-05": {
            "month": "2008-05",
            "price": "56.20",
            "revenue": 236667
        },
        "2008-06": {
            "month": "2008-06",
            "price": "54.48",
            "revenue": 236889
        },
        "2008-07": {
            "month": "2008-07",
            "price": "40.42",
            "revenue": 213535
        },
        "2008-08": {
            "month": "2008-08",
            "price": "41.57",
            "revenue": 176171
        },
        "2008-09": {
            "month": "2008-09",
            "price": "37.35",
            "revenue": 221718
        },
        "2008-10": {
            "month": "2008-10",
            "price": "23.54",
            "revenue": 221487
        },
        "2008-11": {
            "month": "2008-11",
            "price": "25.11",
            "revenue": 247341
        },
        "2008-12": {
            "month": "2008-12",
            "price": "30.84",
            "revenue": 219691
        },
        "2009-01": {
            "month": "2009-01",
            "price": "31.05",
            "revenue": 221980
        },
        "2009-02": {
            "month": "2009-02",
            "price": "28.61",
            "revenue": 180387
        },
        "2009-03": {
            "month": "2009-03",
            "price": "33.93",
            "revenue": 198445
        },
        "2009-04": {
            "month": "2009-04",
            "price": "40.32",
            "revenue": 176086
        },
        "2009-05": {
            "month": "2009-05",
            "price": "39.03",
            "revenue": 198827
        },
        "2009-06": {
            "month": "2009-06",
            "price": "37.28",
            "revenue": 180959
        },
        "2009-07": {
            "month": "2009-07",
            "price": "38.78",
            "revenue": 201506
        },
        "2009-08": {
            "month": "2009-08",
            "price": "32.48",
            "revenue": 195573
        },
        "2009-09": {
            "month": "2009-09",
            "price": "32.88",
            "revenue": 188177
        },
        "2009-10": {
            "month": "2009-10",
            "price": "32.62",
            "revenue": 241067
        },
        "2009-11": {
            "month": "2009-11",
            "price": "35.88",
            "revenue": 216296
        },
        "2009-12": {
            "month": "2009-12",
            "price": "38.64",
            "revenue": 223077
        },
        "2010-01": {
            "month": "2010-01",
            "price": "37.75",
            "revenue": 241214
        },
        "2010-02": {
            "month": "2010-02",
            "price": "34.47",
            "revenue": 222261
        },
        "2010-03": {
            "month": "2010-03",
            "price": "34.65",
            "revenue": 226884
        },
        "2010-04": {
            "month": "2010-04",
            "price": "35.81",
            "revenue": 207865
        },
        "2010-05": {
            "month": "2010-05",
            "price": "33.19",
            "revenue": 214942
        },
        "2010-06": {
            "month": "2010-06",
            "price": "36.91",
            "revenue": 200039
        },
        "2010-07": {
            "month": "2010-07",
            "price": "40.32",
            "revenue": 208784
        },
        "2010-08": {
            "month": "2010-08",
            "price": "44.93",
            "revenue": 187912
        },
        "2010-09": {
            "month": "2010-09",
            "price": "47.87",
            "revenue": 222443
        },
        "2010-10": {
            "month": "2010-10",
            "price": "50.86",
            "revenue": 235563
        },
        "2010-11": {
            "month": "2010-11",
            "price": "46.32",
            "revenue": 231605
        },
        "2010-12": {
            "month": "2010-12",
            "price": "47.74",
            "revenue": 237001
        },
        "2011-01": {
            "month": "2011-01",
            "price": "45.95",
            "revenue": 265994
        },
        "2011-02": {
            "month": "2011-02",
            "price": "42.71",
            "revenue": 236577
        },
        "2011-03": {
            "month": "2011-03",
            "price": "42.07",
            "revenue": 222898
        },
        "2011-04": {
            "month": "2011-04",
            "price": "45.31",
            "revenue": 213028
        },
        "2011-05": {
            "month": "2011-05",
            "price": "47.54",
            "revenue": 224980
        },
        "2011-06": {
            "month": "2011-06",
            "price": "46.24",
            "revenue": 232362
        },
        "2011-07": {
            "month": "2011-07",
            "price": "43.36",
            "revenue": 213544
        },
        "2011-08": {
            "month": "2011-08",
            "price": "35.36",
            "revenue": 191081
        },
        "2011-09": {
            "month": "2011-09",
            "price": "34.50",
            "revenue": 251912
        },
        "2011-10": {
            "month": "2011-10",
            "price": "36.10",
            "revenue": 260257
        },
        "2011-11": {
            "month": "2011-11",
            "price": "34.50",
            "revenue": 251827
        },
        "2011-12": {
            "month": "2011-12",
            "price": "30.62",
            "revenue": 259395
        },
        "2012-01": {
            "month": "2012-01",
            "price": "32.16",
            "revenue": 276746
        },
        "2012-02": {
            "month": "2012-02",
            "price": "37.56",
            "revenue": 234316
        },
        "2012-03": {
            "month": "2012-03",
            "price": "38.85",
            "revenue": 252592
        },
        "2012-04": {
            "month": "2012-04",
            "price": "35.53",
            "revenue": 216301
        },
        "2012-05": {
            "month": "2012-05",
            "price": "32.37",
            "revenue": 224907
        },
        "2012-06": {
            "month": "2012-06",
            "price": "29.57",
            "revenue": 246692
        },
        "2012-07": {
            "month": "2012-07",
            "price": "28.69",
            "revenue": 226514
        },
        "2012-08": {
            "month": "2012-08",
            "price": "30.48",
            "revenue": 209451
        },
        "2012-09": {
            "month": "2012-09",
            "price": "33.00",
            "revenue": 243573
        },
        "2012-10": {
            "month": "2012-10",
            "price": "31.73",
            "revenue": 241397
        },
        "2012-11": {
            "month": "2012-11",
            "price": "29.99",
            "revenue": 250278
        },
        "2012-12": {
            "month": "2012-12",
            "price": "30.67",
            "revenue": 265245
        },
        "2013-01": {
            "month": "2013-01",
            "price": "30.96",
            "revenue": 278145
        },
        "2013-02": {
            "month": "2013-02",
            "price": "30.47",
            "revenue": 261868
        },
        "2013-03": {
            "month": "2013-03",
            "price": "29.88",
            "revenue": 284907
        },
        "2013-04": {
            "month": "2013-04",
            "price": "28.82",
            "revenue": 237139
        },
        "2013-05": {
            "month": "2013-05",
            "price": "29.42",
            "revenue": 239671
        },
        "2013-06": {
            "month": "2013-06",
            "price": "28.79",
            "revenue": 266093
        },
        "2013-07": {
            "month": "2013-07",
            "price": "29.10",
            "revenue": 241331
        },
        "2013-08": {
            "month": "2013-08",
            "price": "28.28",
            "revenue": 239659
        },
        "2013-09": {
            "month": "2013-09",
            "price": "28.67",
            "revenue": 291947
        },
        "2013-10": {
            "month": "2013-10",
            "price": "29.06",
            "revenue": 271910
        },
        "2013-11": {
            "month": "2013-11",
            "price": "28.86",
            "revenue": 297274
        },
        "2013-12": {
            "month": "2013-12",
            "price": "29.29",
            "revenue": 304865
        },
        "2014-01": {
            "month": "2014-01",
            "price": "29.66",
            "revenue": 328653
        },
        "2014-02": {
            "month": "2014-02",
            "price": "28.77",
            "revenue": 277574
        },
        "2014-03": {
            "month": "2014-03",
            "price": "28.44",
            "revenue": 288124
        },
        "2014-04": {
            "month": "2014-04",
            "price": "28.37",
            "revenue": 252183
        },
        "2014-05": {
            "month": "2014-05",
            "price": "27.67",
            "revenue": 291925
        },
        "2014-06": {
            "month": "2014-06",
            "price": "27.84",
            "revenue": 291577
        },
        "2014-07": {
            "month": "2014-07",
            "price": "28.72",
            "revenue": 274555
        },
        "2014-08": {
            "month": "2014-08",
            "price": "28.30",
            "revenue": 262248
        },
        "2014-09": {
            "month": "2014-09",
            "price": "27.65",
            "revenue": 313691
        },
        "2014-10": {
            "month": "2014-10",
            "price": "27.29",
            "revenue": 287852
        },
        "2014-11": {
            "month": "2014-11",
            "price": "27.48",
            "revenue": 294808
        },
        "2014-12": {
            "month": "2014-12",
            "price": "27.59",
            "revenue": 316334
        },
        "2015-01": {
            "month": "2015-01",
            "price": "28.10",
            "revenue": 313642
        },
        "2015-02": {
            "month": "2015-02",
            "price": "27.86",
            "revenue": 309449
        },
        "2015-03": {
            "month": "2015-03",
            "price": "27.59",
            "revenue": 307846
        },
        "2015-04": {
            "month": "2015-04",
            "price": "27.74",
            "revenue": 263346
        },
        "2015-05": {
            "month": "2015-05",
            "price": "27.91",
            "revenue": 309572
        },
        "2015-06": {
            "month": "2015-06",
            "price": "27.04",
            "revenue": 295310
        },
        "2015-07": {
            "month": "2015-07",
            "price": "26.44",
            "revenue": 289642
        },
        "2015-08": {
            "month": "2015-08",
            "price": "26.21",
            "revenue": 270812
        },
        "2015-09": {
            "month": "2015-09",
            "price": "27.68",
            "revenue": 305492
        },
        "2015-10": {
            "month": "2015-10",
            "price": "27.58",
            "revenue": 322888
        },
        "2015-11": {
            "month": "2015-11",
            "price": "27.89",
            "revenue": 315688
        },
        "2015-12": {
            "month": "2015-12",
            "price": "26.68",
            "revenue": 331430
        },
        "2016-01": {
            "month": "2016-01",
            "price": "26.60",
            "revenue": 340370
        },
        "2016-02": {
            "month": "2016-02",
            "price": "26.34",
            "revenue": 318014
        },
        "2016-03": {
            "month": "2016-03",
            "price": "26.47",
            "revenue": 307255
        },
        "2016-04": {
            "month": "2016-04",
            "price": "26.20",
            "revenue": 265854
        },
        "2016-05": {
            "month": "2016-05",
            "price": "26.19",
            "revenue": 299670
        },
        "2016-06": {
            "month": "2016-06",
            "price": "27.22",
            "revenue": 281555
        },
        "2016-07": {
            "month": "2016-07",
            "price": "26.54",
            "revenue": 286836
        },
        "2016-08": {
            "month": "2016-08",
            "price": "25.73",
            "revenue": 279611
        },
        "2016-09": {
            "month": "2016-09",
            "price": "24.52",
            "revenue": 310902
        },
        "2016-10": {
            "month": "2016-10",
            "price": "23.79",
            "revenue": 326482
        },
        "2016-11": {
            "month": "2016-11",
            "price": "24.03",
            "revenue": 307499
        },
        "2016-12": {
            "month": "2016-12",
            "price": "23.54",
            "revenue": 286788
        },
        "2017-01": {
            "month": "2017-01",
            "price": "23.40",
            "revenue": 333598
        },
        "2017-02": {
            "month": "2017-02",
            "price": "23.77",
            "revenue": 243142
        },
        "2017-03": {
            "month": "2017-03",
            "price": "23.57",
            "revenue": 251072
        },
        "2017-04": {
            "month": "2017-04",
            "price": "23.34",
            "revenue": 238605
        },
        "2017-05": {
            "month": "2017-05",
            "price": "23.39",
            "revenue": 268358
        },
        "2017-06": {
            "month": "2017-06",
            "price": "23.40",
            "revenue": 242535
        },
        "2017-07": {
            "month": "2017-07",
            "price": "23.43",
            "revenue": 238053
        },
        "2017-08": {
            "month": "2017-08",
            "price": "22.85",
            "revenue": 234272
        },
        "2017-09": {
            "month": "2017-09",
            "price": "23.50",
            "revenue": 247388
        },
        "2017-10": {
            "month": "2017-10",
            "price": "23.72",
            "revenue": 259404
        },
        "2017-11": {
            "month": "2017-11",
            "price": "23.06",
            "revenue": 253063
        },
        "2017-12": {
            "month": "2017-12",
            "price": "23.10",
            "revenue": 284745
        },
        "2018-01": {
            "month": "2018-01",
            "price": "23.28",
            "revenue": 263324
        },
        "2018-02": {
            "month": "2018-02",
            "price": "23.02",
            "revenue": 280197
        },
        "2018-03": {
            "month": "2018-03",
            "price": "23.06",
            "revenue": 261464
        },
        "2018-04": {
            "month": "2018-04",
            "price": "22.97",
            "revenue": 224043
        },
        "2018-05": {
            "month": "2018-05",
            "price": "22.76",
            "revenue": 223700
        },
        "2018-06": {
            "month": "2018-06",
            "price": "22.57",
            "revenue": 244092
        },
        "2018-07": {
            "month": "2018-07",
            "price": "22.50",
            "revenue": 214661
        },
        "2018-08": {
            "month": "2018-08",
            "price": "22.43",
            "revenue": 221221
        },
        "2018-09": {
            "month": "2018-09",
            "price": "22.38",
            "revenue": 260093
        },
        "2018-10": {
            "month": "2018-10",
            "price": "22.19",
            "revenue": 244878
        },
        "2018-11": {
            "month": "2018-11",
            "price": "23.02",
            "revenue": 245348
        },
        "2018-12": {
            "month": "2018-12",
            "price": "24.90",
            "revenue": 293579
        },
        "2019-01": {
            "month": "2019-01",
            "price": "22.25",
            "revenue": 298024
        },
        "2019-02": {
            "month": "2019-02",
            "price": "22.10",
            "revenue": 256959
        },
        "2019-03": {
            "month": "2019-03",
            "price": "22.04",
            "revenue": 249825
        },
        "2019-04": {
            "month": "2019-04",
            "price": "21.96",
            "revenue": 211493
        },
        "2019-05": {
            "month": "2019-05",
            "price": "21.75",
            "revenue": 224344
        },
        "2019-06": {
            "month": "2019-06",
            "price": "22.04",
            "revenue": 226259
        },
        "2019-07": {
            "month": "2019-07",
            "price": "22.38",
            "revenue": 215876
        },
        "2019-08": {
            "month": "2019-08",
            "price": "21.43",
            "revenue": 223618
        },
        "2019-09": {
            "month": "2019-09",
            "price": "21.78",
            "revenue": 232378
        },
        "2019-10": {
            "month": "2019-10",
            "price": "22.25",
            "revenue": 225714
        },
        "2019-11": {
            "month": "2019-11",
            "price": "26.57",
            "revenue": 261260
        },
        "2019-12": {
            "month": "2019-12",
            "price": "30.63",
            "revenue": 289954
        },
        "2020-01": {
            "month": "2020-01",
            "price": "28.42",
            "revenue": 322930
        },
        "2020-02": {
            "month": "2020-02",
            "price": "25.53",
            "revenue": 142625
        },
        "2020-03": {
            "month": "2020-03",
            "price": "24.24",
            "revenue": 85412
        },
        "2020-04": {
            "month": "2020-04",
            "price": "25.02",
            "revenue": 69542
        },
        "2020-05": {
            "month": "2020-05",
            "price": "26.89",
            "revenue": 120627
        },
        "2020-06": {
            "month": "2020-06",
            "price": "28.50",
            "revenue": 144555
        },
        "2020-07": {
            "month": "2020-07",
            "price": "28.55",
            "revenue": 164693
        },
        "2020-08": {
            "month": "2020-08",
            "price": "28.94",
            "revenue": 176682
        },
        "2020-09": {
            "month": "2020-09",
            "price": "29.60",
            "revenue": 207869
        },
        "2020-10": {
            "month": "2020-10",
            "price": "30.49",
            "revenue": 188086
        },
        "2020-11": {
            "month": "2020-11",
            "price": "30.10",
            "revenue": 175772
        },
        "2020-12": {
            "month": "2020-12",
            "price": "29.97",
            "revenue": 209908
        },
        "2021-01": {
            "month": "2021-01",
            "price": "30.18",
            "revenue": 191364
        },
        "2021-02": {
            "month": "2021-02",
            "price": "30.13",
            "revenue": 204407
        },
        "2021-03": {
            "month": "2021-03",
            "price": "29.72",
            "revenue": 153624
        },
        "2021-04": {
            "month": "2021-04",
            "price": "29.34",
            "revenue": 157530
        },
        "2021-05": {
            "month": "2021-05",
            "price": "28.37",
            "revenue": 83785
        },
        "2021-06": {
            "month": "2021-06",
            "price": "28.78",
            "revenue": 35728
        },
        "2021-07": {
            "month": "2021-07",
            "price": "28.76",
            "revenue": 42207
        },
        "2021-08": {
            "month": "2021-08",
            "price": "27.86",
            "revenue": 71571
        },
        "2021-09": {
            "month": "2021-09",
            "price": "28.33",
            "revenue": 148632
        },
        "2021-10": {
            "month": "2021-10",
            "price": "29.20",
            "revenue": 118632
        },
        "2021-11": {
            "month": "2021-11",
            "price": "30.98",
            "revenue": 136331
        },
        "2021-12": {
            "month": "2021-12",
            "price": "30.91",
            "revenue": 174533
        },
        "2022-01": {
            "month": "2022-01",
            "price": "31.01",
            "revenue": 186193
        },
        "2022-02": {
            "month": "2022-02",
            "price": "32.56",
            "revenue": 128651
        },
        "2022-03": {
            "month": "2022-03",
            "price": "33.40",
            "revenue": 127949
        },
        "2022-04": {
            "month": "2022-04",
            "price": "31.86",
            "revenue": 97680
        },
        "2022-05": {
            "month": "2022-05",
            "price": "31.30",
            "revenue": 64494
        },
        "2022-06": {
            "month": "2022-06",
            "price": "31.87",
            "revenue": 85186
        },
        "2022-07": {
            "month": "2022-07",
            "price": "32.36",
            "revenue": 101444
        },
        "2022-08": {
            "month": "2022-08",
            "price": "33.00",
            "revenue": 112335
        },
        "2022-09": {
            "month": "2022-09",
            "price": "31.62",
            "revenue": 138333
        },
        "2022-10": {
            "month": "2022-10",
            "price": "30.82",
            "revenue": 109654
        },
        "2022-11": {
            "month": "2022-11",
            "price": "30.86",
            "revenue": 130656
        },
        "2022-12": {
            "month": "2022-12",
            "price": "31.66",
            "revenue": 166809
        },
        "2023-01": {
            "month": "2023-01",
            "price": "32.54",
            "revenue": 198437
        },
        "2023-02": {
            "month": "2023-02",
            "price": "33.91",
            "revenue": 92284
        },
        "2023-03": {
            "month": "2023-03",
            "price": "35.83",
            "revenue": 95347
        },
        "2023-04": {
            "month": "2023-04",
            "price": "36.96",
            "revenue": 91325
        },
        "2023-05": {
            "month": "2023-05",
            "price": "43.75",
            "revenue": 92627
        },
        "2023-06": {
            "month": "2023-06",
            "price": "52.13",
            "revenue": 91205
        },
        "2023-07": {
            "month": "2023-07",
            "price": "51.64",
            "revenue": 92276
        },
        "2023-08": {
            "month": "2023-08",
            "price": "54.12",
            "revenue": 95099
        },
        "2023-09": {
            "month": "2023-09",
            "price": "51.53",
            "revenue": 124400
        },
        "2023-10": {
            "month": "2023-10",
            "price": "49.58",
            "revenue": 97484
        },
        "2023-11": {
            "month": "2023-11",
            "price": "48.46",
            "revenue": 97951
        },
        "2023-12": {
            "month": "2023-12",
            "price": "48.88",
            "revenue": 110514
        }
    }
}
