{
    "summary": {
        "stock_name": "六福",
        "stock_id": "2705",
        "category": "觀光餐旅",
        "main_business": "國際觀光旅館.餐飲.電影院.主題遊樂園",
        "website_url": "http://www.leofoo.com.tw",
        "ceo": "莊豐如",
        "pe_ratio": -48,
        "report_year_from": 2001,
        "report_year_to": 2023,
        "age": 22,
        "eps_negative_percentage": 83,
        "eps_growth_avg": {
            "last_all": -7.5,
            "last_2y": null,
            "last_4y": null,
            "last_8y": -15,
            "last_12y": -7.5,
            "last_16y": -7.5,
            "last_20y": -7.5,
            "at_2006_last_3y": null,
            "at_2007_last_3y": null,
            "at_2008_last_3y": null,
            "at_2009_last_3y": null,
            "at_2010_last_3y": null,
            "at_2011_last_3y": 100,
            "at_2012_last_3y": 0,
            "at_2013_last_3y": 0,
            "at_2014_last_3y": 0,
            "at_2015_last_3y": -15,
            "at_2016_last_3y": -15,
            "at_2017_last_3y": -15,
            "at_2018_last_3y": -15,
            "at_2019_last_3y": -100,
            "at_2020_last_3y": null,
            "at_2021_last_3y": null,
            "at_2022_last_3y": null,
            "at_2023_last_3y": null,
            "at_2006_last_all": null,
            "at_2007_last_all": null,
            "at_2008_last_all": null,
            "at_2009_last_all": null,
            "at_2010_last_all": null,
            "at_2011_last_all": 100,
            "at_2012_last_all": 0,
            "at_2013_last_all": 0,
            "at_2014_last_all": 0,
            "at_2015_last_all": 23.33,
            "at_2016_last_all": -7.5,
            "at_2017_last_all": -7.5,
            "at_2018_last_all": -7.5,
            "at_2019_last_all": -7.5,
            "at_2020_last_all": -7.5,
            "at_2021_last_all": -7.5,
            "at_2022_last_all": -7.5,
            "at_2023_last_all": -7.5
        },
        "latest_eps": -0.35,
        "latest_price": 16.75,
        "latest_roe": -1.4,
        "latest_gross_margin": 25.86,
        "latest_equity": 4766342,
        "latest_revenue": 460890,
        "latest_gross_profit": 119169,
        "latest_net_income": -92955,
        "latest_debt_ratio": 69.42,
        "latest_current_ratio": 34.55,
        "latest_account_receivable_turnover_ratio": 11.78,
        "latest_inventory_turnover_ratio": 6.89,
        "latest_reinvestment_rate": null,
        "latest_research_to_sale_ratio": null
    },
    "eps_dividends": {
        "1991": {
            "cash": 0,
            "stock": 2,
            "eps": 0
        },
        "1992": {
            "cash": 0,
            "stock": 1.5,
            "eps": 0
        },
        "1993": {
            "cash": 0,
            "stock": 1.5,
            "eps": 0
        },
        "1994": {
            "cash": 0.5,
            "stock": 1,
            "eps": 0
        },
        "1995": {
            "cash": 0,
            "stock": 1,
            "eps": 0
        },
        "1996": {
            "cash": 1.5,
            "stock": 1.57,
            "eps": 0
        },
        "1997": {
            "cash": 1,
            "stock": 2.55,
            "eps": 0
        },
        "1998": {
            "cash": 1,
            "stock": 2,
            "eps": 0
        },
        "1999": {
            "cash": 1,
            "stock": 1.11,
            "eps": 0
        },
        "2000": {
            "cash": 0.5,
            "stock": 0.5,
            "eps": 0
        },
        "2001": {
            "cash": 0,
            "stock": 0.5,
            "eps": -0.41
        },
        "2002": {
            "cash": 0,
            "stock": 0,
            "eps": -0.86
        },
        "2003": {
            "cash": 0,
            "stock": 0,
            "eps": -0.94
        },
        "2004": {
            "cash": 0,
            "stock": 0,
            "eps": -0.78
        },
        "2005": {
            "cash": 0,
            "stock": 0,
            "eps": -2.54
        },
        "2006": {
            "cash": 0,
            "stock": 0,
            "eps": -0.11
        },
        "2007": {
            "cash": 0,
            "stock": 0,
            "eps": -0.69
        },
        "2008": {
            "cash": 0,
            "stock": 0,
            "eps": -2.07
        },
        "2009": {
            "cash": 0,
            "stock": 0,
            "eps": -0.51
        },
        "2010": {
            "cash": 0,
            "stock": 0,
            "eps": 0.42
        },
        "2011": {
            "cash": 0,
            "stock": 0,
            "eps": 1.98
        },
        "2012": {
            "cash": 0,
            "stock": 0,
            "eps": -0.32
        },
        "2013": {
            "cash": 0,
            "stock": 0,
            "eps": -0.43
        },
        "2014": {
            "cash": 0,
            "stock": 0,
            "eps": 0.2
        },
        "2015": {
            "cash": 0.17,
            "stock": 0,
            "eps": 0.34
        },
        "2016": {
            "cash": 0.05,
            "stock": 0.27,
            "eps": -1.07
        },
        "2017": {
            "cash": 0,
            "stock": 0,
            "eps": -3.04
        },
        "2018": {
            "cash": 0,
            "stock": 0,
            "eps": -3.87
        },
        "2019": {
            "cash": 0,
            "stock": 0,
            "eps": -1.82
        },
        "2020": {
            "cash": 0,
            "stock": 0,
            "eps": -2.01
        },
        "2021": {
            "cash": 0,
            "stock": 0,
            "eps": -1.49
        },
        "2022": {
            "cash": 0,
            "stock": 0,
            "eps": -1.65
        },
        "2023": {
            "cash": 0,
            "stock": 0,
            "eps": -0.75
        }
    },
    "dividends": {
        "1991-04-19": {
            "cash": 0,
            "stock": 2
        },
        "1992-06-19": {
            "cash": 0,
            "stock": 1.5
        },
        "1993-06-04": {
            "cash": 0,
            "stock": 1.5
        },
        "1994-06-16": {
            "cash": 0.5,
            "stock": 1
        },
        "1995-06-14": {
            "cash": 0,
            "stock": 1
        },
        "1996-06-19": {
            "cash": 1.5,
            "stock": 1.57
        },
        "1997-06-19": {
            "cash": 1,
            "stock": 2.55
        },
        "1998-06-17": {
            "cash": 1,
            "stock": 2
        },
        "1999-06-09": {
            "cash": 1,
            "stock": 1.11
        },
        "2000-06-21": {
            "cash": 0.5,
            "stock": 0.5
        },
        "2001-06-06": {
            "cash": 0,
            "stock": 0.5
        },
        "2015-08-21": {
            "cash": 0.17,
            "stock": 0
        },
        "2016-09-22": {
            "cash": 0.05,
            "stock": 0.27
        }
    },
    "prices": {
        "200101": "14.71",
        "200102": "16.49",
        "200103": "17.49",
        "200104": "15.01",
        "200105": "12.34",
        "200106": "11.54",
        "200107": "9.79",
        "200108": "10.44",
        "200109": "9.29",
        "200110": "8.04",
        "200111": "8.48",
        "200112": "10.33",
        "200201": "11.22",
        "200202": "10.78",
        "200203": "11.39",
        "200204": "13.14",
        "200205": "12.75",
        "200206": "12.54",
        "200207": "11.85",
        "200208": "9.70",
        "200209": "7.93",
        "200210": "7.49",
        "200211": "8.99",
        "200212": "9.59",
        "200301": "11.62",
        "200302": "10.02",
        "200303": "9.01",
        "200304": "7.69",
        "200305": "6.31",
        "200306": "7.94",
        "200307": "8.77",
        "200308": "8.34",
        "200309": "8.35",
        "200310": "10.08",
        "200311": "10.28",
        "200312": "10.18",
        "200401": "11.65",
        "200402": "18.94",
        "200403": "18.70",
        "200404": "15.43",
        "200405": "12.23",
        "200406": "12.41",
        "200407": "12.53",
        "200408": "10.91",
        "200409": "11.80",
        "200410": "12.00",
        "200411": "11.56",
        "200412": "12.85",
        "200501": "15.65",
        "200502": "14.76",
        "200503": "15.97",
        "200504": "14.99",
        "200505": "17.24",
        "200506": "21.47",
        "200507": "19.66",
        "200508": "19.83",
        "200509": "17.17",
        "200510": "16.96",
        "200511": "17.11",
        "200512": "20.25",
        "200601": "18.73",
        "200602": "17.53",
        "200603": "17.20",
        "200604": "19.98",
        "200605": "23.97",
        "200606": "23.77",
        "200607": "24.04",
        "200608": "23.57",
        "200609": "23.68",
        "200610": "24.64",
        "200611": "24.00",
        "200612": "25.26",
        "200701": "23.83",
        "200702": "25.05",
        "200703": "23.92",
        "200704": "23.54",
        "200705": "19.88",
        "200706": "19.60",
        "200707": "21.69",
        "200708": "18.66",
        "200709": "17.35",
        "200710": "17.90",
        "200711": "15.99",
        "200712": "15.82",
        "200801": "20.36",
        "200802": "22.52",
        "200803": "24.89",
        "200804": "29.37",
        "200805": "29.40",
        "200806": "27.02",
        "200807": "18.06",
        "200808": "18.01",
        "200809": "15.73",
        "200810": "11.71",
        "200811": "10.57",
        "200812": "12.23",
        "200901": "12.15",
        "200902": "11.53",
        "200903": "13.72",
        "200904": "18.35",
        "200905": "19.83",
        "200906": "19.55",
        "200907": "20.62",
        "200908": "17.95",
        "200909": "16.80",
        "200910": "17.09",
        "200911": "17.75",
        "200912": "19.22",
        "201001": "19.76",
        "201002": "18.73",
        "201003": "17.99",
        "201004": "18.31",
        "201005": "16.96",
        "201006": "18.85",
        "201007": "19.79",
        "201008": "20.69",
        "201009": "20.22",
        "201010": "20.79",
        "201011": "20.16",
        "201012": "20.34",
        "201101": "21.45",
        "201102": "20.06",
        "201103": "18.76",
        "201104": "19.34",
        "201105": "20.35",
        "201106": "22.28",
        "201107": "22.14",
        "201108": "16.78",
        "201109": "19.40",
        "201110": "20.81",
        "201111": "19.26",
        "201112": "16.45",
        "201201": "17.42",
        "201202": "19.93",
        "201203": "19.77",
        "201204": "17.78",
        "201205": "16.57",
        "201206": "16.42",
        "201207": "16.44",
        "201208": "16.67",
        "201209": "16.82",
        "201210": "16.42",
        "201211": "14.94",
        "201212": "15.50",
        "201301": "15.85",
        "201302": "15.62",
        "201303": "15.04",
        "201304": "14.06",
        "201305": "14.47",
        "201306": "14.06",
        "201307": "13.94",
        "201308": "12.98",
        "201309": "12.38",
        "201310": "12.73",
        "201311": "11.97",
        "201312": "12.24",
        "201401": "12.50",
        "201402": "11.92",
        "201403": "11.88",
        "201404": "11.68",
        "201405": "11.35",
        "201406": "11.45",
        "201407": "12.99",
        "201408": "12.09",
        "201409": "11.80",
        "201410": "11.05",
        "201411": "10.82",
        "201412": "11.44",
        "201501": "11.58",
        "201502": "11.60",
        "201503": "11.45",
        "201504": "11.78",
        "201505": "12.27",
        "201506": "11.74",
        "201507": "11.39",
        "201508": "10.00",
        "201509": "9.60",
        "201510": "10.05",
        "201511": "10.30",
        "201512": "10.53",
        "201601": "10.25",
        "201602": "10.43",
        "201603": "10.31",
        "201604": "9.59",
        "201605": "8.82",
        "201606": "9.00",
        "201607": "9.10",
        "201608": "9.00",
        "201609": "8.63",
        "201610": "8.69",
        "201611": "8.14",
        "201612": "8.09",
        "201701": "8.12",
        "201702": "8.68",
        "201703": "8.57",
        "201704": "8.17",
        "201705": "8.12",
        "201706": "8.19",
        "201707": "8.26",
        "201708": "8.13",
        "201709": "8.04",
        "201710": "7.92",
        "201711": "7.99",
        "201712": "7.96",
        "201801": "8.10",
        "201802": "7.66",
        "201803": "7.56",
        "201804": "7.06",
        "201805": "6.74",
        "201806": "6.64",
        "201807": "6.39",
        "201808": "6.24",
        "201809": "6.17",
        "201810": "5.81",
        "201811": "5.93",
        "201812": "6.72",
        "201901": "6.31",
        "201902": "6.24",
        "201903": "6.26",
        "201904": "6.49",
        "201905": "7.05",
        "201906": "6.91",
        "201907": "7.14",
        "201908": "7.05",
        "201909": "7.67",
        "201910": "8.34",
        "201911": "15.07",
        "201912": "15.31",
        "202001": "15.27",
        "202002": "13.29",
        "202003": "11.12",
        "202004": "10.30",
        "202005": "12.92",
        "202006": "15.66",
        "202007": "16.49",
        "202008": "16.25",
        "202009": "17.72",
        "202010": "20.70",
        "202011": "21.99",
        "202012": "21.64",
        "202101": "20.07",
        "202102": "20.43",
        "202103": "21.10",
        "202104": "19.91",
        "202105": "17.10",
        "202106": "17.67",
        "202107": "19.13",
        "202108": "18.10",
        "202109": "17.96",
        "202110": "18.18",
        "202111": "18.15",
        "202112": "17.51",
        "202201": "17.30",
        "202202": "17.79",
        "202203": "17.52",
        "202204": "17.14",
        "202205": "16.75",
        "202206": "17.91",
        "202207": "16.39",
        "202208": "16.45",
        "202209": "16.32",
        "202210": "16.15",
        "202211": "16.32",
        "202212": "16.73",
        "202301": "16.85",
        "202302": "17.56",
        "202303": "17.76",
        "202304": "17.73",
        "202305": "18.82",
        "202306": "23.30",
        "202307": "21.70",
        "202308": "18.14",
        "202309": "17.16",
        "202310": "16.81"
    },
    "quarters": {
        "20011": {
            "year_quarter": 20011,
            "year": 2001,
            "quarter": 1,
            "eps": -0.18,
            "eps_growth_year": -1900,
            "eps_4q": -0.44,
            "eps_4q_growth_year": null,
            "roe": -0.91,
            "roe_4q": -0.91,
            "gross_profit": 286980,
            "gross_margin": 47.09,
            "gross_margin_4q_avg": 47.09,
            "net_income": -45055,
            "net_income_4q": null,
            "revenue": 609442,
            "revenue_4q": null,
            "common_shares": 2520000,
            "book_valuer_per_share": 19.63,
            "book_valuer_per_share_4q_avg": 19.63,
            "equity": 4946386,
            "current_ratio": 34.83,
            "debt_ratio": 40.58,
            "inventory_turnover_ratio": 12.1,
            "account_receivable_turnover_ratio": null,
            "reinvestment_rate": null,
            "research_to_sale_ratio": null,
            "price_fair": 0,
            "eps_avg_yearly": 0,
            "eps_latest_yearly": 0,
            "eps_growth_yearly": 0
        },
        "20012": {
            "year_quarter": 20012,
            "year": 2001,
            "quarter": 2,
            "eps": -0.13,
            "eps_growth_year": null,
            "eps_4q": -0.42,
            "eps_4q_growth_year": null,
            "roe": -0.67,
            "roe_4q": -1.58,
            "gross_profit": 282579,
            "gross_margin": 46.61,
            "gross_margin_4q_avg": 46.85,
            "net_income": -33270,
            "net_income_4q": null,
            "revenue": 606280,
            "revenue_4q": null,
            "common_shares": 2520000,
            "book_valuer_per_share": 19.5,
            "book_valuer_per_share_4q_avg": 19.57,
            "equity": 4913117,
            "current_ratio": 33.26,
            "debt_ratio": 40.82,
            "inventory_turnover_ratio": 11.92,
            "account_receivable_turnover_ratio": null,
            "reinvestment_rate": null,
            "research_to_sale_ratio": null,
            "price_fair": 0,
            "eps_avg_yearly": 0,
            "eps_latest_yearly": 0,
            "eps_growth_yearly": 0
        },
        "20013": {
            "year_quarter": 20013,
            "year": 2001,
            "quarter": 3,
            "eps": -0.06,
            "eps_growth_year": null,
            "eps_4q": -0.42,
            "eps_4q_growth_year": null,
            "roe": -0.31,
            "roe_4q": -1.8900000000000001,
            "gross_profit": 311522,
            "gross_margin": 47.28,
            "gross_margin_4q_avg": 46.99,
            "net_income": -15273,
            "net_income_4q": null,
            "revenue": 658919,
            "revenue_4q": null,
            "common_shares": 2646000,
            "book_valuer_per_share": 18.51,
            "book_valuer_per_share_4q_avg": 19.21,
            "equity": 4897844,
            "current_ratio": 63.65,
            "debt_ratio": 39.83,
            "inventory_turnover_ratio": 12.7,
            "account_receivable_turnover_ratio": null,
            "reinvestment_rate": null,
            "research_to_sale_ratio": null,
            "price_fair": 0,
            "eps_avg_yearly": 0,
            "eps_latest_yearly": 0,
            "eps_growth_yearly": 0
        },
        "20014": {
            "year_quarter": 20014,
            "year": 2001,
            "quarter": 4,
            "eps": -0.04,
            "eps_growth_year": null,
            "eps_4q": -0.4,
            "eps_4q_growth_year": null,
            "roe": -0.23,
            "roe_4q": -2.12,
            "gross_profit": 323347,
            "gross_margin": 50.01,
            "gross_margin_4q_avg": 47.75,
            "net_income": -11431,
            "net_income_4q": null,
            "revenue": 646519,
            "revenue_4q": null,
            "common_shares": 2646000,
            "book_valuer_per_share": 18.48,
            "book_valuer_per_share_4q_avg": 19.03,
            "equity": 4889662,
            "current_ratio": 64.74,
            "debt_ratio": 38.91,
            "inventory_turnover_ratio": 12.35,
            "account_receivable_turnover_ratio": null,
            "reinvestment_rate": null,
            "research_to_sale_ratio": null,
            "price_fair": 0,
            "eps_avg_yearly": 0,
            "eps_latest_yearly": 0,
            "eps_growth_yearly": 0
        },
        "20021": {
            "year_quarter": 20021,
            "year": 2002,
            "quarter": 1,
            "eps": -0.14,
            "eps_growth_year": null,
            "eps_4q": -0.37,
            "eps_4q_growth_year": null,
            "roe": -0.77,
            "roe_4q": -1.98,
            "gross_profit": 267265,
            "gross_margin": 45.44,
            "gross_margin_4q_avg": 47.34,
            "net_income": -37281,
            "net_income_4q": null,
            "revenue": 588192,
            "revenue_4q": null,
            "common_shares": 2646000,
            "book_valuer_per_share": 18.34,
            "book_valuer_per_share_4q_avg": 18.71,
            "equity": 4852381,
            "current_ratio": 46.24,
            "debt_ratio": 38.69,
            "inventory_turnover_ratio": 12.95,
            "account_receivable_turnover_ratio": null,
            "reinvestment_rate": null,
            "research_to_sale_ratio": null,
            "price_fair": 0,
            "eps_avg_yearly": 0,
            "eps_latest_yearly": 0,
            "eps_growth_yearly": 0
        },
        "20022": {
            "year_quarter": 20022,
            "year": 2002,
            "quarter": 2,
            "eps": -0.4,
            "eps_growth_year": null,
            "eps_4q": -0.64,
            "eps_4q_growth_year": null,
            "roe": -2.21,
            "roe_4q": -3.52,
            "gross_profit": 246697,
            "gross_margin": 44.11,
            "gross_margin_4q_avg": 46.71,
            "net_income": -106239,
            "net_income_4q": null,
            "revenue": 559316,
            "revenue_4q": null,
            "common_shares": 2646000,
            "book_valuer_per_share": 17.94,
            "book_valuer_per_share_4q_avg": 18.32,
            "equity": 4746142,
            "current_ratio": 45.03,
            "debt_ratio": 38.93,
            "inventory_turnover_ratio": 12.84,
            "account_receivable_turnover_ratio": null,
            "reinvestment_rate": null,
            "research_to_sale_ratio": null,
            "price_fair": 0,
            "eps_avg_yearly": 0,
            "eps_latest_yearly": 0,
            "eps_growth_yearly": 0
        },
        "20023": {
            "year_quarter": 20023,
            "year": 2002,
            "quarter": 3,
            "eps": -0.12,
            "eps_growth_year": null,
            "eps_4q": -0.7,
            "eps_4q_growth_year": null,
            "roe": -0.67,
            "roe_4q": -3.88,
            "gross_profit": 291509,
            "gross_margin": 49.62,
            "gross_margin_4q_avg": 47.3,
            "net_income": -31586,
            "net_income_4q": null,
            "revenue": 587477,
            "revenue_4q": null,
            "common_shares": 2646000,
            "book_valuer_per_share": 17.82,
            "book_valuer_per_share_4q_avg": 18.15,
            "equity": 4714556,
            "current_ratio": 58.6,
            "debt_ratio": 38.34,
            "inventory_turnover_ratio": 12.68,
            "account_receivable_turnover_ratio": null,
            "reinvestment_rate": null,
            "research_to_sale_ratio": null,
            "price_fair": 0,
            "eps_avg_yearly": 0,
            "eps_latest_yearly": 0,
            "eps_growth_yearly": 0
        },
        "20024": {
            "year_quarter": 20024,
            "year": 2002,
            "quarter": 4,
            "eps": -0.2,
            "eps_growth_year": null,
            "eps_4q": -0.86,
            "eps_4q_growth_year": null,
            "roe": -1.13,
            "roe_4q": -4.779999999999999,
            "gross_profit": 264741,
            "gross_margin": 46.34,
            "gross_margin_4q_avg": 46.38,
            "net_income": -53204,
            "net_income_4q": null,
            "revenue": 571281,
            "revenue_4q": null,
            "common_shares": 2646000,
            "book_valuer_per_share": 17.62,
            "book_valuer_per_share_4q_avg": 17.93,
            "equity": 4661352,
            "current_ratio": 57.03,
            "debt_ratio": 38.34,
            "inventory_turnover_ratio": 13.59,
            "account_receivable_turnover_ratio": null,
            "reinvestment_rate": null,
            "research_to_sale_ratio": null,
            "price_fair": 0,
            "eps_avg_yearly": 0,
            "eps_latest_yearly": 0,
            "eps_growth_yearly": 0
        },
        "20031": {
            "year_quarter": 20031,
            "year": 2003,
            "quarter": 1,
            "eps": -0.17,
            "eps_growth_year": null,
            "eps_4q": -0.9,
            "eps_4q_growth_year": null,
            "roe": -0.96,
            "roe_4q": -4.97,
            "gross_profit": 251329,
            "gross_margin": 44.9,
            "gross_margin_4q_avg": 46.24,
            "net_income": -44389,
            "net_income_4q": null,
            "revenue": 559699,
            "revenue_4q": null,
            "common_shares": 2646000,
            "book_valuer_per_share": 17.45,
            "book_valuer_per_share_4q_avg": 17.71,
            "equity": 4616963,
            "current_ratio": 56.52,
            "debt_ratio": 38.01,
            "inventory_turnover_ratio": 13.76,
            "account_receivable_turnover_ratio": null,
            "reinvestment_rate": null,
            "research_to_sale_ratio": null,
            "price_fair": 0,
            "eps_avg_yearly": 0,
            "eps_latest_yearly": 0,
            "eps_growth_yearly": 0
        },
        "20032": {
            "year_quarter": 20032,
            "year": 2003,
            "quarter": 2,
            "eps": -0.57,
            "eps_growth_year": null,
            "eps_4q": -1.05,
            "eps_4q_growth_year": null,
            "roe": -3.29,
            "roe_4q": -6.05,
            "gross_profit": 73686,
            "gross_margin": 21.48,
            "gross_margin_4q_avg": 40.59,
            "net_income": -149589,
            "net_income_4q": null,
            "revenue": 343065,
            "revenue_4q": null,
            "common_shares": 2646000,
            "book_valuer_per_share": 16.89,
            "book_valuer_per_share_4q_avg": 17.45,
            "equity": 4468805,
            "current_ratio": 67.81,
            "debt_ratio": 39.02,
            "inventory_turnover_ratio": 13.11,
            "account_receivable_turnover_ratio": null,
            "reinvestment_rate": null,
            "research_to_sale_ratio": null,
            "price_fair": 0,
            "eps_avg_yearly": 0,
            "eps_latest_yearly": 0,
            "eps_growth_yearly": 0
        },
        "20033": {
            "year_quarter": 20033,
            "year": 2003,
            "quarter": 3,
            "eps": -0.06,
            "eps_growth_year": null,
            "eps_4q": -0.99,
            "eps_4q_growth_year": null,
            "roe": -0.34,
            "roe_4q": -5.72,
            "gross_profit": 256361,
            "gross_margin": 47.26,
            "gross_margin_4q_avg": 40,
            "net_income": -14991,
            "net_income_4q": null,
            "revenue": 542437,
            "revenue_4q": null,
            "common_shares": 2646000,
            "book_valuer_per_share": 16.83,
            "book_valuer_per_share_4q_avg": 17.2,
            "equity": 4453814,
            "current_ratio": 56.89,
            "debt_ratio": 41.18,
            "inventory_turnover_ratio": 15.39,
            "account_receivable_turnover_ratio": null,
            "reinvestment_rate": null,
            "research_to_sale_ratio": null,
            "price_fair": 0,
            "eps_avg_yearly": 0,
            "eps_latest_yearly": 0,
            "eps_growth_yearly": 0
        },
        "20034": {
            "year_quarter": 20034,
            "year": 2003,
            "quarter": 4,
            "eps": -0.14,
            "eps_growth_year": null,
            "eps_4q": -0.93,
            "eps_4q_growth_year": null,
            "roe": -0.83,
            "roe_4q": -5.42,
            "gross_profit": 290041,
            "gross_margin": 50.04,
            "gross_margin_4q_avg": 40.92,
            "net_income": -36730,
            "net_income_4q": null,
            "revenue": 579620,
            "revenue_4q": null,
            "common_shares": 2646000,
            "book_valuer_per_share": 16.69,
            "book_valuer_per_share_4q_avg": 16.97,
            "equity": 4415653,
            "current_ratio": 70.06,
            "debt_ratio": 39.55,
            "inventory_turnover_ratio": 14.59,
            "account_receivable_turnover_ratio": null,
            "reinvestment_rate": null,
            "research_to_sale_ratio": null,
            "price_fair": 0,
            "eps_avg_yearly": 0,
            "eps_latest_yearly": 0,
            "eps_growth_yearly": 0
        },
        "20041": {
            "year_quarter": 20041,
            "year": 2004,
            "quarter": 1,
            "eps": -0.23,
            "eps_growth_year": null,
            "eps_4q": -0.98,
            "eps_4q_growth_year": null,
            "roe": -1.41,
            "roe_4q": -5.869999999999999,
            "gross_profit": 213336,
            "gross_margin": 43.99,
            "gross_margin_4q_avg": 40.69,
            "net_income": -61788,
            "net_income_4q": null,
            "revenue": 484918,
            "revenue_4q": null,
            "common_shares": 2646000,
            "book_valuer_per_share": 16.45,
            "book_valuer_per_share_4q_avg": 16.72,
            "equity": 4353865,
            "current_ratio": 72.49,
            "debt_ratio": 40.19,
            "inventory_turnover_ratio": 11.88,
            "account_receivable_turnover_ratio": null,
            "reinvestment_rate": null,
            "research_to_sale_ratio": null,
            "price_fair": 0,
            "eps_avg_yearly": 0,
            "eps_latest_yearly": 0,
            "eps_growth_yearly": 0
        },
        "20042": {
            "year_quarter": 20042,
            "year": 2004,
            "quarter": 2,
            "eps": -0.21,
            "eps_growth_year": null,
            "eps_4q": -0.64,
            "eps_4q_growth_year": null,
            "roe": -1.3,
            "roe_4q": -3.88,
            "gross_profit": 212599,
            "gross_margin": 44.18,
            "gross_margin_4q_avg": 46.37,
            "net_income": -56330,
            "net_income_4q": null,
            "revenue": 481228,
            "revenue_4q": null,
            "common_shares": 2646000,
            "book_valuer_per_share": 16.24,
            "book_valuer_per_share_4q_avg": 16.55,
            "equity": 4297535,
            "current_ratio": 92.19,
            "debt_ratio": 40.56,
            "inventory_turnover_ratio": 11.65,
            "account_receivable_turnover_ratio": null,
            "reinvestment_rate": null,
            "research_to_sale_ratio": null,
            "price_fair": 0,
            "eps_avg_yearly": 0,
            "eps_latest_yearly": 0,
            "eps_growth_yearly": 0
        },
        "20043": {
            "year_quarter": 20043,
            "year": 2004,
            "quarter": 3,
            "eps": -0.19,
            "eps_growth_year": null,
            "eps_4q": -0.78,
            "eps_4q_growth_year": null,
            "roe": -1.19,
            "roe_4q": -4.73,
            "gross_profit": 224233,
            "gross_margin": 43.57,
            "gross_margin_4q_avg": 45.45,
            "net_income": -50866,
            "net_income_4q": null,
            "revenue": 514671,
            "revenue_4q": null,
            "common_shares": 2646000,
            "book_valuer_per_share": 16.05,
            "book_valuer_per_share_4q_avg": 16.36,
            "equity": 4246669,
            "current_ratio": 56.79,
            "debt_ratio": 40.79,
            "inventory_turnover_ratio": 12.97,
            "account_receivable_turnover_ratio": null,
            "reinvestment_rate": null,
            "research_to_sale_ratio": null,
            "price_fair": 0,
            "eps_avg_yearly": 0,
            "eps_latest_yearly": 0,
            "eps_growth_yearly": 0
        },
        "20044": {
            "year_quarter": 20044,
            "year": 2004,
            "quarter": 4,
            "eps": -0.15,
            "eps_growth_year": null,
            "eps_4q": -0.79,
            "eps_4q_growth_year": null,
            "roe": -0.93,
            "roe_4q": -4.83,
            "gross_profit": 282080,
            "gross_margin": 50.02,
            "gross_margin_4q_avg": 45.44,
            "net_income": -40042,
            "net_income_4q": null,
            "revenue": 563895,
            "revenue_4q": null,
            "common_shares": 2789333,
            "book_valuer_per_share": 15.68,
            "book_valuer_per_share_4q_avg": 16.11,
            "equity": 4374327,
            "current_ratio": 71.16,
            "debt_ratio": 38.28,
            "inventory_turnover_ratio": 11.98,
            "account_receivable_turnover_ratio": null,
            "reinvestment_rate": null,
            "research_to_sale_ratio": null,
            "price_fair": 0,
            "eps_avg_yearly": 0,
            "eps_latest_yearly": 0,
            "eps_growth_yearly": 0
        },
        "20051": {
            "year_quarter": 20051,
            "year": 2005,
            "quarter": 1,
            "eps": -2.52,
            "eps_growth_year": null,
            "eps_4q": -3.03,
            "eps_4q_growth_year": null,
            "roe": -16.92,
            "roe_4q": -20.340000000000003,
            "gross_profit": 276908,
            "gross_margin": 51.8,
            "gross_margin_4q_avg": 47.39,
            "net_income": -728664,
            "net_income_4q": null,
            "revenue": 534552,
            "revenue_4q": null,
            "common_shares": 2896940,
            "book_valuer_per_share": 14.64,
            "book_valuer_per_share_4q_avg": 15.65,
            "equity": 4240444,
            "current_ratio": 50.77,
            "debt_ratio": 33.72,
            "inventory_turnover_ratio": 9.31,
            "account_receivable_turnover_ratio": null,
            "reinvestment_rate": null,
            "research_to_sale_ratio": null,
            "price_fair": 0,
            "eps_avg_yearly": 0,
            "eps_latest_yearly": 0,
            "eps_growth_yearly": 0
        },
        "20052": {
            "year_quarter": 20052,
            "year": 2005,
            "quarter": 2,
            "eps": -0.05,
            "eps_growth_year": null,
            "eps_4q": -2.88,
            "eps_4q_growth_year": null,
            "roe": -0.34,
            "roe_4q": -19.380000000000003,
            "gross_profit": 298615,
            "gross_margin": 53.94,
            "gross_margin_4q_avg": 49.83,
            "net_income": -14563,
            "net_income_4q": null,
            "revenue": 553631,
            "revenue_4q": null,
            "common_shares": 2901213,
            "book_valuer_per_share": 14.58,
            "book_valuer_per_share_4q_avg": 15.24,
            "equity": 4230880,
            "current_ratio": 80.5,
            "debt_ratio": 34.93,
            "inventory_turnover_ratio": 8.59,
            "account_receivable_turnover_ratio": null,
            "reinvestment_rate": null,
            "research_to_sale_ratio": null,
            "price_fair": 0,
            "eps_avg_yearly": 0,
            "eps_latest_yearly": 0,
            "eps_growth_yearly": 0
        },
        "20053": {
            "year_quarter": 20053,
            "year": 2005,
            "quarter": 3,
            "eps": 0.04,
            "eps_growth_year": null,
            "eps_4q": -2.85,
            "eps_4q_growth_year": null,
            "roe": 0.26,
            "roe_4q": -17.93,
            "gross_profit": 312931,
            "gross_margin": 54.49,
            "gross_margin_4q_avg": 52.56,
            "net_income": 10836,
            "net_income_4q": null,
            "revenue": 574336,
            "revenue_4q": null,
            "common_shares": 2901213,
            "book_valuer_per_share": 14.62,
            "book_valuer_per_share_4q_avg": 14.88,
            "equity": 4241716,
            "current_ratio": 57.1,
            "debt_ratio": 35.2,
            "inventory_turnover_ratio": 8.86,
            "account_receivable_turnover_ratio": null,
            "reinvestment_rate": null,
            "research_to_sale_ratio": null,
            "price_fair": 0,
            "eps_avg_yearly": 0,
            "eps_latest_yearly": 0,
            "eps_growth_yearly": 0
        },
        "20054": {
            "year_quarter": 20054,
            "year": 2005,
            "quarter": 4,
            "eps": -0.01,
            "eps_growth_year": null,
            "eps_4q": -2.54,
            "eps_4q_growth_year": null,
            "roe": -0.09,
            "roe_4q": -17.090000000000003,
            "gross_profit": 369294,
            "gross_margin": 63.52,
            "gross_margin_4q_avg": 55.94,
            "net_income": -3653,
            "net_income_4q": null,
            "revenue": 581399,
            "revenue_4q": null,
            "common_shares": 2901213,
            "book_valuer_per_share": 14.61,
            "book_valuer_per_share_4q_avg": 14.61,
            "equity": 4238063,
            "current_ratio": 35.57,
            "debt_ratio": 36.41,
            "inventory_turnover_ratio": 6.9,
            "account_receivable_turnover_ratio": null,
            "reinvestment_rate": null,
            "research_to_sale_ratio": null,
            "price_fair": 0,
            "eps_avg_yearly": 0,
            "eps_latest_yearly": 0,
            "eps_growth_yearly": 0
        },
        "20061": {
            "year_quarter": 20061,
            "year": 2006,
            "quarter": 1,
            "eps": -0.02,
            "eps_growth_year": null,
            "eps_4q": -0.04,
            "eps_4q_growth_year": null,
            "roe": -0.17,
            "roe_4q": -0.34,
            "gross_profit": 313496,
            "gross_margin": 55.77,
            "gross_margin_4q_avg": 56.93,
            "net_income": -7078,
            "net_income_4q": null,
            "revenue": 562074,
            "revenue_4q": null,
            "common_shares": 2902410,
            "book_valuer_per_share": 14.58,
            "book_valuer_per_share_4q_avg": 14.6,
            "equity": 4232385,
            "current_ratio": 30.99,
            "debt_ratio": 36.63,
            "inventory_turnover_ratio": 7.83,
            "account_receivable_turnover_ratio": null,
            "reinvestment_rate": null,
            "research_to_sale_ratio": null,
            "price_fair": 0,
            "eps_avg_yearly": 0,
            "eps_latest_yearly": 0,
            "eps_growth_yearly": 0
        },
        "20062": {
            "year_quarter": 20062,
            "year": 2006,
            "quarter": 2,
            "eps": 0.01,
            "eps_growth_year": null,
            "eps_4q": 0.01,
            "eps_4q_growth_year": null,
            "roe": 0.09,
            "roe_4q": 0.09,
            "gross_profit": 297953,
            "gross_margin": 54.64,
            "gross_margin_4q_avg": 57.11,
            "net_income": 3620,
            "net_income_4q": null,
            "revenue": 545291,
            "revenue_4q": null,
            "common_shares": 2902410,
            "book_valuer_per_share": 14.59,
            "book_valuer_per_share_4q_avg": 14.6,
            "equity": 4236005,
            "current_ratio": 35.07,
            "debt_ratio": 39.05,
            "inventory_turnover_ratio": 7.78,
            "account_receivable_turnover_ratio": null,
            "reinvestment_rate": null,
            "research_to_sale_ratio": null,
            "price_fair": 0,
            "eps_avg_yearly": 0,
            "eps_latest_yearly": 0,
            "eps_growth_yearly": 0
        },
        "20063": {
            "year_quarter": 20063,
            "year": 2006,
            "quarter": 3,
            "eps": 0,
            "eps_growth_year": -100,
            "eps_4q": -0.02,
            "eps_4q_growth_year": null,
            "roe": 0.01,
            "roe_4q": -0.16000000000000003,
            "gross_profit": 373188,
            "gross_margin": 58.05,
            "gross_margin_4q_avg": 58,
            "net_income": 565,
            "net_income_4q": null,
            "revenue": 642883,
            "revenue_4q": null,
            "common_shares": 2902410,
            "book_valuer_per_share": 14.6,
            "book_valuer_per_share_4q_avg": 14.6,
            "equity": 4236570,
            "current_ratio": 40.85,
            "debt_ratio": 38.98,
            "inventory_turnover_ratio": 8.35,
            "account_receivable_turnover_ratio": null,
            "reinvestment_rate": null,
            "research_to_sale_ratio": null,
            "price_fair": 0,
            "eps_avg_yearly": 0,
            "eps_latest_yearly": 0,
            "eps_growth_yearly": 0
        },
        "20064": {
            "year_quarter": 20064,
            "year": 2006,
            "quarter": 4,
            "eps": -0.1,
            "eps_growth_year": null,
            "eps_4q": -0.11,
            "eps_4q_growth_year": null,
            "roe": -0.68,
            "roe_4q": -0.7500000000000001,
            "gross_profit": 308938,
            "gross_margin": 51.84,
            "gross_margin_4q_avg": 55.08,
            "net_income": -28782,
            "net_income_4q": null,
            "revenue": 595999,
            "revenue_4q": null,
            "common_shares": 2902410,
            "book_valuer_per_share": 14.5,
            "book_valuer_per_share_4q_avg": 14.57,
            "equity": 4207788,
            "current_ratio": 35.97,
            "debt_ratio": 38.89,
            "inventory_turnover_ratio": 8.67,
            "account_receivable_turnover_ratio": null,
            "reinvestment_rate": null,
            "research_to_sale_ratio": null,
            "price_fair": 0,
            "eps_avg_yearly": 0,
            "eps_latest_yearly": 0,
            "eps_growth_yearly": 0
        },
        "20071": {
            "year_quarter": 20071,
            "year": 2007,
            "quarter": 1,
            "eps": -0.23,
            "eps_growth_year": null,
            "eps_4q": -0.32,
            "eps_4q_growth_year": null,
            "roe": -1.59,
            "roe_4q": -2.1700000000000004,
            "gross_profit": 271082,
            "gross_margin": 51.19,
            "gross_margin_4q_avg": 53.93,
            "net_income": -66344,
            "net_income_4q": null,
            "revenue": 529574,
            "revenue_4q": null,
            "common_shares": 2902410,
            "book_valuer_per_share": 14.27,
            "book_valuer_per_share_4q_avg": 14.49,
            "equity": 4141444,
            "current_ratio": 28.92,
            "debt_ratio": 39.18,
            "inventory_turnover_ratio": 7.99,
            "account_receivable_turnover_ratio": null,
            "reinvestment_rate": null,
            "research_to_sale_ratio": null,
            "price_fair": 0,
            "eps_avg_yearly": 0,
            "eps_latest_yearly": 0,
            "eps_growth_yearly": 0
        },
        "20072": {
            "year_quarter": 20072,
            "year": 2007,
            "quarter": 2,
            "eps": -0.14,
            "eps_growth_year": -1500,
            "eps_4q": -0.46,
            "eps_4q_growth_year": -3709.5,
            "roe": -0.97,
            "roe_4q": -3.2300000000000004,
            "gross_profit": 105501,
            "gross_margin": 19.77,
            "gross_margin_4q_avg": 45.21,
            "net_income": -39891,
            "net_income_4q": null,
            "revenue": 533520,
            "revenue_4q": null,
            "common_shares": 2902410,
            "book_valuer_per_share": 14.13,
            "book_valuer_per_share_4q_avg": 14.38,
            "equity": 4101553,
            "current_ratio": 31.1,
            "debt_ratio": 40.42,
            "inventory_turnover_ratio": 13.73,
            "account_receivable_turnover_ratio": null,
            "reinvestment_rate": null,
            "research_to_sale_ratio": null,
            "price_fair": 0,
            "eps_avg_yearly": 0,
            "eps_latest_yearly": 0,
            "eps_growth_yearly": 0
        },
        "20073": {
            "year_quarter": 20073,
            "year": 2007,
            "quarter": 3,
            "eps": -0.19,
            "eps_growth_year": null,
            "eps_4q": -0.65,
            "eps_4q_growth_year": null,
            "roe": -1.33,
            "roe_4q": -4.569999999999999,
            "gross_profit": 454454,
            "gross_margin": 82.48,
            "gross_margin_4q_avg": 51.32,
            "net_income": -54056,
            "net_income_4q": null,
            "revenue": 551006,
            "revenue_4q": null,
            "common_shares": 2902410,
            "book_valuer_per_share": 13.95,
            "book_valuer_per_share_4q_avg": 14.21,
            "equity": 4047497,
            "current_ratio": 32.58,
            "debt_ratio": 41.15,
            "inventory_turnover_ratio": 3.18,
            "account_receivable_turnover_ratio": null,
            "reinvestment_rate": null,
            "research_to_sale_ratio": null,
            "price_fair": 0,
            "eps_avg_yearly": 0,
            "eps_latest_yearly": 0,
            "eps_growth_yearly": 0
        },
        "20074": {
            "year_quarter": 20074,
            "year": 2007,
            "quarter": 4,
            "eps": -0.13,
            "eps_growth_year": null,
            "eps_4q": -0.68,
            "eps_4q_growth_year": null,
            "roe": -0.88,
            "roe_4q": -4.77,
            "gross_profit": -22851,
            "gross_margin": -4,
            "gross_margin_4q_avg": 37.36,
            "net_income": -38102,
            "net_income_4q": null,
            "revenue": 571357,
            "revenue_4q": null,
            "common_shares": 2902410,
            "book_valuer_per_share": 15.72,
            "book_valuer_per_share_4q_avg": 14.52,
            "equity": 4562773,
            "current_ratio": 52.1,
            "debt_ratio": 41.02,
            "inventory_turnover_ratio": 19.37,
            "account_receivable_turnover_ratio": null,
            "reinvestment_rate": null,
            "research_to_sale_ratio": null,
            "price_fair": 0,
            "eps_avg_yearly": 0,
            "eps_latest_yearly": 0,
            "eps_growth_yearly": 0
        },
        "20081": {
            "year_quarter": 20081,
            "year": 2008,
            "quarter": 1,
            "eps": -0.29,
            "eps_growth_year": null,
            "eps_4q": -0.74,
            "eps_4q_growth_year": null,
            "roe": -1.88,
            "roe_4q": -5.06,
            "gross_profit": 181309,
            "gross_margin": 34.04,
            "gross_margin_4q_avg": 33.07,
            "net_income": -84878,
            "net_income_4q": null,
            "revenue": 532624,
            "revenue_4q": null,
            "common_shares": 2902410,
            "book_valuer_per_share": 15.43,
            "book_valuer_per_share_4q_avg": 14.81,
            "equity": 4477898,
            "current_ratio": 82.63,
            "debt_ratio": 45.89,
            "inventory_turnover_ratio": 1.22,
            "account_receivable_turnover_ratio": null,
            "reinvestment_rate": null,
            "research_to_sale_ratio": null,
            "price_fair": 0,
            "eps_avg_yearly": 0,
            "eps_latest_yearly": 0,
            "eps_growth_yearly": 0
        },
        "20082": {
            "year_quarter": 20082,
            "year": 2008,
            "quarter": 2,
            "eps": -1.46,
            "eps_growth_year": null,
            "eps_4q": -2.07,
            "eps_4q_growth_year": null,
            "roe": -9.9,
            "roe_4q": -13.990000000000002,
            "gross_profit": 171213,
            "gross_margin": 33.72,
            "gross_margin_4q_avg": 36.56,
            "net_income": -422491,
            "net_income_4q": null,
            "revenue": 507728,
            "revenue_4q": null,
            "common_shares": 2902410,
            "book_valuer_per_share": 13.97,
            "book_valuer_per_share_4q_avg": 14.77,
            "equity": 4055406,
            "current_ratio": 41.88,
            "debt_ratio": 49.3,
            "inventory_turnover_ratio": 1.17,
            "account_receivable_turnover_ratio": null,
            "reinvestment_rate": null,
            "research_to_sale_ratio": null,
            "price_fair": 0,
            "eps_avg_yearly": 0,
            "eps_latest_yearly": 0,
            "eps_growth_yearly": 0
        },
        "20083": {
            "year_quarter": 20083,
            "year": 2008,
            "quarter": 3,
            "eps": -0.2,
            "eps_growth_year": null,
            "eps_4q": -2.07,
            "eps_4q_growth_year": null,
            "roe": -1.41,
            "roe_4q": -14.070000000000002,
            "gross_profit": 216066,
            "gross_margin": 37.91,
            "gross_margin_4q_avg": 25.42,
            "net_income": -56762,
            "net_income_4q": null,
            "revenue": 569927,
            "revenue_4q": null,
            "common_shares": 2902410,
            "book_valuer_per_share": 13.78,
            "book_valuer_per_share_4q_avg": 14.73,
            "equity": 3998640,
            "current_ratio": 14.69,
            "debt_ratio": 50.24,
            "inventory_turnover_ratio": 10.76,
            "account_receivable_turnover_ratio": null,
            "reinvestment_rate": null,
            "research_to_sale_ratio": null,
            "price_fair": 0,
            "eps_avg_yearly": 0,
            "eps_latest_yearly": 0,
            "eps_growth_yearly": 0
        },
        "20084": {
            "year_quarter": 20084,
            "year": 2008,
            "quarter": 4,
            "eps": -0.12,
            "eps_growth_year": null,
            "eps_4q": -2.06,
            "eps_4q_growth_year": null,
            "roe": -0.86,
            "roe_4q": -14.05,
            "gross_profit": 201494,
            "gross_margin": 36.64,
            "gross_margin_4q_avg": 35.58,
            "net_income": -34046,
            "net_income_4q": null,
            "revenue": 549869,
            "revenue_4q": null,
            "common_shares": 2902410,
            "book_valuer_per_share": 13.66,
            "book_valuer_per_share_4q_avg": 14.21,
            "equity": 3964593,
            "current_ratio": 25.42,
            "debt_ratio": 50.36,
            "inventory_turnover_ratio": 9.95,
            "account_receivable_turnover_ratio": 28.82,
            "reinvestment_rate": null,
            "research_to_sale_ratio": null,
            "price_fair": 0,
            "eps_avg_yearly": 0,
            "eps_latest_yearly": 0,
            "eps_growth_yearly": 0
        },
        "20091": {
            "year_quarter": 20091,
            "year": 2009,
            "quarter": 1,
            "eps": -0.13,
            "eps_growth_year": null,
            "eps_4q": -1.9,
            "eps_4q_growth_year": null,
            "roe": -0.95,
            "roe_4q": -13.120000000000001,
            "gross_profit": 152975,
            "gross_margin": 30.32,
            "gross_margin_4q_avg": 34.65,
            "net_income": -37354,
            "net_income_4q": null,
            "revenue": 504589,
            "revenue_4q": null,
            "common_shares": 2902410,
            "book_valuer_per_share": 13.53,
            "book_valuer_per_share_4q_avg": 13.74,
            "equity": 3927236,
            "current_ratio": 22.07,
            "debt_ratio": 50.17,
            "inventory_turnover_ratio": 10.64,
            "account_receivable_turnover_ratio": 12.25,
            "reinvestment_rate": null,
            "research_to_sale_ratio": null,
            "price_fair": 0,
            "eps_avg_yearly": 0,
            "eps_latest_yearly": 0,
            "eps_growth_yearly": 0
        },
        "20092": {
            "year_quarter": 20092,
            "year": 2009,
            "quarter": 2,
            "eps": -0.36,
            "eps_growth_year": null,
            "eps_4q": -0.8,
            "eps_4q_growth_year": null,
            "roe": -2.68,
            "roe_4q": -5.9,
            "gross_profit": 111001,
            "gross_margin": 23.58,
            "gross_margin_4q_avg": 32.11,
            "net_income": -104016,
            "net_income_4q": null,
            "revenue": 470734,
            "revenue_4q": null,
            "common_shares": 2902410,
            "book_valuer_per_share": 13.17,
            "book_valuer_per_share_4q_avg": 13.54,
            "equity": 3823223,
            "current_ratio": 66.95,
            "debt_ratio": 51.42,
            "inventory_turnover_ratio": 1.26,
            "account_receivable_turnover_ratio": 12.63,
            "reinvestment_rate": null,
            "research_to_sale_ratio": null,
            "price_fair": 0,
            "eps_avg_yearly": 0,
            "eps_latest_yearly": 0,
            "eps_growth_yearly": 0
        },
        "20093": {
            "year_quarter": 20093,
            "year": 2009,
            "quarter": 3,
            "eps": 0.07,
            "eps_growth_year": null,
            "eps_4q": -0.51,
            "eps_4q_growth_year": null,
            "roe": 0.55,
            "roe_4q": -3.94,
            "gross_profit": 244064,
            "gross_margin": 40.47,
            "gross_margin_4q_avg": 32.75,
            "net_income": 21186,
            "net_income_4q": null,
            "revenue": 603026,
            "revenue_4q": null,
            "common_shares": 2902410,
            "book_valuer_per_share": 13.25,
            "book_valuer_per_share_4q_avg": 13.4,
            "equity": 3844411,
            "current_ratio": 62.78,
            "debt_ratio": 52.77,
            "inventory_turnover_ratio": 0.66,
            "account_receivable_turnover_ratio": 12.39,
            "reinvestment_rate": null,
            "research_to_sale_ratio": null,
            "price_fair": 0,
            "eps_avg_yearly": 0,
            "eps_latest_yearly": 0,
            "eps_growth_yearly": 0
        },
        "20094": {
            "year_quarter": 20094,
            "year": 2009,
            "quarter": 4,
            "eps": -0.09,
            "eps_growth_year": null,
            "eps_4q": -0.51,
            "eps_4q_growth_year": null,
            "roe": -0.71,
            "roe_4q": -3.79,
            "gross_profit": 183533,
            "gross_margin": 37.08,
            "gross_margin_4q_avg": 32.86,
            "net_income": -27082,
            "net_income_4q": null,
            "revenue": 495023,
            "revenue_4q": null,
            "common_shares": 2902410,
            "book_valuer_per_share": 13.15,
            "book_valuer_per_share_4q_avg": 13.28,
            "equity": 3817329,
            "current_ratio": 83.04,
            "debt_ratio": 52.24,
            "inventory_turnover_ratio": 0.57,
            "account_receivable_turnover_ratio": 26.02,
            "reinvestment_rate": null,
            "research_to_sale_ratio": null,
            "price_fair": 0,
            "eps_avg_yearly": 0,
            "eps_latest_yearly": 0,
            "eps_growth_yearly": 0
        },
        "20101": {
            "year_quarter": 20101,
            "year": 2010,
            "quarter": 1,
            "eps": -0.02,
            "eps_growth_year": null,
            "eps_4q": -0.4,
            "eps_4q_growth_year": null,
            "roe": -0.14,
            "roe_4q": -2.98,
            "gross_profit": 211988,
            "gross_margin": 37.86,
            "gross_margin_4q_avg": 34.75,
            "net_income": -5280,
            "net_income_4q": null,
            "revenue": 559980,
            "revenue_4q": null,
            "common_shares": 2902410,
            "book_valuer_per_share": 13.13,
            "book_valuer_per_share_4q_avg": 13.18,
            "equity": 3812051,
            "current_ratio": 61.43,
            "debt_ratio": 52.76,
            "inventory_turnover_ratio": 0.63,
            "account_receivable_turnover_ratio": 14.25,
            "reinvestment_rate": null,
            "research_to_sale_ratio": null,
            "price_fair": 0,
            "eps_avg_yearly": 0,
            "eps_latest_yearly": 0,
            "eps_growth_yearly": 0
        },
        "20102": {
            "year_quarter": 20102,
            "year": 2010,
            "quarter": 2,
            "eps": -0.03,
            "eps_growth_year": null,
            "eps_4q": -0.07,
            "eps_4q_growth_year": null,
            "roe": -0.24,
            "roe_4q": -0.5399999999999998,
            "gross_profit": 213623,
            "gross_margin": 38.53,
            "gross_margin_4q_avg": 38.49,
            "net_income": -9222,
            "net_income_4q": null,
            "revenue": 554468,
            "revenue_4q": null,
            "common_shares": 2902410,
            "book_valuer_per_share": 13.1,
            "book_valuer_per_share_4q_avg": 13.16,
            "equity": 3802827,
            "current_ratio": 48.84,
            "debt_ratio": 52.71,
            "inventory_turnover_ratio": 0.6,
            "account_receivable_turnover_ratio": 13.16,
            "reinvestment_rate": null,
            "research_to_sale_ratio": null,
            "price_fair": 0,
            "eps_avg_yearly": 0,
            "eps_latest_yearly": 0,
            "eps_growth_yearly": 0
        },
        "20103": {
            "year_quarter": 20103,
            "year": 2010,
            "quarter": 3,
            "eps": 0.19,
            "eps_growth_year": 166.73,
            "eps_4q": 0.04,
            "eps_4q_growth_year": null,
            "roe": 1.41,
            "roe_4q": 0.31999999999999984,
            "gross_profit": 271244,
            "gross_margin": 39.94,
            "gross_margin_4q_avg": 38.35,
            "net_income": 54191,
            "net_income_4q": null,
            "revenue": 679207,
            "revenue_4q": null,
            "common_shares": 2902410,
            "book_valuer_per_share": 13.29,
            "book_valuer_per_share_4q_avg": 13.17,
            "equity": 3857024,
            "current_ratio": 52.82,
            "debt_ratio": 52.45,
            "inventory_turnover_ratio": 0.67,
            "account_receivable_turnover_ratio": 13.72,
            "reinvestment_rate": null,
            "research_to_sale_ratio": null,
            "price_fair": 0,
            "eps_avg_yearly": 0,
            "eps_latest_yearly": 0,
            "eps_growth_yearly": 0
        },
        "20104": {
            "year_quarter": 20104,
            "year": 2010,
            "quarter": 4,
            "eps": 0.28,
            "eps_growth_year": null,
            "eps_4q": 0.42,
            "eps_4q_growth_year": null,
            "roe": 2.07,
            "roe_4q": 3.099999999999999,
            "gross_profit": 340824,
            "gross_margin": 38.35,
            "gross_margin_4q_avg": 38.67,
            "net_income": 80853,
            "net_income_4q": null,
            "revenue": 888709,
            "revenue_4q": null,
            "common_shares": 2902410,
            "book_valuer_per_share": 13.57,
            "book_valuer_per_share_4q_avg": 13.27,
            "equity": 3937775,
            "current_ratio": 75.38,
            "debt_ratio": 52.44,
            "inventory_turnover_ratio": 0.84,
            "account_receivable_turnover_ratio": 16.73,
            "reinvestment_rate": null,
            "research_to_sale_ratio": null,
            "price_fair": 39.2,
            "eps_avg_yearly": 1.12,
            "eps_latest_yearly": 1.12,
            "eps_growth_yearly": 189.47
        },
        "20111": {
            "year_quarter": 20111,
            "year": 2011,
            "quarter": 1,
            "eps": 0.16,
            "eps_growth_year": null,
            "eps_4q": 0.59,
            "eps_4q_growth_year": null,
            "roe": 1.14,
            "roe_4q": 4.38,
            "gross_profit": 260212,
            "gross_margin": 34.7,
            "gross_margin_4q_avg": 37.88,
            "net_income": 45347,
            "net_income_4q": null,
            "revenue": 749956,
            "revenue_4q": null,
            "common_shares": 2902410,
            "book_valuer_per_share": 13.72,
            "book_valuer_per_share_4q_avg": 13.42,
            "equity": 3983187,
            "current_ratio": 78.52,
            "debt_ratio": 52.13,
            "inventory_turnover_ratio": 0.68,
            "account_receivable_turnover_ratio": 15.85,
            "reinvestment_rate": null,
            "research_to_sale_ratio": 28.39,
            "price_fair": 16.74,
            "eps_avg_yearly": 0.88,
            "eps_latest_yearly": 0.64,
            "eps_growth_yearly": 9.02
        },
        "20112": {
            "year_quarter": 20112,
            "year": 2011,
            "quarter": 2,
            "eps": 1.61,
            "eps_growth_year": null,
            "eps_4q": 2.23,
            "eps_4q_growth_year": null,
            "roe": 11.04,
            "roe_4q": 15.66,
            "gross_profit": 293430,
            "gross_margin": 34.65,
            "gross_margin_4q_avg": 36.91,
            "net_income": 467116,
            "net_income_4q": null,
            "revenue": 846884,
            "revenue_4q": null,
            "common_shares": 2902410,
            "book_valuer_per_share": 15.43,
            "book_valuer_per_share_4q_avg": 14,
            "equity": 4479238,
            "current_ratio": 79.01,
            "debt_ratio": 51.94,
            "inventory_turnover_ratio": 0.71,
            "account_receivable_turnover_ratio": 14.17,
            "reinvestment_rate": null,
            "research_to_sale_ratio": null,
            "price_fair": 95.67,
            "eps_avg_yearly": 2.73,
            "eps_latest_yearly": 6.44,
            "eps_growth_yearly": 1214.35
        },
        "20113": {
            "year_quarter": 20113,
            "year": 2011,
            "quarter": 3,
            "eps": 0.34,
            "eps_growth_year": 82.26,
            "eps_4q": 2.38,
            "eps_4q_growth_year": 5389.73,
            "roe": 2.18,
            "roe_4q": 16.43,
            "gross_profit": 347604,
            "gross_margin": 35.89,
            "gross_margin_4q_avg": 35.9,
            "net_income": 98769,
            "net_income_4q": null,
            "revenue": 968498,
            "revenue_4q": null,
            "common_shares": 2902410,
            "book_valuer_per_share": 15.77,
            "book_valuer_per_share_4q_avg": 14.62,
            "equity": 4578300,
            "current_ratio": 67.92,
            "debt_ratio": 53.94,
            "inventory_turnover_ratio": 0.72,
            "account_receivable_turnover_ratio": 13.42,
            "reinvestment_rate": null,
            "research_to_sale_ratio": null,
            "price_fair": 83.65,
            "eps_avg_yearly": 2.39,
            "eps_latest_yearly": 1.36,
            "eps_growth_yearly": 831.88
        },
        "20114": {
            "year_quarter": 20114,
            "year": 2011,
            "quarter": 4,
            "eps": -0.13,
            "eps_growth_year": -146.18,
            "eps_4q": 1.66,
            "eps_4q_growth_year": 299.05,
            "roe": -0.91,
            "roe_4q": 13.45,
            "gross_profit": 239861,
            "gross_margin": 29.06,
            "gross_margin_4q_avg": 33.58,
            "net_income": -44024,
            "net_income_4q": null,
            "revenue": 825482,
            "revenue_4q": null,
            "common_shares": 2902410,
            "book_valuer_per_share": 17.38,
            "book_valuer_per_share_4q_avg": 15.58,
            "equity": 5072497,
            "current_ratio": 93.96,
            "debt_ratio": 53.08,
            "inventory_turnover_ratio": 0.56,
            "account_receivable_turnover_ratio": 12.23,
            "reinvestment_rate": null,
            "research_to_sale_ratio": null,
            "price_fair": 83.65,
            "eps_avg_yearly": 2.39,
            "eps_latest_yearly": 1.36,
            "eps_growth_yearly": 831.88
        },
        "20121": {
            "year_quarter": 20121,
            "year": 2012,
            "quarter": 1,
            "eps": -0.15,
            "eps_growth_year": -193.75,
            "eps_4q": 1.43,
            "eps_4q_growth_year": 142.44,
            "roe": -0.98,
            "roe_4q": 11.329999999999998,
            "gross_profit": 182898,
            "gross_margin": 28.38,
            "gross_margin_4q_avg": 32,
            "net_income": -49685,
            "net_income_4q": null,
            "revenue": 644501,
            "revenue_4q": null,
            "common_shares": 3302410,
            "book_valuer_per_share": 15.21,
            "book_valuer_per_share_4q_avg": 15.95,
            "equity": 5022583,
            "current_ratio": 95.05,
            "debt_ratio": 53.24,
            "inventory_turnover_ratio": 0.33,
            "account_receivable_turnover_ratio": 9.65,
            "reinvestment_rate": null,
            "research_to_sale_ratio": null,
            "price_fair": 83.65,
            "eps_avg_yearly": 2.39,
            "eps_latest_yearly": 1.36,
            "eps_growth_yearly": 831.88
        },
        "20122": {
            "year_quarter": 20122,
            "year": 2012,
            "quarter": 2,
            "eps": -0.22,
            "eps_growth_year": -113.67,
            "eps_4q": -0.2,
            "eps_4q_growth_year": -109.18,
            "roe": -1.46,
            "roe_4q": -1.17,
            "gross_profit": 195736,
            "gross_margin": 30.7,
            "gross_margin_4q_avg": 31.01,
            "net_income": -72668,
            "net_income_4q": null,
            "revenue": 637484,
            "revenue_4q": null,
            "common_shares": 3302410,
            "book_valuer_per_share": 14.99,
            "book_valuer_per_share_4q_avg": 15.84,
            "equity": 4949911,
            "current_ratio": 93.18,
            "debt_ratio": 52.62,
            "inventory_turnover_ratio": 0.4,
            "account_receivable_turnover_ratio": 9.01,
            "reinvestment_rate": 391.95,
            "research_to_sale_ratio": null,
            "price_fair": 83.65,
            "eps_avg_yearly": 2.39,
            "eps_latest_yearly": 1.36,
            "eps_growth_yearly": 831.88
        },
        "20123": {
            "year_quarter": 20123,
            "year": 2012,
            "quarter": 3,
            "eps": 0.1,
            "eps_growth_year": -70.9,
            "eps_4q": -0.4,
            "eps_4q_growth_year": -116.98,
            "roe": 0.66,
            "roe_4q": -2.69,
            "gross_profit": 298862,
            "gross_margin": 38.22,
            "gross_margin_4q_avg": 31.59,
            "net_income": 32703,
            "net_income_4q": null,
            "revenue": 781902,
            "revenue_4q": null,
            "common_shares": 3302410,
            "book_valuer_per_share": 15.09,
            "book_valuer_per_share_4q_avg": 15.67,
            "equity": 4982614,
            "current_ratio": 81.46,
            "debt_ratio": 51.9,
            "inventory_turnover_ratio": 0.82,
            "account_receivable_turnover_ratio": 8.72,
            "reinvestment_rate": 306.87,
            "research_to_sale_ratio": null,
            "price_fair": 83.65,
            "eps_avg_yearly": 2.39,
            "eps_latest_yearly": 1.36,
            "eps_growth_yearly": 831.88
        },
        "20124": {
            "year_quarter": 20124,
            "year": 2012,
            "quarter": 4,
            "eps": -0.05,
            "eps_growth_year": null,
            "eps_4q": -0.32,
            "eps_4q_growth_year": -119.27,
            "roe": -0.32,
            "roe_4q": -2.0999999999999996,
            "gross_profit": 171955,
            "gross_margin": 24.52,
            "gross_margin_4q_avg": 30.46,
            "net_income": -15799,
            "net_income_4q": null,
            "revenue": 701395,
            "revenue_4q": null,
            "common_shares": 3302410,
            "book_valuer_per_share": 15.04,
            "book_valuer_per_share_4q_avg": 15.08,
            "equity": 4966833,
            "current_ratio": 96.09,
            "debt_ratio": 52.29,
            "inventory_turnover_ratio": 0.9,
            "account_receivable_turnover_ratio": 7.59,
            "reinvestment_rate": 292.36,
            "research_to_sale_ratio": null,
            "price_fair": 83.65,
            "eps_avg_yearly": 2.39,
            "eps_latest_yearly": 1.36,
            "eps_growth_yearly": 831.88
        },
        "20131": {
            "year_quarter": 20131,
            "year": 2013,
            "quarter": 1,
            "eps": -0.13,
            "eps_growth_year": null,
            "eps_4q": -0.3,
            "eps_4q_growth_year": -120.78,
            "roe": -0.86,
            "roe_4q": -1.98,
            "gross_profit": 223725,
            "gross_margin": 33.54,
            "gross_margin_4q_avg": 31.75,
            "net_income": -42352,
            "net_income_4q": null,
            "revenue": 667080,
            "revenue_4q": null,
            "common_shares": 3302410,
            "book_valuer_per_share": 14.89,
            "book_valuer_per_share_4q_avg": 15,
            "equity": 4917130,
            "current_ratio": 89.35,
            "debt_ratio": 51.97,
            "inventory_turnover_ratio": 0.76,
            "account_receivable_turnover_ratio": 6.79,
            "reinvestment_rate": 296.63,
            "research_to_sale_ratio": null,
            "price_fair": 83.65,
            "eps_avg_yearly": 2.39,
            "eps_latest_yearly": 1.36,
            "eps_growth_yearly": 831.88
        },
        "20132": {
            "year_quarter": 20132,
            "year": 2013,
            "quarter": 2,
            "eps": -0.22,
            "eps_growth_year": null,
            "eps_4q": -0.29,
            "eps_4q_growth_year": null,
            "roe": -1.47,
            "roe_4q": -1.9899999999999998,
            "gross_profit": 219977,
            "gross_margin": 39.6,
            "gross_margin_4q_avg": 33.97,
            "net_income": -71574,
            "net_income_4q": null,
            "revenue": 555556,
            "revenue_4q": null,
            "common_shares": 3302410,
            "book_valuer_per_share": 14.67,
            "book_valuer_per_share_4q_avg": 14.92,
            "equity": 4845553,
            "current_ratio": 81.37,
            "debt_ratio": 51.28,
            "inventory_turnover_ratio": 0.57,
            "account_receivable_turnover_ratio": 5.59,
            "reinvestment_rate": 275.85,
            "research_to_sale_ratio": null,
            "price_fair": 83.65,
            "eps_avg_yearly": 2.39,
            "eps_latest_yearly": 1.36,
            "eps_growth_yearly": 831.88
        },
        "20133": {
            "year_quarter": 20133,
            "year": 2013,
            "quarter": 3,
            "eps": -0.18,
            "eps_growth_year": -281.77,
            "eps_4q": -0.57,
            "eps_4q_growth_year": null,
            "roe": -1.23,
            "roe_4q": -3.88,
            "gross_profit": 198125,
            "gross_margin": 31.78,
            "gross_margin_4q_avg": 32.36,
            "net_income": -59179,
            "net_income_4q": null,
            "revenue": 623393,
            "revenue_4q": null,
            "common_shares": 3302410,
            "book_valuer_per_share": 14.49,
            "book_valuer_per_share_4q_avg": 14.77,
            "equity": 4786382,
            "current_ratio": 65.37,
            "debt_ratio": 52.21,
            "inventory_turnover_ratio": 0.71,
            "account_receivable_turnover_ratio": 8.19,
            "reinvestment_rate": 326.31,
            "research_to_sale_ratio": null,
            "price_fair": 83.65,
            "eps_avg_yearly": 2.39,
            "eps_latest_yearly": 1.36,
            "eps_growth_yearly": 831.88
        },
        "20134": {
            "year_quarter": 20134,
            "year": 2013,
            "quarter": 4,
            "eps": 0.1,
            "eps_growth_year": null,
            "eps_4q": -0.42,
            "eps_4q_growth_year": null,
            "roe": 0.71,
            "roe_4q": -2.85,
            "gross_profit": 263989,
            "gross_margin": 41.58,
            "gross_margin_4q_avg": 36.63,
            "net_income": 34160,
            "net_income_4q": null,
            "revenue": 634895,
            "revenue_4q": null,
            "common_shares": 3302410,
            "book_valuer_per_share": 14.6,
            "book_valuer_per_share_4q_avg": 14.66,
            "equity": 4820763,
            "current_ratio": 84.72,
            "debt_ratio": 49.98,
            "inventory_turnover_ratio": 0.62,
            "account_receivable_turnover_ratio": 8.81,
            "reinvestment_rate": 194.5,
            "research_to_sale_ratio": null,
            "price_fair": 83.65,
            "eps_avg_yearly": 2.39,
            "eps_latest_yearly": 1.36,
            "eps_growth_yearly": 831.88
        },
        "20141": {
            "year_quarter": 20141,
            "year": 2014,
            "quarter": 1,
            "eps": -0.11,
            "eps_growth_year": null,
            "eps_4q": -0.4,
            "eps_4q_growth_year": null,
            "roe": -0.73,
            "roe_4q": -2.7199999999999998,
            "gross_profit": 262884,
            "gross_margin": 42.78,
            "gross_margin_4q_avg": 38.94,
            "net_income": -35096,
            "net_income_4q": null,
            "revenue": 614475,
            "revenue_4q": null,
            "common_shares": 3302410,
            "book_valuer_per_share": 14.49,
            "book_valuer_per_share_4q_avg": 14.56,
            "equity": 4785667,
            "current_ratio": 61.92,
            "debt_ratio": 49.92,
            "inventory_turnover_ratio": 0.58,
            "account_receivable_turnover_ratio": 8.43,
            "reinvestment_rate": 222.78,
            "research_to_sale_ratio": null,
            "price_fair": 83.65,
            "eps_avg_yearly": 2.39,
            "eps_latest_yearly": 1.36,
            "eps_growth_yearly": 831.88
        },
        "20142": {
            "year_quarter": 20142,
            "year": 2014,
            "quarter": 2,
            "eps": -0.2,
            "eps_growth_year": null,
            "eps_4q": -0.39,
            "eps_4q_growth_year": null,
            "roe": -1.42,
            "roe_4q": -2.67,
            "gross_profit": 155756,
            "gross_margin": 23.01,
            "gross_margin_4q_avg": 34.79,
            "net_income": -67435,
            "net_income_4q": null,
            "revenue": 676788,
            "revenue_4q": null,
            "common_shares": 3302410,
            "book_valuer_per_share": 14.29,
            "book_valuer_per_share_4q_avg": 14.47,
            "equity": 4718232,
            "current_ratio": 80.82,
            "debt_ratio": 51.05,
            "inventory_turnover_ratio": 0.86,
            "account_receivable_turnover_ratio": 7.65,
            "reinvestment_rate": 279.76,
            "research_to_sale_ratio": null,
            "price_fair": 83.65,
            "eps_avg_yearly": 2.39,
            "eps_latest_yearly": 1.36,
            "eps_growth_yearly": 831.88
        },
        "20143": {
            "year_quarter": 20143,
            "year": 2014,
            "quarter": 3,
            "eps": 0.13,
            "eps_growth_year": null,
            "eps_4q": -0.08,
            "eps_4q_growth_year": null,
            "roe": 0.89,
            "roe_4q": -0.5499999999999998,
            "gross_profit": 316396,
            "gross_margin": 39.02,
            "gross_margin_4q_avg": 36.6,
            "net_income": 42231,
            "net_income_4q": null,
            "revenue": 810830,
            "revenue_4q": null,
            "common_shares": 3302410,
            "book_valuer_per_share": 14.42,
            "book_valuer_per_share_4q_avg": 14.45,
            "equity": 4760463,
            "current_ratio": 66.08,
            "debt_ratio": 50.99,
            "inventory_turnover_ratio": 0.82,
            "account_receivable_turnover_ratio": 9.03,
            "reinvestment_rate": 279.82,
            "research_to_sale_ratio": null,
            "price_fair": 83.65,
            "eps_avg_yearly": 2.39,
            "eps_latest_yearly": 1.36,
            "eps_growth_yearly": 831.88
        },
        "20144": {
            "year_quarter": 20144,
            "year": 2014,
            "quarter": 4,
            "eps": 0.38,
            "eps_growth_year": 263.92,
            "eps_4q": 0.19,
            "eps_4q_growth_year": null,
            "roe": 2.58,
            "roe_4q": 1.3200000000000003,
            "gross_profit": 212597,
            "gross_margin": 27.99,
            "gross_margin_4q_avg": 33.2,
            "net_income": 124316,
            "net_income_4q": null,
            "revenue": 759456,
            "revenue_4q": null,
            "common_shares": 3302410,
            "book_valuer_per_share": 14.73,
            "book_valuer_per_share_4q_avg": 14.48,
            "equity": 4862889,
            "current_ratio": 94.07,
            "debt_ratio": 51.81,
            "inventory_turnover_ratio": 0.91,
            "account_receivable_turnover_ratio": 9.45,
            "reinvestment_rate": 119.23,
            "research_to_sale_ratio": null,
            "price_fair": 87.15,
            "eps_avg_yearly": 2.49,
            "eps_latest_yearly": 1.52,
            "eps_growth_yearly": 976.82
        },
        "20151": {
            "year_quarter": 20151,
            "year": 2015,
            "quarter": 1,
            "eps": 0.67,
            "eps_growth_year": null,
            "eps_4q": 0.97,
            "eps_4q_growth_year": null,
            "roe": 4.47,
            "roe_4q": 6.52,
            "gross_profit": 249150,
            "gross_margin": 33.65,
            "gross_margin_4q_avg": 30.92,
            "net_income": 222496,
            "net_income_4q": null,
            "revenue": 740523,
            "revenue_4q": null,
            "common_shares": 3302410,
            "book_valuer_per_share": 15.44,
            "book_valuer_per_share_4q_avg": 14.72,
            "equity": 5098639,
            "current_ratio": 90.73,
            "debt_ratio": 49.55,
            "inventory_turnover_ratio": 0.81,
            "account_receivable_turnover_ratio": 2.52,
            "reinvestment_rate": 82.97,
            "research_to_sale_ratio": null,
            "price_fair": 105,
            "eps_avg_yearly": 3,
            "eps_latest_yearly": 2.68,
            "eps_growth_yearly": 1095.99
        },
        "20152": {
            "year_quarter": 20152,
            "year": 2015,
            "quarter": 2,
            "eps": -0.03,
            "eps_growth_year": null,
            "eps_4q": 1.15,
            "eps_4q_growth_year": null,
            "roe": -0.19,
            "roe_4q": 7.749999999999999,
            "gross_profit": 248167,
            "gross_margin": 37.72,
            "gross_margin_4q_avg": 34.6,
            "net_income": -9620,
            "net_income_4q": null,
            "revenue": 657997,
            "revenue_4q": null,
            "common_shares": 3302410,
            "book_valuer_per_share": 15.24,
            "book_valuer_per_share_4q_avg": 14.96,
            "equity": 5031404,
            "current_ratio": 83.33,
            "debt_ratio": 51.03,
            "inventory_turnover_ratio": 0.67,
            "account_receivable_turnover_ratio": 1.94,
            "reinvestment_rate": -159.77,
            "research_to_sale_ratio": null,
            "price_fair": 64.87,
            "eps_avg_yearly": 1.85,
            "eps_latest_yearly": 2.68,
            "eps_growth_yearly": 252.99
        },
        "20153": {
            "year_quarter": 20153,
            "year": 2015,
            "quarter": 3,
            "eps": 0.07,
            "eps_growth_year": -46.15,
            "eps_4q": 1.09,
            "eps_4q_growth_year": null,
            "roe": 0.46,
            "roe_4q": 7.32,
            "gross_profit": 291588,
            "gross_margin": 38.7,
            "gross_margin_4q_avg": 34.52,
            "net_income": 23451,
            "net_income_4q": null,
            "revenue": 753392,
            "revenue_4q": null,
            "common_shares": 3302410,
            "book_valuer_per_share": 15.31,
            "book_valuer_per_share_4q_avg": 15.18,
            "equity": 5054855,
            "current_ratio": 75.53,
            "debt_ratio": 52.59,
            "inventory_turnover_ratio": 0.75,
            "account_receivable_turnover_ratio": 4.39,
            "reinvestment_rate": 882.11,
            "research_to_sale_ratio": null,
            "price_fair": 73.5,
            "eps_avg_yearly": 2.1,
            "eps_latest_yearly": 2.68,
            "eps_growth_yearly": 537.25
        },
        "20154": {
            "year_quarter": 20154,
            "year": 2015,
            "quarter": 4,
            "eps": -0.37,
            "eps_growth_year": -196.97,
            "eps_4q": 0.35,
            "eps_4q_growth_year": 80.86,
            "roe": -2.41,
            "roe_4q": 2.3299999999999996,
            "gross_profit": 316635,
            "gross_margin": 40.58,
            "gross_margin_4q_avg": 37.66,
            "net_income": -120550,
            "net_income_4q": null,
            "revenue": 780218,
            "revenue_4q": null,
            "common_shares": 3302410,
            "book_valuer_per_share": 14.93,
            "book_valuer_per_share_4q_avg": 15.23,
            "equity": 4931229,
            "current_ratio": 131.24,
            "debt_ratio": 54.84,
            "inventory_turnover_ratio": 0.71,
            "account_receivable_turnover_ratio": 4.2,
            "reinvestment_rate": null,
            "research_to_sale_ratio": null,
            "price_fair": 73.5,
            "eps_avg_yearly": 2.1,
            "eps_latest_yearly": 2.68,
            "eps_growth_yearly": 537.25
        },
        "20161": {
            "year_quarter": 20161,
            "year": 2016,
            "quarter": 1,
            "eps": -0.21,
            "eps_growth_year": -131.34,
            "eps_4q": -0.53,
            "eps_4q_growth_year": -154.6,
            "roe": -1.41,
            "roe_4q": -3.5500000000000003,
            "gross_profit": 203361,
            "gross_margin": 26.45,
            "gross_margin_4q_avg": 35.86,
            "net_income": -68874,
            "net_income_4q": null,
            "revenue": 768870,
            "revenue_4q": null,
            "common_shares": 3302410,
            "book_valuer_per_share": 14.72,
            "book_valuer_per_share_4q_avg": 15.05,
            "equity": 4861430,
            "current_ratio": 152.99,
            "debt_ratio": 54.82,
            "inventory_turnover_ratio": 0.82,
            "account_receivable_turnover_ratio": 3.17,
            "reinvestment_rate": null,
            "research_to_sale_ratio": null,
            "price_fair": 73.5,
            "eps_avg_yearly": 2.1,
            "eps_latest_yearly": 2.68,
            "eps_growth_yearly": 537.25
        },
        "20162": {
            "year_quarter": 20162,
            "year": 2016,
            "quarter": 2,
            "eps": -0.39,
            "eps_growth_year": null,
            "eps_4q": -0.87,
            "eps_4q_growth_year": -175.65,
            "roe": -2.69,
            "roe_4q": -6.05,
            "gross_profit": 143864,
            "gross_margin": 19.58,
            "gross_margin_4q_avg": 31.33,
            "net_income": -128794,
            "net_income_4q": null,
            "revenue": 734936,
            "revenue_4q": null,
            "common_shares": 3302410,
            "book_valuer_per_share": 14.29,
            "book_valuer_per_share_4q_avg": 14.81,
            "equity": 4718473,
            "current_ratio": 138.76,
            "debt_ratio": 55.2,
            "inventory_turnover_ratio": 0.88,
            "account_receivable_turnover_ratio": 2.86,
            "reinvestment_rate": null,
            "research_to_sale_ratio": null,
            "price_fair": 73.5,
            "eps_avg_yearly": 2.1,
            "eps_latest_yearly": 2.68,
            "eps_growth_yearly": 537.25
        },
        "20163": {
            "year_quarter": 20163,
            "year": 2016,
            "quarter": 3,
            "eps": -0.29,
            "eps_growth_year": -514.29,
            "eps_4q": -1.23,
            "eps_4q_growth_year": -212.44,
            "roe": -2.1,
            "roe_4q": -8.61,
            "gross_profit": 200810,
            "gross_margin": 23.67,
            "gross_margin_4q_avg": 27.57,
            "net_income": -98238,
            "net_income_4q": null,
            "revenue": 848275,
            "revenue_4q": null,
            "common_shares": 3391575,
            "book_valuer_per_share": 13.62,
            "book_valuer_per_share_4q_avg": 14.39,
            "equity": 4620235,
            "current_ratio": 123.32,
            "debt_ratio": 55.64,
            "inventory_turnover_ratio": 0.99,
            "account_receivable_turnover_ratio": 3.68,
            "reinvestment_rate": null,
            "research_to_sale_ratio": null,
            "price_fair": 73.5,
            "eps_avg_yearly": 2.1,
            "eps_latest_yearly": 2.68,
            "eps_growth_yearly": 537.25
        },
        "20164": {
            "year_quarter": 20164,
            "year": 2016,
            "quarter": 4,
            "eps": -0.18,
            "eps_growth_year": null,
            "eps_4q": -1.05,
            "eps_4q_growth_year": -400.85,
            "roe": -1.35,
            "roe_4q": -7.550000000000001,
            "gross_profit": 272729,
            "gross_margin": 30.97,
            "gross_margin_4q_avg": 25.17,
            "net_income": -61813,
            "net_income_4q": null,
            "revenue": 880617,
            "revenue_4q": null,
            "common_shares": 3391575,
            "book_valuer_per_share": 13.43,
            "book_valuer_per_share_4q_avg": 14.02,
            "equity": 4553311,
            "current_ratio": 115.62,
            "debt_ratio": 55.69,
            "inventory_turnover_ratio": 0.93,
            "account_receivable_turnover_ratio": 3.91,
            "reinvestment_rate": null,
            "research_to_sale_ratio": null,
            "price_fair": 73.5,
            "eps_avg_yearly": 2.1,
            "eps_latest_yearly": 2.68,
            "eps_growth_yearly": 537.25
        },
        "20171": {
            "year_quarter": 20171,
            "year": 2017,
            "quarter": 1,
            "eps": -0.27,
            "eps_growth_year": null,
            "eps_4q": -1.12,
            "eps_4q_growth_year": null,
            "roe": -2.02,
            "roe_4q": -8.16,
            "gross_profit": 208501,
            "gross_margin": 26.41,
            "gross_margin_4q_avg": 25.16,
            "net_income": -91053,
            "net_income_4q": null,
            "revenue": 789572,
            "revenue_4q": null,
            "common_shares": 3391575,
            "book_valuer_per_share": 13.16,
            "book_valuer_per_share_4q_avg": 13.63,
            "equity": 4462258,
            "current_ratio": 120.79,
            "debt_ratio": 55.96,
            "inventory_turnover_ratio": 0.89,
            "account_receivable_turnover_ratio": 2.55,
            "reinvestment_rate": null,
            "research_to_sale_ratio": null,
            "price_fair": 73.5,
            "eps_avg_yearly": 2.1,
            "eps_latest_yearly": 2.68,
            "eps_growth_yearly": 537.25
        },
        "20172": {
            "year_quarter": 20172,
            "year": 2017,
            "quarter": 2,
            "eps": -0.33,
            "eps_growth_year": null,
            "eps_4q": -1.07,
            "eps_4q_growth_year": null,
            "roe": -2.56,
            "roe_4q": -8.03,
            "gross_profit": 176596,
            "gross_margin": 23.22,
            "gross_margin_4q_avg": 26.07,
            "net_income": -112805,
            "net_income_4q": null,
            "revenue": 760454,
            "revenue_4q": null,
            "common_shares": 3391575,
            "book_valuer_per_share": 12.82,
            "book_valuer_per_share_4q_avg": 13.26,
            "equity": 4349453,
            "current_ratio": 117.86,
            "debt_ratio": 56.43,
            "inventory_turnover_ratio": 0.9,
            "account_receivable_turnover_ratio": 1.98,
            "reinvestment_rate": null,
            "research_to_sale_ratio": null,
            "price_fair": 73.5,
            "eps_avg_yearly": 2.1,
            "eps_latest_yearly": 2.68,
            "eps_growth_yearly": 537.25
        },
        "20173": {
            "year_quarter": 20173,
            "year": 2017,
            "quarter": 3,
            "eps": -0.43,
            "eps_growth_year": null,
            "eps_4q": -1.21,
            "eps_4q_growth_year": null,
            "roe": -3.39,
            "roe_4q": -9.32,
            "gross_profit": 159791,
            "gross_margin": 20.04,
            "gross_margin_4q_avg": 25.16,
            "net_income": -144806,
            "net_income_4q": null,
            "revenue": 797220,
            "revenue_4q": null,
            "common_shares": 3391575,
            "book_valuer_per_share": 12.4,
            "book_valuer_per_share_4q_avg": 12.95,
            "equity": 4204647,
            "current_ratio": 115.99,
            "debt_ratio": 57.65,
            "inventory_turnover_ratio": 0.98,
            "account_receivable_turnover_ratio": 2.12,
            "reinvestment_rate": null,
            "research_to_sale_ratio": null,
            "price_fair": 73.5,
            "eps_avg_yearly": 2.1,
            "eps_latest_yearly": 2.68,
            "eps_growth_yearly": 537.25
        },
        "20174": {
            "year_quarter": 20174,
            "year": 2017,
            "quarter": 4,
            "eps": -2.01,
            "eps_growth_year": null,
            "eps_4q": -3.03,
            "eps_4q_growth_year": null,
            "roe": -17.62,
            "roe_4q": -25.59,
            "gross_profit": 22684,
            "gross_margin": 2.5,
            "gross_margin_4q_avg": 18.04,
            "net_income": -680534,
            "net_income_4q": null,
            "revenue": 907407,
            "revenue_4q": null,
            "common_shares": 3391575,
            "book_valuer_per_share": 10.38,
            "book_valuer_per_share_4q_avg": 12.19,
            "equity": 3520857,
            "current_ratio": 62.16,
            "debt_ratio": 62.4,
            "inventory_turnover_ratio": 1.71,
            "account_receivable_turnover_ratio": 3.44,
            "reinvestment_rate": null,
            "research_to_sale_ratio": null,
            "price_fair": 73.5,
            "eps_avg_yearly": 2.1,
            "eps_latest_yearly": 2.68,
            "eps_growth_yearly": 537.25
        },
        "20181": {
            "year_quarter": 20181,
            "year": 2018,
            "quarter": 1,
            "eps": -2.46,
            "eps_growth_year": null,
            "eps_4q": -5.23,
            "eps_4q_growth_year": null,
            "roe": -27.02,
            "roe_4q": -50.59,
            "gross_profit": 160960,
            "gross_margin": 20.9,
            "gross_margin_4q_avg": 16.67,
            "net_income": -833978,
            "net_income_4q": null,
            "revenue": 770313,
            "revenue_4q": null,
            "common_shares": 3391575,
            "book_valuer_per_share": 7.82,
            "book_valuer_per_share_4q_avg": 10.86,
            "equity": 2653067,
            "current_ratio": 52.72,
            "debt_ratio": 69.59,
            "inventory_turnover_ratio": 1.6,
            "account_receivable_turnover_ratio": 5.96,
            "reinvestment_rate": null,
            "research_to_sale_ratio": null,
            "price_fair": 73.5,
            "eps_avg_yearly": 2.1,
            "eps_latest_yearly": 2.68,
            "eps_growth_yearly": 537.25
        },
        "20182": {
            "year_quarter": 20182,
            "year": 2018,
            "quarter": 2,
            "eps": -0.28,
            "eps_growth_year": null,
            "eps_4q": -5.17,
            "eps_4q_growth_year": null,
            "roe": -3.61,
            "roe_4q": -51.64,
            "gross_profit": 191177,
            "gross_margin": 24.4,
            "gross_margin_4q_avg": 16.96,
            "net_income": -94012,
            "net_income_4q": null,
            "revenue": 783531,
            "revenue_4q": null,
            "common_shares": 3391575,
            "book_valuer_per_share": 7.55,
            "book_valuer_per_share_4q_avg": 9.54,
            "equity": 2560435,
            "current_ratio": 48.63,
            "debt_ratio": 70.32,
            "inventory_turnover_ratio": 1.57,
            "account_receivable_turnover_ratio": 7.09,
            "reinvestment_rate": null,
            "research_to_sale_ratio": null,
            "price_fair": 73.5,
            "eps_avg_yearly": 2.1,
            "eps_latest_yearly": 2.68,
            "eps_growth_yearly": 537.25
        },
        "20183": {
            "year_quarter": 20183,
            "year": 2018,
            "quarter": 3,
            "eps": -0.4,
            "eps_growth_year": null,
            "eps_4q": -5.15,
            "eps_4q_growth_year": null,
            "roe": -5.5,
            "roe_4q": -53.75,
            "gross_profit": 172073,
            "gross_margin": 21.5,
            "gross_margin_4q_avg": 17.33,
            "net_income": -136976,
            "net_income_4q": null,
            "revenue": 800475,
            "revenue_4q": null,
            "common_shares": 3391575,
            "book_valuer_per_share": 7.15,
            "book_valuer_per_share_4q_avg": 8.23,
            "equity": 2423510,
            "current_ratio": 42.27,
            "debt_ratio": 72.01,
            "inventory_turnover_ratio": 1.7,
            "account_receivable_turnover_ratio": 6.76,
            "reinvestment_rate": null,
            "research_to_sale_ratio": null,
            "price_fair": 73.5,
            "eps_avg_yearly": 2.1,
            "eps_latest_yearly": 2.68,
            "eps_growth_yearly": 537.25
        },
        "20184": {
            "year_quarter": 20184,
            "year": 2018,
            "quarter": 4,
            "eps": -0.73,
            "eps_growth_year": null,
            "eps_4q": -3.87,
            "eps_4q_growth_year": null,
            "roe": -10.86,
            "roe_4q": -46.989999999999995,
            "gross_profit": 73118,
            "gross_margin": -22.18,
            "gross_margin_4q_avg": 11.16,
            "net_income": -249202,
            "net_income_4q": null,
            "revenue": -329731,
            "revenue_4q": null,
            "common_shares": 3391575,
            "book_valuer_per_share": 6.38,
            "book_valuer_per_share_4q_avg": 7.23,
            "equity": 2164479,
            "current_ratio": 44.04,
            "debt_ratio": 74.29,
            "inventory_turnover_ratio": -1.11,
            "account_receivable_turnover_ratio": -2.96,
            "reinvestment_rate": null,
            "research_to_sale_ratio": null,
            "price_fair": 93.8,
            "eps_avg_yearly": 2.68,
            "eps_latest_yearly": 2.68,
            "eps_growth_yearly": 305.26
        },
        "20191": {
            "year_quarter": 20191,
            "year": 2019,
            "quarter": 1,
            "eps": -0.25,
            "eps_growth_year": null,
            "eps_4q": -1.66,
            "eps_4q_growth_year": null,
            "roe": -3.98,
            "roe_4q": -23.95,
            "gross_profit": 169778,
            "gross_margin": 33.54,
            "gross_margin_4q_avg": 14.32,
            "net_income": -84410,
            "net_income_4q": null,
            "revenue": 506259,
            "revenue_4q": null,
            "common_shares": 3391575,
            "book_valuer_per_share": 6.13,
            "book_valuer_per_share_4q_avg": 6.8,
            "equity": 2080161,
            "current_ratio": 30.8,
            "debt_ratio": 84.01,
            "inventory_turnover_ratio": 0.93,
            "account_receivable_turnover_ratio": 6.45,
            "reinvestment_rate": null,
            "research_to_sale_ratio": null,
            "price_fair": 0,
            "eps_avg_yearly": 0,
            "eps_latest_yearly": 0,
            "eps_growth_yearly": 0
        },
        "20192": {
            "year_quarter": 20192,
            "year": 2019,
            "quarter": 2,
            "eps": -1.11,
            "eps_growth_year": null,
            "eps_4q": -2.49,
            "eps_4q_growth_year": null,
            "roe": -19.81,
            "roe_4q": -40.15,
            "gross_profit": -141214,
            "gross_margin": -28.91,
            "gross_margin_4q_avg": 0.99,
            "net_income": -374943,
            "net_income_4q": null,
            "revenue": 488450,
            "revenue_4q": null,
            "common_shares": 3391575,
            "book_valuer_per_share": 5.03,
            "book_valuer_per_share_4q_avg": 6.17,
            "equity": 1705465,
            "current_ratio": 21.94,
            "debt_ratio": 86.25,
            "inventory_turnover_ratio": 2.8,
            "account_receivable_turnover_ratio": 7,
            "reinvestment_rate": null,
            "research_to_sale_ratio": null,
            "price_fair": 0,
            "eps_avg_yearly": 0,
            "eps_latest_yearly": 0,
            "eps_growth_yearly": 0
        },
        "20193": {
            "year_quarter": 20193,
            "year": 2019,
            "quarter": 3,
            "eps": -0.18,
            "eps_growth_year": null,
            "eps_4q": -3.98,
            "eps_4q_growth_year": null,
            "roe": -2.02,
            "roe_4q": -36.67,
            "gross_profit": 158290,
            "gross_margin": 25.95,
            "gross_margin_4q_avg": 2.1,
            "net_income": -34078,
            "net_income_4q": null,
            "revenue": 609877,
            "revenue_4q": null,
            "common_shares": 1865366,
            "book_valuer_per_share": 8.96,
            "book_valuer_per_share_4q_avg": 6.63,
            "equity": 1671357,
            "current_ratio": 28.45,
            "debt_ratio": 86.33,
            "inventory_turnover_ratio": 5.13,
            "account_receivable_turnover_ratio": 6.1,
            "reinvestment_rate": null,
            "research_to_sale_ratio": null,
            "price_fair": 0,
            "eps_avg_yearly": 0,
            "eps_latest_yearly": 0,
            "eps_growth_yearly": 0
        },
        "20194": {
            "year_quarter": 20194,
            "year": 2019,
            "quarter": 4,
            "eps": -0.28,
            "eps_growth_year": null,
            "eps_4q": -2.93,
            "eps_4q_growth_year": null,
            "roe": -3.23,
            "roe_4q": -29.04,
            "gross_profit": 263411,
            "gross_margin": 42.33,
            "gross_margin_4q_avg": 18.23,
            "net_income": -53072,
            "net_income_4q": null,
            "revenue": 622234,
            "revenue_4q": null,
            "common_shares": 1865366,
            "book_valuer_per_share": 8.68,
            "book_valuer_per_share_4q_avg": 7.2,
            "equity": 1618823,
            "current_ratio": 18.31,
            "debt_ratio": 86.52,
            "inventory_turnover_ratio": 4.12,
            "account_receivable_turnover_ratio": 5.85,
            "reinvestment_rate": null,
            "research_to_sale_ratio": null,
            "price_fair": 0,
            "eps_avg_yearly": 0,
            "eps_latest_yearly": 0,
            "eps_growth_yearly": 0
        },
        "20201": {
            "year_quarter": 20201,
            "year": 2020,
            "quarter": 1,
            "eps": -0.98,
            "eps_growth_year": null,
            "eps_4q": -3.46,
            "eps_4q_growth_year": null,
            "roe": -11.96,
            "roe_4q": -37.019999999999996,
            "gross_profit": 19184,
            "gross_margin": 5.9,
            "gross_margin_4q_avg": 11.32,
            "net_income": -182640,
            "net_income_4q": null,
            "revenue": 325368,
            "revenue_4q": null,
            "common_shares": 1865366,
            "book_valuer_per_share": 7.7,
            "book_valuer_per_share_4q_avg": 7.59,
            "equity": 1436332,
            "current_ratio": 14.4,
            "debt_ratio": 87.87,
            "inventory_turnover_ratio": 3.5,
            "account_receivable_turnover_ratio": 5.1,
            "reinvestment_rate": null,
            "research_to_sale_ratio": null,
            "price_fair": 0,
            "eps_avg_yearly": 0,
            "eps_latest_yearly": 0,
            "eps_growth_yearly": 0
        },
        "20202": {
            "year_quarter": 20202,
            "year": 2020,
            "quarter": 2,
            "eps": -0.8,
            "eps_growth_year": null,
            "eps_4q": -2.25,
            "eps_4q_growth_year": null,
            "roe": -10.96,
            "roe_4q": -28.17,
            "gross_profit": -42387,
            "gross_margin": -20.52,
            "gross_margin_4q_avg": 13.42,
            "net_income": -149188,
            "net_income_4q": null,
            "revenue": 206538,
            "revenue_4q": null,
            "common_shares": 1865366,
            "book_valuer_per_share": 6.9,
            "book_valuer_per_share_4q_avg": 8.06,
            "equity": 1286549,
            "current_ratio": 35.5,
            "debt_ratio": 89.04,
            "inventory_turnover_ratio": 2.82,
            "account_receivable_turnover_ratio": 5.99,
            "reinvestment_rate": null,
            "research_to_sale_ratio": null,
            "price_fair": 0,
            "eps_avg_yearly": 0,
            "eps_latest_yearly": 0,
            "eps_growth_yearly": 0
        },
        "20203": {
            "year_quarter": 20203,
            "year": 2020,
            "quarter": 3,
            "eps": 0.08,
            "eps_growth_year": null,
            "eps_4q": -1.99,
            "eps_4q_growth_year": null,
            "roe": 1.11,
            "roe_4q": -25.040000000000003,
            "gross_profit": 188146,
            "gross_margin": 32.44,
            "gross_margin_4q_avg": 15.04,
            "net_income": 14413,
            "net_income_4q": null,
            "revenue": 580055,
            "revenue_4q": null,
            "common_shares": 1865366,
            "book_valuer_per_share": 6.97,
            "book_valuer_per_share_4q_avg": 7.56,
            "equity": 1300428,
            "current_ratio": 40.5,
            "debt_ratio": 88.89,
            "inventory_turnover_ratio": 4.44,
            "account_receivable_turnover_ratio": 9.48,
            "reinvestment_rate": null,
            "research_to_sale_ratio": null,
            "price_fair": 0,
            "eps_avg_yearly": 0,
            "eps_latest_yearly": 0,
            "eps_growth_yearly": 0
        },
        "20204": {
            "year_quarter": 20204,
            "year": 2020,
            "quarter": 4,
            "eps": -0.31,
            "eps_growth_year": null,
            "eps_4q": -2.01,
            "eps_4q_growth_year": null,
            "roe": -4.47,
            "roe_4q": -26.28,
            "gross_profit": 96467,
            "gross_margin": 23.01,
            "gross_margin_4q_avg": 10.21,
            "net_income": -56977,
            "net_income_4q": null,
            "revenue": 419283,
            "revenue_4q": null,
            "common_shares": 1865366,
            "book_valuer_per_share": 6.69,
            "book_valuer_per_share_4q_avg": 7.07,
            "equity": 1248372,
            "current_ratio": 34.45,
            "debt_ratio": 89.16,
            "inventory_turnover_ratio": 3.6,
            "account_receivable_turnover_ratio": 6.33,
            "reinvestment_rate": null,
            "research_to_sale_ratio": null,
            "price_fair": 0,
            "eps_avg_yearly": 0,
            "eps_latest_yearly": 0,
            "eps_growth_yearly": 0
        },
        "20211": {
            "year_quarter": 20211,
            "year": 2021,
            "quarter": 1,
            "eps": -0.87,
            "eps_growth_year": null,
            "eps_4q": -1.9,
            "eps_4q_growth_year": null,
            "roe": -13.9,
            "roe_4q": -28.220000000000002,
            "gross_profit": 26205,
            "gross_margin": 8.02,
            "gross_margin_4q_avg": 10.74,
            "net_income": -162205,
            "net_income_4q": null,
            "revenue": 326758,
            "revenue_4q": null,
            "common_shares": 1865366,
            "book_valuer_per_share": 5.82,
            "book_valuer_per_share_4q_avg": 6.6,
            "equity": 1086191,
            "current_ratio": 29.73,
            "debt_ratio": 90.46,
            "inventory_turnover_ratio": 3.31,
            "account_receivable_turnover_ratio": 7.59,
            "reinvestment_rate": null,
            "research_to_sale_ratio": null,
            "price_fair": 0,
            "eps_avg_yearly": 0,
            "eps_latest_yearly": 0,
            "eps_growth_yearly": 0
        },
        "20212": {
            "year_quarter": 20212,
            "year": 2021,
            "quarter": 2,
            "eps": -1.05,
            "eps_growth_year": null,
            "eps_4q": -2.11,
            "eps_4q_growth_year": null,
            "roe": -6.41,
            "roe_4q": -23.67,
            "gross_profit": -79853,
            "gross_margin": -41.9,
            "gross_margin_4q_avg": 5.39,
            "net_income": -198641,
            "net_income_4q": null,
            "revenue": 190560,
            "revenue_4q": null,
            "common_shares": 1913128,
            "book_valuer_per_share": 26.73,
            "book_valuer_per_share_4q_avg": 11.55,
            "equity": 5112899,
            "current_ratio": 33.83,
            "debt_ratio": 67.73,
            "inventory_turnover_ratio": 2.91,
            "account_receivable_turnover_ratio": 6.92,
            "reinvestment_rate": null,
            "research_to_sale_ratio": null,
            "price_fair": 0,
            "eps_avg_yearly": 0,
            "eps_latest_yearly": 0,
            "eps_growth_yearly": 0
        },
        "20213": {
            "year_quarter": 20213,
            "year": 2021,
            "quarter": 3,
            "eps": -0.99,
            "eps_growth_year": -1337.5,
            "eps_4q": -3.17,
            "eps_4q_growth_year": null,
            "roe": -3.76,
            "roe_4q": -28.54,
            "gross_profit": -59917,
            "gross_margin": -26.31,
            "gross_margin_4q_avg": -9.3,
            "net_income": -188834,
            "net_income_4q": null,
            "revenue": 227694,
            "revenue_4q": null,
            "common_shares": 1913128,
            "book_valuer_per_share": 25.74,
            "book_valuer_per_share_4q_avg": 16.25,
            "equity": 4924061,
            "current_ratio": 39.24,
            "debt_ratio": 68.68,
            "inventory_turnover_ratio": 3.02,
            "account_receivable_turnover_ratio": 13.91,
            "reinvestment_rate": null,
            "research_to_sale_ratio": null,
            "price_fair": 0,
            "eps_avg_yearly": 0,
            "eps_latest_yearly": 0,
            "eps_growth_yearly": 0
        },
        "20214": {
            "year_quarter": 20214,
            "year": 2021,
            "quarter": 4,
            "eps": 1.42,
            "eps_growth_year": null,
            "eps_4q": -1.45,
            "eps_4q_growth_year": null,
            "roe": 5.37,
            "roe_4q": -18.7,
            "gross_profit": 180265,
            "gross_margin": 35.51,
            "gross_margin_4q_avg": -6.17,
            "net_income": 272495,
            "net_income_4q": null,
            "revenue": 507710,
            "revenue_4q": null,
            "common_shares": 1913128,
            "book_valuer_per_share": 27.32,
            "book_valuer_per_share_4q_avg": 21.4,
            "equity": 5226923,
            "current_ratio": 41.97,
            "debt_ratio": 67.44,
            "inventory_turnover_ratio": 4.59,
            "account_receivable_turnover_ratio": 15.27,
            "reinvestment_rate": null,
            "research_to_sale_ratio": null,
            "price_fair": 0,
            "eps_avg_yearly": 0,
            "eps_latest_yearly": 0,
            "eps_growth_yearly": 0
        },
        "20221": {
            "year_quarter": 20221,
            "year": 2022,
            "quarter": 1,
            "eps": -0.74,
            "eps_growth_year": null,
            "eps_4q": -1.34,
            "eps_4q_growth_year": null,
            "roe": -2.75,
            "roe_4q": -7.55,
            "gross_profit": 32169,
            "gross_margin": 10.09,
            "gross_margin_4q_avg": -5.65,
            "net_income": -142005,
            "net_income_4q": null,
            "revenue": 318959,
            "revenue_4q": null,
            "common_shares": 1913128,
            "book_valuer_per_share": 26.58,
            "book_valuer_per_share_4q_avg": 26.59,
            "equity": 5085852,
            "current_ratio": 29.57,
            "debt_ratio": 67.75,
            "inventory_turnover_ratio": 6.24,
            "account_receivable_turnover_ratio": 8.38,
            "reinvestment_rate": null,
            "research_to_sale_ratio": null,
            "price_fair": 0,
            "eps_avg_yearly": 0,
            "eps_latest_yearly": 0,
            "eps_growth_yearly": 0
        },
        "20222": {
            "year_quarter": 20222,
            "year": 2022,
            "quarter": 2,
            "eps": -1.31,
            "eps_growth_year": null,
            "eps_4q": -1.61,
            "eps_4q_growth_year": null,
            "roe": -5.05,
            "roe_4q": -6.1899999999999995,
            "gross_profit": -68317,
            "gross_margin": -34.71,
            "gross_margin_4q_avg": -3.86,
            "net_income": -250382,
            "net_income_4q": null,
            "revenue": 196806,
            "revenue_4q": null,
            "common_shares": 1913128,
            "book_valuer_per_share": 25.28,
            "book_valuer_per_share_4q_avg": 26.23,
            "equity": 4836575,
            "current_ratio": 25.9,
            "debt_ratio": 69.01,
            "inventory_turnover_ratio": 6.07,
            "account_receivable_turnover_ratio": 7.43,
            "reinvestment_rate": null,
            "research_to_sale_ratio": null,
            "price_fair": 0,
            "eps_avg_yearly": 0,
            "eps_latest_yearly": 0,
            "eps_growth_yearly": 0
        },
        "20223": {
            "year_quarter": 20223,
            "year": 2022,
            "quarter": 3,
            "eps": 0.21,
            "eps_growth_year": null,
            "eps_4q": -0.42,
            "eps_4q_growth_year": null,
            "roe": 0.82,
            "roe_4q": -1.6099999999999994,
            "gross_profit": 219771,
            "gross_margin": 36.97,
            "gross_margin_4q_avg": 11.97,
            "net_income": 39997,
            "net_income_4q": null,
            "revenue": 594406,
            "revenue_4q": null,
            "common_shares": 1913128,
            "book_valuer_per_share": 25.5,
            "book_valuer_per_share_4q_avg": 26.17,
            "equity": 4878593,
            "current_ratio": 30.49,
            "debt_ratio": 68.71,
            "inventory_turnover_ratio": 8.57,
            "account_receivable_turnover_ratio": 10.95,
            "reinvestment_rate": null,
            "research_to_sale_ratio": null,
            "price_fair": 0,
            "eps_avg_yearly": 0,
            "eps_latest_yearly": 0,
            "eps_growth_yearly": 0
        },
        "20224": {
            "year_quarter": 20224,
            "year": 2022,
            "quarter": 4,
            "eps": 0.19,
            "eps_growth_year": -87,
            "eps_4q": -1.66,
            "eps_4q_growth_year": null,
            "roe": 0.72,
            "roe_4q": -6.26,
            "gross_profit": 221606,
            "gross_margin": 39.22,
            "gross_margin_4q_avg": 12.89,
            "net_income": 35418,
            "net_income_4q": null,
            "revenue": 565046,
            "revenue_4q": null,
            "common_shares": 1913128,
            "book_valuer_per_share": 25.69,
            "book_valuer_per_share_4q_avg": 25.76,
            "equity": 4914499,
            "current_ratio": 30.92,
            "debt_ratio": 68.84,
            "inventory_turnover_ratio": 7.43,
            "account_receivable_turnover_ratio": 8,
            "reinvestment_rate": null,
            "research_to_sale_ratio": null,
            "price_fair": 2.28,
            "eps_avg_yearly": 0.76,
            "eps_latest_yearly": 0.76,
            "eps_growth_yearly": -38.1
        },
        "20231": {
            "year_quarter": 20231,
            "year": 2023,
            "quarter": 1,
            "eps": -0.26,
            "eps_growth_year": null,
            "eps_4q": -1.17,
            "eps_4q_growth_year": null,
            "roe": -1.02,
            "roe_4q": -4.53,
            "gross_profit": 159068,
            "gross_margin": 33.12,
            "gross_margin_4q_avg": 18.65,
            "net_income": -49770,
            "net_income_4q": null,
            "revenue": 480206,
            "revenue_4q": null,
            "common_shares": 1913128,
            "book_valuer_per_share": 25.43,
            "book_valuer_per_share_4q_avg": 25.48,
            "equity": 4865784,
            "current_ratio": 31.44,
            "debt_ratio": 69.03,
            "inventory_turnover_ratio": 6.62,
            "account_receivable_turnover_ratio": 10.4,
            "reinvestment_rate": null,
            "research_to_sale_ratio": null,
            "price_fair": 2.28,
            "eps_avg_yearly": 0.76,
            "eps_latest_yearly": 0.76,
            "eps_growth_yearly": -38.1
        },
        "20232": {
            "year_quarter": 20232,
            "year": 2023,
            "quarter": 2,
            "eps": -0.49,
            "eps_growth_year": null,
            "eps_4q": -0.35,
            "eps_4q_growth_year": null,
            "roe": -1.93,
            "roe_4q": -1.4100000000000006,
            "gross_profit": 119169,
            "gross_margin": 25.86,
            "gross_margin_4q_avg": 33.79,
            "net_income": -92955,
            "net_income_4q": null,
            "revenue": 460890,
            "revenue_4q": null,
            "common_shares": 1913128,
            "book_valuer_per_share": 24.91,
            "book_valuer_per_share_4q_avg": 25.38,
            "equity": 4766342,
            "current_ratio": 34.55,
            "debt_ratio": 69.42,
            "inventory_turnover_ratio": 6.89,
            "account_receivable_turnover_ratio": 11.78,
            "reinvestment_rate": null,
            "research_to_sale_ratio": null,
            "price_fair": 2.28,
            "eps_avg_yearly": 0.76,
            "eps_latest_yearly": 0.76,
            "eps_growth_yearly": -38.1
        }
    },
    "months": {
        "2001-06": {
            "month": "2001-06",
            "price": "11.54",
            "revenue": 206797
        },
        "2001-07": {
            "month": "2001-07",
            "price": "9.79",
            "revenue": 231978
        },
        "2001-08": {
            "month": "2001-08",
            "price": "10.44",
            "revenue": 278523
        },
        "2001-09": {
            "month": "2001-09",
            "price": "9.29",
            "revenue": 154271
        },
        "2001-10": {
            "month": "2001-10",
            "price": "8.04",
            "revenue": 211725
        },
        "2001-11": {
            "month": "2001-11",
            "price": "8.48",
            "revenue": 215140
        },
        "2001-12": {
            "month": "2001-12",
            "price": "10.33",
            "revenue": 225563
        },
        "2002-01": {
            "month": "2002-01",
            "price": "11.22",
            "revenue": 178852
        },
        "2002-02": {
            "month": "2002-02",
            "price": "10.78",
            "revenue": 221266
        },
        "2002-03": {
            "month": "2002-03",
            "price": "11.39",
            "revenue": 194591
        },
        "2002-04": {
            "month": "2002-04",
            "price": "13.14",
            "revenue": 205205
        },
        "2002-05": {
            "month": "2002-05",
            "price": "12.75",
            "revenue": 181978
        },
        "2002-06": {
            "month": "2002-06",
            "price": "12.54",
            "revenue": 178652
        },
        "2002-07": {
            "month": "2002-07",
            "price": "11.85",
            "revenue": 210179
        },
        "2002-08": {
            "month": "2002-08",
            "price": "9.70",
            "revenue": 231658
        },
        "2002-09": {
            "month": "2002-09",
            "price": "7.93",
            "revenue": 152085
        },
        "2002-10": {
            "month": "2002-10",
            "price": "7.49",
            "revenue": 189535
        },
        "2002-11": {
            "month": "2002-11",
            "price": "8.99",
            "revenue": 201944
        },
        "2002-12": {
            "month": "2002-12",
            "price": "9.59",
            "revenue": 187639
        },
        "2003-01": {
            "month": "2003-01",
            "price": "11.62",
            "revenue": 174975
        },
        "2003-02": {
            "month": "2003-02",
            "price": "10.02",
            "revenue": 214527
        },
        "2003-03": {
            "month": "2003-03",
            "price": "9.01",
            "revenue": 176133
        },
        "2003-04": {
            "month": "2003-04",
            "price": "7.69",
            "revenue": 137082
        },
        "2003-05": {
            "month": "2003-05",
            "price": "6.31",
            "revenue": 87682
        },
        "2003-06": {
            "month": "2003-06",
            "price": "7.94",
            "revenue": 128553
        },
        "2003-07": {
            "month": "2003-07",
            "price": "8.77",
            "revenue": 179146
        },
        "2003-08": {
            "month": "2003-08",
            "price": "8.34",
            "revenue": 205735
        },
        "2003-09": {
            "month": "2003-09",
            "price": "8.35",
            "revenue": 163142
        },
        "2003-10": {
            "month": "2003-10",
            "price": "10.08",
            "revenue": 199305
        },
        "2003-11": {
            "month": "2003-11",
            "price": "10.28",
            "revenue": 204047
        },
        "2003-12": {
            "month": "2003-12",
            "price": "10.18",
            "revenue": 170981
        },
        "2004-01": {
            "month": "2004-01",
            "price": "11.65",
            "revenue": 181501
        },
        "2004-02": {
            "month": "2004-02",
            "price": "18.94",
            "revenue": 159320
        },
        "2004-03": {
            "month": "2004-03",
            "price": "18.70",
            "revenue": 149913
        },
        "2004-04": {
            "month": "2004-04",
            "price": "15.43",
            "revenue": 157708
        },
        "2004-05": {
            "month": "2004-05",
            "price": "12.23",
            "revenue": 170749
        },
        "2004-06": {
            "month": "2004-06",
            "price": "12.41",
            "revenue": 159102
        },
        "2004-07": {
            "month": "2004-07",
            "price": "12.53",
            "revenue": 193659
        },
        "2004-08": {
            "month": "2004-08",
            "price": "10.91",
            "revenue": 180696
        },
        "2004-09": {
            "month": "2004-09",
            "price": "11.80",
            "revenue": 148970
        },
        "2004-10": {
            "month": "2004-10",
            "price": "12.00",
            "revenue": 203125
        },
        "2004-11": {
            "month": "2004-11",
            "price": "11.56",
            "revenue": 194484
        },
        "2004-12": {
            "month": "2004-12",
            "price": "12.85",
            "revenue": 172064
        },
        "2005-01": {
            "month": "2005-01",
            "price": "15.65",
            "revenue": 173214
        },
        "2005-02": {
            "month": "2005-02",
            "price": "14.76",
            "revenue": 185400
        },
        "2005-03": {
            "month": "2005-03",
            "price": "15.97",
            "revenue": 182818
        },
        "2005-04": {
            "month": "2005-04",
            "price": "14.99",
            "revenue": 193465
        },
        "2005-05": {
            "month": "2005-05",
            "price": "17.24",
            "revenue": 181644
        },
        "2005-06": {
            "month": "2005-06",
            "price": "21.47",
            "revenue": 183765
        },
        "2005-07": {
            "month": "2005-07",
            "price": "19.66",
            "revenue": 209056
        },
        "2005-08": {
            "month": "2005-08",
            "price": "19.83",
            "revenue": 201818
        },
        "2005-09": {
            "month": "2005-09",
            "price": "17.17",
            "revenue": 169467
        },
        "2005-10": {
            "month": "2005-10",
            "price": "16.96",
            "revenue": 200510
        },
        "2005-11": {
            "month": "2005-11",
            "price": "17.11",
            "revenue": 198126
        },
        "2005-12": {
            "month": "2005-12",
            "price": "20.25",
            "revenue": 187916
        },
        "2006-01": {
            "month": "2006-01",
            "price": "18.73",
            "revenue": 197654
        },
        "2006-02": {
            "month": "2006-02",
            "price": "17.53",
            "revenue": 193907
        },
        "2006-03": {
            "month": "2006-03",
            "price": "17.20",
            "revenue": 177368
        },
        "2006-04": {
            "month": "2006-04",
            "price": "19.98",
            "revenue": 176036
        },
        "2006-05": {
            "month": "2006-05",
            "price": "23.97",
            "revenue": 180179
        },
        "2006-06": {
            "month": "2006-06",
            "price": "23.77",
            "revenue": 192722
        },
        "2006-07": {
            "month": "2006-07",
            "price": "24.04",
            "revenue": 215215
        },
        "2006-08": {
            "month": "2006-08",
            "price": "23.57",
            "revenue": 254778
        },
        "2006-09": {
            "month": "2006-09",
            "price": "23.68",
            "revenue": 179015
        },
        "2006-10": {
            "month": "2006-10",
            "price": "24.64",
            "revenue": 217440
        },
        "2006-11": {
            "month": "2006-11",
            "price": "24.00",
            "revenue": 199809
        },
        "2006-12": {
            "month": "2006-12",
            "price": "25.26",
            "revenue": 185001
        },
        "2007-01": {
            "month": "2007-01",
            "price": "23.83",
            "revenue": 152944
        },
        "2007-02": {
            "month": "2007-02",
            "price": "25.05",
            "revenue": 212522
        },
        "2007-03": {
            "month": "2007-03",
            "price": "23.92",
            "revenue": 170748
        },
        "2007-04": {
            "month": "2007-04",
            "price": "23.54",
            "revenue": 174438
        },
        "2007-05": {
            "month": "2007-05",
            "price": "19.88",
            "revenue": 178779
        },
        "2007-06": {
            "month": "2007-06",
            "price": "19.60",
            "revenue": 186982
        },
        "2007-07": {
            "month": "2007-07",
            "price": "21.69",
            "revenue": 201213
        },
        "2007-08": {
            "month": "2007-08",
            "price": "18.66",
            "revenue": 183834
        },
        "2007-09": {
            "month": "2007-09",
            "price": "17.35",
            "revenue": 172394
        },
        "2007-10": {
            "month": "2007-10",
            "price": "17.90",
            "revenue": 195173
        },
        "2007-11": {
            "month": "2007-11",
            "price": "15.99",
            "revenue": 184217
        },
        "2007-12": {
            "month": "2007-12",
            "price": "15.82",
            "revenue": 199722
        },
        "2008-01": {
            "month": "2008-01",
            "price": "20.36",
            "revenue": 180427
        },
        "2008-02": {
            "month": "2008-02",
            "price": "22.52",
            "revenue": 174920
        },
        "2008-03": {
            "month": "2008-03",
            "price": "24.89",
            "revenue": 180052
        },
        "2008-04": {
            "month": "2008-04",
            "price": "29.37",
            "revenue": 173130
        },
        "2008-05": {
            "month": "2008-05",
            "price": "29.40",
            "revenue": 174540
        },
        "2008-06": {
            "month": "2008-06",
            "price": "27.02",
            "revenue": 166307
        },
        "2008-07": {
            "month": "2008-07",
            "price": "18.06",
            "revenue": 207543
        },
        "2008-08": {
            "month": "2008-08",
            "price": "18.01",
            "revenue": 221670
        },
        "2008-09": {
            "month": "2008-09",
            "price": "15.73",
            "revenue": 146113
        },
        "2008-10": {
            "month": "2008-10",
            "price": "11.71",
            "revenue": 192123
        },
        "2008-11": {
            "month": "2008-11",
            "price": "10.57",
            "revenue": 192097
        },
        "2008-12": {
            "month": "2008-12",
            "price": "12.23",
            "revenue": 156158
        },
        "2009-01": {
            "month": "2009-01",
            "price": "12.15",
            "revenue": 194452
        },
        "2009-02": {
            "month": "2009-02",
            "price": "11.53",
            "revenue": 153538
        },
        "2009-03": {
            "month": "2009-03",
            "price": "13.72",
            "revenue": 158157
        },
        "2009-04": {
            "month": "2009-04",
            "price": "18.35",
            "revenue": 160040
        },
        "2009-05": {
            "month": "2009-05",
            "price": "19.83",
            "revenue": 182498
        },
        "2009-06": {
            "month": "2009-06",
            "price": "19.55",
            "revenue": 135632
        },
        "2009-07": {
            "month": "2009-07",
            "price": "20.62",
            "revenue": 215898
        },
        "2009-08": {
            "month": "2009-08",
            "price": "17.95",
            "revenue": 250923
        },
        "2009-09": {
            "month": "2009-09",
            "price": "16.80",
            "revenue": 141285
        },
        "2009-10": {
            "month": "2009-10",
            "price": "17.09",
            "revenue": 158537
        },
        "2009-11": {
            "month": "2009-11",
            "price": "17.75",
            "revenue": 173004
        },
        "2009-12": {
            "month": "2009-12",
            "price": "19.22",
            "revenue": 166891
        },
        "2010-01": {
            "month": "2010-01",
            "price": "19.76",
            "revenue": 178650
        },
        "2010-02": {
            "month": "2010-02",
            "price": "18.73",
            "revenue": 206796
        },
        "2010-03": {
            "month": "2010-03",
            "price": "17.99",
            "revenue": 183190
        },
        "2010-04": {
            "month": "2010-04",
            "price": "18.31",
            "revenue": 187095
        },
        "2010-05": {
            "month": "2010-05",
            "price": "16.96",
            "revenue": 185664
        },
        "2010-06": {
            "month": "2010-06",
            "price": "18.85",
            "revenue": 185783
        },
        "2010-07": {
            "month": "2010-07",
            "price": "19.79",
            "revenue": 229386
        },
        "2010-08": {
            "month": "2010-08",
            "price": "20.69",
            "revenue": 255152
        },
        "2010-09": {
            "month": "2010-09",
            "price": "20.22",
            "revenue": 194470
        },
        "2010-10": {
            "month": "2010-10",
            "price": "20.79",
            "revenue": 207670
        },
        "2010-11": {
            "month": "2010-11",
            "price": "20.16",
            "revenue": 200258
        },
        "2010-12": {
            "month": "2010-12",
            "price": "20.34",
            "revenue": 395025
        },
        "2011-01": {
            "month": "2011-01",
            "price": "21.45",
            "revenue": 210946
        },
        "2011-02": {
            "month": "2011-02",
            "price": "20.06",
            "revenue": 224990
        },
        "2011-03": {
            "month": "2011-03",
            "price": "18.76",
            "revenue": 269215
        },
        "2011-04": {
            "month": "2011-04",
            "price": "19.34",
            "revenue": 266717
        },
        "2011-05": {
            "month": "2011-05",
            "price": "20.35",
            "revenue": 246801
        },
        "2011-06": {
            "month": "2011-06",
            "price": "22.28",
            "revenue": 264173
        },
        "2011-07": {
            "month": "2011-07",
            "price": "22.14",
            "revenue": 305892
        },
        "2011-08": {
            "month": "2011-08",
            "price": "16.78",
            "revenue": 313529
        },
        "2011-09": {
            "month": "2011-09",
            "price": "19.40",
            "revenue": 262775
        },
        "2011-10": {
            "month": "2011-10",
            "price": "20.81",
            "revenue": 279081
        },
        "2011-11": {
            "month": "2011-11",
            "price": "19.26",
            "revenue": 325347
        },
        "2011-12": {
            "month": "2011-12",
            "price": "16.45",
            "revenue": 199020
        },
        "2012-01": {
            "month": "2012-01",
            "price": "17.42",
            "revenue": 233365
        },
        "2012-02": {
            "month": "2012-02",
            "price": "19.93",
            "revenue": 187730
        },
        "2012-03": {
            "month": "2012-03",
            "price": "19.77",
            "revenue": 205201
        },
        "2012-04": {
            "month": "2012-04",
            "price": "17.78",
            "revenue": 214672
        },
        "2012-05": {
            "month": "2012-05",
            "price": "16.57",
            "revenue": 192996
        },
        "2012-06": {
            "month": "2012-06",
            "price": "16.42",
            "revenue": 221962
        },
        "2012-07": {
            "month": "2012-07",
            "price": "16.44",
            "revenue": 279713
        },
        "2012-08": {
            "month": "2012-08",
            "price": "16.67",
            "revenue": 274207
        },
        "2012-09": {
            "month": "2012-09",
            "price": "16.82",
            "revenue": 203218
        },
        "2012-10": {
            "month": "2012-10",
            "price": "16.42",
            "revenue": 235388
        },
        "2012-11": {
            "month": "2012-11",
            "price": "14.94",
            "revenue": 233958
        },
        "2012-12": {
            "month": "2012-12",
            "price": "15.50",
            "revenue": 227020
        },
        "2013-01": {
            "month": "2013-01",
            "price": "15.85",
            "revenue": 187612
        },
        "2013-02": {
            "month": "2013-02",
            "price": "15.62",
            "revenue": 225704
        },
        "2013-03": {
            "month": "2013-03",
            "price": "15.04",
            "revenue": 263993
        },
        "2013-04": {
            "month": "2013-04",
            "price": "14.06",
            "revenue": 201105
        },
        "2013-05": {
            "month": "2013-05",
            "price": "14.47",
            "revenue": 186689
        },
        "2013-06": {
            "month": "2013-06",
            "price": "14.06",
            "revenue": 218338
        },
        "2013-07": {
            "month": "2013-07",
            "price": "13.94",
            "revenue": 229930
        },
        "2013-08": {
            "month": "2013-08",
            "price": "12.98",
            "revenue": 268156
        },
        "2013-09": {
            "month": "2013-09",
            "price": "12.38",
            "revenue": 169721
        },
        "2013-10": {
            "month": "2013-10",
            "price": "12.73",
            "revenue": 194355
        },
        "2013-11": {
            "month": "2013-11",
            "price": "11.97",
            "revenue": 208271
        },
        "2013-12": {
            "month": "2013-12",
            "price": "12.24",
            "revenue": 197796
        },
        "2014-01": {
            "month": "2014-01",
            "price": "12.50",
            "revenue": 186729
        },
        "2014-02": {
            "month": "2014-02",
            "price": "11.92",
            "revenue": 222717
        },
        "2014-03": {
            "month": "2014-03",
            "price": "11.88",
            "revenue": 201173
        },
        "2014-04": {
            "month": "2014-04",
            "price": "11.68",
            "revenue": 174696
        },
        "2014-05": {
            "month": "2014-05",
            "price": "11.35",
            "revenue": 180237
        },
        "2014-06": {
            "month": "2014-06",
            "price": "11.45",
            "revenue": 204547
        },
        "2014-07": {
            "month": "2014-07",
            "price": "12.99",
            "revenue": 278359
        },
        "2014-08": {
            "month": "2014-08",
            "price": "12.09",
            "revenue": 320744
        },
        "2014-09": {
            "month": "2014-09",
            "price": "11.80",
            "revenue": 205322
        },
        "2014-10": {
            "month": "2014-10",
            "price": "11.05",
            "revenue": 259278
        },
        "2014-11": {
            "month": "2014-11",
            "price": "10.82",
            "revenue": 250062
        },
        "2014-12": {
            "month": "2014-12",
            "price": "11.44",
            "revenue": 246215
        },
        "2015-01": {
            "month": "2015-01",
            "price": "11.58",
            "revenue": 221852
        },
        "2015-02": {
            "month": "2015-02",
            "price": "11.60",
            "revenue": 276608
        },
        "2015-03": {
            "month": "2015-03",
            "price": "11.45",
            "revenue": 236744
        },
        "2015-04": {
            "month": "2015-04",
            "price": "11.78",
            "revenue": 215546
        },
        "2015-05": {
            "month": "2015-05",
            "price": "12.27",
            "revenue": 214655
        },
        "2015-06": {
            "month": "2015-06",
            "price": "11.74",
            "revenue": 228067
        },
        "2015-07": {
            "month": "2015-07",
            "price": "11.39",
            "revenue": 270791
        },
        "2015-08": {
            "month": "2015-08",
            "price": "10.00",
            "revenue": 267156
        },
        "2015-09": {
            "month": "2015-09",
            "price": "9.60",
            "revenue": 222261
        },
        "2015-10": {
            "month": "2015-10",
            "price": "10.05",
            "revenue": 252170
        },
        "2015-11": {
            "month": "2015-11",
            "price": "10.30",
            "revenue": 257500
        },
        "2015-12": {
            "month": "2015-12",
            "price": "10.53",
            "revenue": 256754
        },
        "2016-01": {
            "month": "2016-01",
            "price": "10.25",
            "revenue": 256188
        },
        "2016-02": {
            "month": "2016-02",
            "price": "10.43",
            "revenue": 263503
        },
        "2016-03": {
            "month": "2016-03",
            "price": "10.31",
            "revenue": 247214
        },
        "2016-04": {
            "month": "2016-04",
            "price": "9.59",
            "revenue": 243575
        },
        "2016-05": {
            "month": "2016-05",
            "price": "8.82",
            "revenue": 234225
        },
        "2016-06": {
            "month": "2016-06",
            "price": "9.00",
            "revenue": 255972
        },
        "2016-07": {
            "month": "2016-07",
            "price": "9.10",
            "revenue": 307656
        },
        "2016-08": {
            "month": "2016-08",
            "price": "9.00",
            "revenue": 297739
        },
        "2016-09": {
            "month": "2016-09",
            "price": "8.63",
            "revenue": 238354
        },
        "2016-10": {
            "month": "2016-10",
            "price": "8.69",
            "revenue": 275010
        },
        "2016-11": {
            "month": "2016-11",
            "price": "8.14",
            "revenue": 282866
        },
        "2016-12": {
            "month": "2016-12",
            "price": "8.09",
            "revenue": 326104
        },
        "2017-01": {
            "month": "2017-01",
            "price": "8.12",
            "revenue": 302309
        },
        "2017-02": {
            "month": "2017-02",
            "price": "8.68",
            "revenue": 233308
        },
        "2017-03": {
            "month": "2017-03",
            "price": "8.57",
            "revenue": 253077
        },
        "2017-04": {
            "month": "2017-04",
            "price": "8.17",
            "revenue": 261515
        },
        "2017-05": {
            "month": "2017-05",
            "price": "8.12",
            "revenue": 258744
        },
        "2017-06": {
            "month": "2017-06",
            "price": "8.19",
            "revenue": 240185
        },
        "2017-07": {
            "month": "2017-07",
            "price": "8.26",
            "revenue": 253392
        },
        "2017-08": {
            "month": "2017-08",
            "price": "8.13",
            "revenue": 309092
        },
        "2017-09": {
            "month": "2017-09",
            "price": "8.04",
            "revenue": 240766
        },
        "2017-10": {
            "month": "2017-10",
            "price": "7.92",
            "revenue": 290283
        },
        "2017-11": {
            "month": "2017-11",
            "price": "7.99",
            "revenue": 292079
        },
        "2017-12": {
            "month": "2017-12",
            "price": "7.96",
            "revenue": 329855
        },
        "2018-01": {
            "month": "2018-01",
            "price": "8.10",
            "revenue": 246408
        },
        "2018-02": {
            "month": "2018-02",
            "price": "7.66",
            "revenue": 256411
        },
        "2018-03": {
            "month": "2018-03",
            "price": "7.56",
            "revenue": 267913
        },
        "2018-04": {
            "month": "2018-04",
            "price": "7.06",
            "revenue": 272982
        },
        "2018-05": {
            "month": "2018-05",
            "price": "6.74",
            "revenue": 251380
        },
        "2018-06": {
            "month": "2018-06",
            "price": "6.64",
            "revenue": 259790
        },
        "2018-07": {
            "month": "2018-07",
            "price": "6.39",
            "revenue": 272382
        },
        "2018-08": {
            "month": "2018-08",
            "price": "6.24",
            "revenue": 285628
        },
        "2018-09": {
            "month": "2018-09",
            "price": "6.17",
            "revenue": 242425
        },
        "2018-10": {
            "month": "2018-10",
            "price": "5.81",
            "revenue": 287894
        },
        "2018-11": {
            "month": "2018-11",
            "price": "5.93",
            "revenue": 272544
        },
        "2018-12": {
            "month": "2018-12",
            "price": "6.72",
            "revenue": 290844
        },
        "2019-01": {
            "month": "2019-01",
            "price": "6.31",
            "revenue": 152112
        },
        "2019-02": {
            "month": "2019-02",
            "price": "6.24",
            "revenue": 180524
        },
        "2019-03": {
            "month": "2019-03",
            "price": "6.26",
            "revenue": 172536
        },
        "2019-04": {
            "month": "2019-04",
            "price": "6.49",
            "revenue": 166083
        },
        "2019-05": {
            "month": "2019-05",
            "price": "7.05",
            "revenue": 158387
        },
        "2019-06": {
            "month": "2019-06",
            "price": "6.91",
            "revenue": 162331
        },
        "2019-07": {
            "month": "2019-07",
            "price": "7.14",
            "revenue": 221127
        },
        "2019-08": {
            "month": "2019-08",
            "price": "7.05",
            "revenue": 222063
        },
        "2019-09": {
            "month": "2019-09",
            "price": "7.67",
            "revenue": 165885
        },
        "2019-10": {
            "month": "2019-10",
            "price": "8.34",
            "revenue": 214185
        },
        "2019-11": {
            "month": "2019-11",
            "price": "15.07",
            "revenue": 207515
        },
        "2019-12": {
            "month": "2019-12",
            "price": "15.31",
            "revenue": 200057
        },
        "2020-01": {
            "month": "2020-01",
            "price": "15.27",
            "revenue": 166117
        },
        "2020-02": {
            "month": "2020-02",
            "price": "13.29",
            "revenue": 95155
        },
        "2020-03": {
            "month": "2020-03",
            "price": "11.12",
            "revenue": 54083
        },
        "2020-04": {
            "month": "2020-04",
            "price": "10.30",
            "revenue": 36053
        },
        "2020-05": {
            "month": "2020-05",
            "price": "12.92",
            "revenue": 75300
        },
        "2020-06": {
            "month": "2020-06",
            "price": "15.66",
            "revenue": 117962
        },
        "2020-07": {
            "month": "2020-07",
            "price": "16.49",
            "revenue": 237876
        },
        "2020-08": {
            "month": "2020-08",
            "price": "16.25",
            "revenue": 251464
        },
        "2020-09": {
            "month": "2020-09",
            "price": "17.72",
            "revenue": 116944
        },
        "2020-10": {
            "month": "2020-10",
            "price": "20.70",
            "revenue": 175984
        },
        "2020-11": {
            "month": "2020-11",
            "price": "21.99",
            "revenue": 133066
        },
        "2020-12": {
            "month": "2020-12",
            "price": "21.64",
            "revenue": 121409
        },
        "2021-01": {
            "month": "2021-01",
            "price": "20.07",
            "revenue": 107007
        },
        "2021-02": {
            "month": "2021-02",
            "price": "20.43",
            "revenue": 133429
        },
        "2021-03": {
            "month": "2021-03",
            "price": "21.10",
            "revenue": 89753
        },
        "2021-04": {
            "month": "2021-04",
            "price": "19.91",
            "revenue": 124642
        },
        "2021-05": {
            "month": "2021-05",
            "price": "17.10",
            "revenue": 49428
        },
        "2021-06": {
            "month": "2021-06",
            "price": "17.67",
            "revenue": 14316
        },
        "2021-07": {
            "month": "2021-07",
            "price": "19.13",
            "revenue": 30118
        },
        "2021-08": {
            "month": "2021-08",
            "price": "18.10",
            "revenue": 108929
        },
        "2021-09": {
            "month": "2021-09",
            "price": "17.96",
            "revenue": 87573
        },
        "2021-10": {
            "month": "2021-10",
            "price": "18.18",
            "revenue": 138487
        },
        "2021-11": {
            "month": "2021-11",
            "price": "18.15",
            "revenue": 168051
        },
        "2021-12": {
            "month": "2021-12",
            "price": "17.51",
            "revenue": 199658
        },
        "2022-01": {
            "month": "2022-01",
            "price": "17.30",
            "revenue": 129038
        },
        "2022-02": {
            "month": "2022-02",
            "price": "17.79",
            "revenue": 99306
        },
        "2022-03": {
            "month": "2022-03",
            "price": "17.52",
            "revenue": 91165
        },
        "2022-04": {
            "month": "2022-04",
            "price": "17.14",
            "revenue": 87212
        },
        "2022-05": {
            "month": "2022-05",
            "price": "16.75",
            "revenue": 37470
        },
        "2022-06": {
            "month": "2022-06",
            "price": "17.91",
            "revenue": 70806
        },
        "2022-07": {
            "month": "2022-07",
            "price": "16.39",
            "revenue": 189565
        },
        "2022-08": {
            "month": "2022-08",
            "price": "16.45",
            "revenue": 265241
        },
        "2022-09": {
            "month": "2022-09",
            "price": "16.32",
            "revenue": 136498
        },
        "2022-10": {
            "month": "2022-10",
            "price": "16.15",
            "revenue": 198559
        },
        "2022-11": {
            "month": "2022-11",
            "price": "16.32",
            "revenue": 179971
        },
        "2022-12": {
            "month": "2022-12",
            "price": "16.73",
            "revenue": 185225
        },
        "2023-01": {
            "month": "2023-01",
            "price": "16.85",
            "revenue": 188590
        },
        "2023-02": {
            "month": "2023-02",
            "price": "17.56",
            "revenue": 149574
        },
        "2023-03": {
            "month": "2023-03",
            "price": "17.76",
            "revenue": 142497
        },
        "2023-04": {
            "month": "2023-04",
            "price": "17.73",
            "revenue": 166404
        },
        "2023-05": {
            "month": "2023-05",
            "price": "18.82",
            "revenue": 137636
        },
        "2023-06": {
            "month": "2023-06",
            "price": "23.30",
            "revenue": 157573
        },
        "2023-07": {
            "month": "2023-07",
            "price": "21.70",
            "revenue": 207028
        },
        "2023-08": {
            "month": "2023-08",
            "price": "18.14",
            "revenue": 223672
        },
        "2023-09": {
            "month": "2023-09",
            "price": "17.16",
            "revenue": 180124
        }
    }
}
