{
    "summary": {
        "stock_name": "第一店",
        "stock_id": "2706",
        "category": "觀光",
        "main_business": "觀光旅館業務<br>商場出租業務",
        "website_url": "http://twfirsthotel.com.tw",
        "ceo": "徐小華",
        "pe_ratio": 27,
        "report_year_from": 2001,
        "report_year_to": 2023,
        "age": 22,
        "eps_negative_percentage": 0,
        "eps_growth_avg": {
            "last_all": 0.61,
            "last_2y": -6.79,
            "last_4y": -4.85,
            "last_8y": 1.41,
            "last_12y": -1.26,
            "last_16y": -0.54,
            "last_20y": 0.61,
            "at_2006_last_3y": 32.66,
            "at_2007_last_3y": 26.82,
            "at_2008_last_3y": 14.49,
            "at_2009_last_3y": 1.82,
            "at_2010_last_3y": -22.76,
            "at_2011_last_3y": -16.38,
            "at_2012_last_3y": -10.24,
            "at_2013_last_3y": -7.28,
            "at_2014_last_3y": 4,
            "at_2015_last_3y": 13.18,
            "at_2016_last_3y": 9.83,
            "at_2017_last_3y": 9.23,
            "at_2018_last_3y": -3.5,
            "at_2019_last_3y": -0.09,
            "at_2020_last_3y": -17.53,
            "at_2021_last_3y": -31.06,
            "at_2022_last_3y": 0.72,
            "at_2023_last_3y": 0.72,
            "at_2006_last_all": 19.79,
            "at_2007_last_all": 7.73,
            "at_2008_last_all": 5.16,
            "at_2009_last_all": 3.65,
            "at_2010_last_all": 0.88,
            "at_2011_last_all": -1.92,
            "at_2012_last_all": -0.44,
            "at_2013_last_all": 0.01,
            "at_2014_last_all": 1.84,
            "at_2015_last_all": 2.4,
            "at_2016_last_all": 2.29,
            "at_2017_last_all": 2.31,
            "at_2018_last_all": 0.58,
            "at_2019_last_all": 1.84,
            "at_2020_last_all": -1.88,
            "at_2021_last_all": -4.36,
            "at_2022_last_all": 0.61,
            "at_2023_last_all": 0.61
        },
        "latest_eps": 0.6,
        "latest_price": 16.35,
        "latest_roe": 3.22,
        "latest_gross_margin": 66.45,
        "latest_equity": 9670120,
        "latest_revenue": 97895,
        "latest_gross_profit": 65052,
        "latest_net_income": 30709,
        "latest_debt_ratio": 13.21,
        "latest_current_ratio": 1862.03,
        "latest_account_receivable_turnover_ratio": 59.62,
        "latest_inventory_turnover_ratio": null,
        "latest_reinvestment_rate": 8.12,
        "latest_research_to_sale_ratio": null
    },
    "eps_dividends": {
        "1990": {
            "cash": 1,
            "stock": 0,
            "eps": 0
        },
        "1991": {
            "cash": 1,
            "stock": 3,
            "eps": 0
        },
        "1992": {
            "cash": 1,
            "stock": 1,
            "eps": 0
        },
        "1993": {
            "cash": 1,
            "stock": 1,
            "eps": 0
        },
        "1994": {
            "cash": 1,
            "stock": 1,
            "eps": 0
        },
        "1995": {
            "cash": 1,
            "stock": 1,
            "eps": 0
        },
        "1996": {
            "cash": 0,
            "stock": 1,
            "eps": 0
        },
        "1998": {
            "cash": 1,
            "stock": 0,
            "eps": 0
        },
        "1999": {
            "cash": 0,
            "stock": 1,
            "eps": 0
        },
        "2000": {
            "cash": 0,
            "stock": 1,
            "eps": 0
        },
        "2001": {
            "cash": 0,
            "stock": 1,
            "eps": 1.8
        },
        "2002": {
            "cash": 0,
            "stock": 1,
            "eps": 1.23
        },
        "2003": {
            "cash": 0,
            "stock": 1,
            "eps": 0.87
        },
        "2004": {
            "cash": 0,
            "stock": 1,
            "eps": 1.21
        },
        "2005": {
            "cash": 0,
            "stock": 1,
            "eps": 1.74
        },
        "2006": {
            "cash": 0,
            "stock": 1,
            "eps": 3.08
        },
        "2007": {
            "cash": 0,
            "stock": 2,
            "eps": 1.46
        },
        "2008": {
            "cash": 0,
            "stock": 1,
            "eps": 1.31
        },
        "2009": {
            "cash": 0,
            "stock": 1,
            "eps": 1.22
        },
        "2010": {
            "cash": 0,
            "stock": 1,
            "eps": 0.96
        },
        "2011": {
            "cash": 0,
            "stock": 2,
            "eps": 0.7
        },
        "2012": {
            "cash": 0,
            "stock": 0,
            "eps": 0.8
        },
        "2013": {
            "cash": 0,
            "stock": 1,
            "eps": 0.84
        },
        "2014": {
            "cash": 0,
            "stock": 1,
            "eps": 1.04
        },
        "2015": {
            "cash": 0,
            "stock": 1,
            "eps": 1.14
        },
        "2016": {
            "cash": 0,
            "stock": 1,
            "eps": 1.15
        },
        "2017": {
            "cash": 0,
            "stock": 1,
            "eps": 1.18
        },
        "2018": {
            "cash": 0,
            "stock": 0,
            "eps": 0.86
        },
        "2019": {
            "cash": 0,
            "stock": 0,
            "eps": 1.06
        },
        "2020": {
            "cash": 0,
            "stock": 0,
            "eps": 0.33
        },
        "2021": {
            "cash": 0,
            "stock": 0,
            "eps": 0.16
        },
        "2022": {
            "cash": 0,
            "stock": 0,
            "eps": 0.6
        },
        "2023": {
            "cash": 0,
            "stock": 0,
            "eps": 0.06
        }
    },
    "dividends": {
        "1990-02-25": {
            "cash": 1.04,
            "stock": 0
        },
        "1991-03-14": {
            "cash": 1,
            "stock": 2.8
        },
        "1992-04-28": {
            "cash": 1,
            "stock": 0.5
        },
        "1993-04-30": {
            "cash": 0.75,
            "stock": 0.75
        },
        "1994-05-28": {
            "cash": 1,
            "stock": 0.5
        },
        "1995-05-26": {
            "cash": 0.7,
            "stock": 0.5
        },
        "1996-05-20": {
            "cash": 0,
            "stock": 1
        },
        "1998-05-26": {
            "cash": 0.5,
            "stock": 0
        },
        "1999-06-25": {
            "cash": 0,
            "stock": 1.06
        },
        "2000-05-26": {
            "cash": 0.16,
            "stock": 0.9
        },
        "2001-05-29": {
            "cash": 0.14,
            "stock": 1.1
        },
        "2002-06-28": {
            "cash": 0.18,
            "stock": 1.2
        },
        "2003-04-03": {
            "cash": 0.21,
            "stock": 0.8
        },
        "2004-04-02": {
            "cash": 0.13,
            "stock": 0.6
        },
        "2005-04-06": {
            "cash": 0.14,
            "stock": 0.85
        },
        "2006-03-30": {
            "cash": 0.11,
            "stock": 0.7
        },
        "2007-03-30": {
            "cash": 0.24,
            "stock": 2.4
        },
        "2008-03-17": {
            "cash": 0.14,
            "stock": 1
        },
        "2009-03-27": {
            "cash": 0.1,
            "stock": 1
        },
        "2010-03-29": {
            "cash": 0.12,
            "stock": 0.9
        },
        "2011-01-01": {
            "cash": 0.11,
            "stock": 0.5
        },
        "2011-06-28": {
            "cash": 0.1,
            "stock": 0.8
        },
        "2013-03-25": {
            "cash": 0.15,
            "stock": 0.56
        },
        "2014-10-09": {
            "cash": 0.14,
            "stock": 0.6
        },
        "2015-10-14": {
            "cash": 0.18,
            "stock": 0.72
        },
        "2016-10-07": {
            "cash": 0.18,
            "stock": 0.72
        },
        "2017-10-06": {
            "cash": 0.2,
            "stock": 0.8
        },
        "2018-10-11": {
            "cash": 0.28,
            "stock": 0.28
        },
        "2019-09-19": {
            "cash": 0.45,
            "stock": 0
        },
        "2020-10-15": {
            "cash": 0.45,
            "stock": 0
        },
        "2021-11-09": {
            "cash": 0.15,
            "stock": 0
        },
        "2022-10-06": {
            "cash": 0.14,
            "stock": 0
        },
        "2023-03-08": {
            "cash": 0.35,
            "stock": 0
        }
    },
    "prices": {
        "200101": "98.25",
        "200102": "96.29",
        "200103": "96.00",
        "200104": "98.90",
        "200105": "101.70",
        "200106": "100.50",
        "200107": "100.33",
        "200108": "100.00",
        "200109": "96.56",
        "200110": "91.60",
        "200111": "91.25",
        "200112": "90.55",
        "200201": "90.50",
        "200202": "90.50",
        "200203": "102.60",
        "200204": "96.60",
        "200205": "94.57",
        "200206": "91.44",
        "200207": "88.19",
        "200208": "64.90",
        "200209": "22.87",
        "200210": "17.30",
        "200211": "19.15",
        "200212": "18.06",
        "200301": "18.53",
        "200302": "17.35",
        "200303": "17.01",
        "200304": "16.17",
        "200305": "15.40",
        "200306": "16.32",
        "200307": "16.65",
        "200308": "16.63",
        "200309": "16.16",
        "200310": "17.35",
        "200311": "18.04",
        "200312": "17.77",
        "200401": "18.48",
        "200402": "23.28",
        "200403": "22.08",
        "200404": "21.30",
        "200405": "18.66",
        "200406": "18.08",
        "200407": "17.79",
        "200408": "17.18",
        "200409": "17.54",
        "200410": "17.16",
        "200411": "16.95",
        "200412": "17.25",
        "200501": "18.10",
        "200502": "17.81",
        "200503": "19.76",
        "200504": "18.66",
        "200505": "21.28",
        "200506": "25.00",
        "200507": "23.66",
        "200508": "25.10",
        "200509": "22.39",
        "200510": "20.77",
        "200511": "21.34",
        "200512": "24.67",
        "200601": "23.02",
        "200602": "22.61",
        "200603": "21.31",
        "200604": "26.11",
        "200605": "35.20",
        "200606": "33.60",
        "200607": "32.07",
        "200608": "31.88",
        "200609": "30.75",
        "200610": "33.31",
        "200611": "32.96",
        "200612": "36.40",
        "200701": "35.31",
        "200702": "38.14",
        "200703": "35.87",
        "200704": "38.12",
        "200705": "36.81",
        "200706": "36.49",
        "200707": "41.72",
        "200708": "37.54",
        "200709": "34.40",
        "200710": "31.93",
        "200711": "28.62",
        "200712": "28.58",
        "200801": "32.44",
        "200802": "34.45",
        "200803": "38.38",
        "200804": "40.17",
        "200805": "39.21",
        "200806": "36.95",
        "200807": "27.67",
        "200808": "27.30",
        "200809": "22.65",
        "200810": "18.22",
        "200811": "17.96",
        "200812": "19.20",
        "200901": "18.30",
        "200902": "17.34",
        "200903": "20.31",
        "200904": "27.27",
        "200905": "28.91",
        "200906": "28.86",
        "200907": "29.83",
        "200908": "26.20",
        "200909": "25.15",
        "200910": "24.52",
        "200911": "24.46",
        "200912": "25.30",
        "201001": "27.43",
        "201002": "26.44",
        "201003": "26.44",
        "201004": "26.58",
        "201005": "24.16",
        "201006": "25.34",
        "201007": "26.06",
        "201008": "28.71",
        "201009": "32.30",
        "201010": "31.27",
        "201011": "29.07",
        "201012": "30.67",
        "201101": "30.47",
        "201102": "27.89",
        "201103": "26.69",
        "201104": "28.72",
        "201105": "28.51",
        "201106": "28.49",
        "201107": "27.30",
        "201108": "24.61",
        "201109": "22.86",
        "201110": "21.46",
        "201111": "20.51",
        "201112": "18.77",
        "201201": "18.97",
        "201202": "20.77",
        "201203": "20.63",
        "201204": "19.53",
        "201205": "19.24",
        "201206": "18.28",
        "201207": "18.77",
        "201208": "20.19",
        "201209": "20.76",
        "201210": "19.82",
        "201211": "18.99",
        "201212": "19.43",
        "201301": "19.78",
        "201302": "19.58",
        "201303": "19.25",
        "201304": "19.25",
        "201305": "19.54",
        "201306": "19.44",
        "201307": "19.62",
        "201308": "19.60",
        "201309": "18.73",
        "201310": "18.92",
        "201311": "18.93",
        "201312": "19.11",
        "201401": "19.41",
        "201402": "19.49",
        "201403": "19.46",
        "201404": "19.36",
        "201405": "19.00",
        "201406": "19.30",
        "201407": "20.72",
        "201408": "20.60",
        "201409": "19.92",
        "201410": "19.62",
        "201411": "19.96",
        "201412": "19.95",
        "201501": "20.03",
        "201502": "20.12",
        "201503": "20.59",
        "201504": "21.30",
        "201505": "21.99",
        "201506": "20.97",
        "201507": "21.24",
        "201508": "20.44",
        "201509": "18.82",
        "201510": "19.36",
        "201511": "19.53",
        "201512": "18.88",
        "201601": "18.50",
        "201602": "18.66",
        "201603": "18.81",
        "201604": "18.67",
        "201605": "18.11",
        "201606": "18.15",
        "201607": "18.33",
        "201608": "18.05",
        "201609": "16.67",
        "201610": "16.58",
        "201611": "16.30",
        "201612": "16.30",
        "201701": "16.43",
        "201702": "17.31",
        "201703": "17.36",
        "201704": "17.24",
        "201705": "17.07",
        "201706": "16.88",
        "201707": "16.75",
        "201708": "16.44",
        "201709": "15.72",
        "201710": "15.51",
        "201711": "15.55",
        "201712": "15.50",
        "201801": "15.82",
        "201802": "15.52",
        "201803": "15.35",
        "201804": "15.14",
        "201805": "15.00",
        "201806": "14.92",
        "201807": "14.84",
        "201808": "14.85",
        "201809": "14.28",
        "201810": "14.02",
        "201811": "14.02",
        "201812": "14.22",
        "201901": "14.17",
        "201902": "14.25",
        "201903": "14.46",
        "201904": "14.38",
        "201905": "14.34",
        "201906": "15.24",
        "201907": "15.83",
        "201908": "15.12",
        "201909": "14.90",
        "201910": "15.09",
        "201911": "15.20",
        "201912": "15.66",
        "202001": "15.62",
        "202002": "14.88",
        "202003": "13.10",
        "202004": "12.50",
        "202005": "13.21",
        "202006": "14.02",
        "202007": "14.05",
        "202008": "13.64",
        "202009": "13.44",
        "202010": "13.26",
        "202011": "13.67",
        "202012": "13.90",
        "202101": "13.74",
        "202102": "13.62",
        "202103": "13.97",
        "202104": "14.33",
        "202105": "13.66",
        "202106": "14.80",
        "202107": "15.12",
        "202108": "13.85",
        "202109": "13.96",
        "202110": "14.32",
        "202111": "14.52",
        "202112": "14.25",
        "202201": "14.12",
        "202202": "14.39",
        "202203": "14.24",
        "202204": "14.06",
        "202205": "13.73",
        "202206": "14.16",
        "202207": "13.93",
        "202208": "14.12",
        "202209": "14.22",
        "202210": "14.15",
        "202211": "14.09",
        "202212": "14.18",
        "202301": "14.11",
        "202302": "14.49",
        "202303": "14.75",
        "202304": "14.90",
        "202305": "15.64"
    },
    "quarters": {
        "20011": {
            "year_quarter": 20011,
            "year": 2001,
            "quarter": 1,
            "eps": 0.29,
            "eps_growth_year": -49.12,
            "eps_4q": 2.37,
            "eps_4q_growth_year": -14.89,
            "roe": 1.16,
            "roe_4q": 1.16,
            "gross_profit": 49945,
            "gross_margin": 77.1,
            "gross_margin_4q_avg": 77.1,
            "net_income": 32785,
            "revenue": 64776,
            "common_shares": 1142848,
            "book_valuer_per_share": 24.91,
            "book_valuer_per_share_4q_avg": 24.91,
            "equity": 2846417,
            "current_ratio": 298.85,
            "debt_ratio": 25.85,
            "inventory_turnover_ratio": null,
            "account_receivable_turnover_ratio": null,
            "reinvestment_rate": null,
            "research_to_sale_ratio": null,
            "price_fair": 0,
            "eps_avg_yearly": 0,
            "eps_latest_yearly": 0,
            "eps_growth_yearly": 0
        },
        "20012": {
            "year_quarter": 20012,
            "year": 2001,
            "quarter": 2,
            "eps": 0.8,
            "eps_growth_year": -14.89,
            "eps_4q": 2.28,
            "eps_4q_growth_year": -17.66,
            "roe": 3.14,
            "roe_4q": 4.3,
            "gross_profit": 49913,
            "gross_margin": 75.76,
            "gross_margin_4q_avg": 76.43,
            "net_income": 91619,
            "revenue": 65879,
            "common_shares": 1142848,
            "book_valuer_per_share": 26.14,
            "book_valuer_per_share_4q_avg": 25.53,
            "equity": 2987928,
            "current_ratio": 315.18,
            "debt_ratio": 25.38,
            "inventory_turnover_ratio": null,
            "account_receivable_turnover_ratio": null,
            "reinvestment_rate": null,
            "research_to_sale_ratio": null,
            "price_fair": 0,
            "eps_avg_yearly": 0,
            "eps_latest_yearly": 0,
            "eps_growth_yearly": 0
        },
        "20013": {
            "year_quarter": 20013,
            "year": 2001,
            "quarter": 3,
            "eps": 0.25,
            "eps_growth_year": -10.71,
            "eps_4q": 2.06,
            "eps_4q_growth_year": -19.59,
            "roe": 1.06,
            "roe_4q": 5.36,
            "gross_profit": 47794,
            "gross_margin": 76.17,
            "gross_margin_4q_avg": 76.34,
            "net_income": 31677,
            "revenue": 62748,
            "common_shares": 1268561,
            "book_valuer_per_share": 23.78,
            "book_valuer_per_share_4q_avg": 24.94,
            "equity": 3017110,
            "current_ratio": 408.32,
            "debt_ratio": 25.05,
            "inventory_turnover_ratio": null,
            "account_receivable_turnover_ratio": null,
            "reinvestment_rate": null,
            "research_to_sale_ratio": null,
            "price_fair": 0,
            "eps_avg_yearly": 0,
            "eps_latest_yearly": 0,
            "eps_growth_yearly": 0
        },
        "20014": {
            "year_quarter": 20014,
            "year": 2001,
            "quarter": 4,
            "eps": 0.46,
            "eps_growth_year": -50,
            "eps_4q": 1.69,
            "eps_4q_growth_year": -34.72,
            "roe": 1.91,
            "roe_4q": 7.27,
            "gross_profit": 50667,
            "gross_margin": 78.89,
            "gross_margin_4q_avg": 76.98,
            "net_income": 58299,
            "revenue": 64222,
            "common_shares": 1268561,
            "book_valuer_per_share": 24.44,
            "book_valuer_per_share_4q_avg": 24.82,
            "equity": 3099917,
            "current_ratio": 501.26,
            "debt_ratio": 24.49,
            "inventory_turnover_ratio": null,
            "account_receivable_turnover_ratio": null,
            "reinvestment_rate": null,
            "research_to_sale_ratio": null,
            "price_fair": 0,
            "eps_avg_yearly": 0,
            "eps_latest_yearly": 0,
            "eps_growth_yearly": 0
        },
        "20021": {
            "year_quarter": 20021,
            "year": 2002,
            "quarter": 1,
            "eps": 0.26,
            "eps_growth_year": -10.34,
            "eps_4q": 1.7,
            "eps_4q_growth_year": -28.15,
            "roe": 1.05,
            "roe_4q": 7.16,
            "gross_profit": 48876,
            "gross_margin": 77.78,
            "gross_margin_4q_avg": 77.15,
            "net_income": 32700,
            "revenue": 62840,
            "common_shares": 1268561,
            "book_valuer_per_share": 24.71,
            "book_valuer_per_share_4q_avg": 24.77,
            "equity": 3134630,
            "current_ratio": 489.85,
            "debt_ratio": 24.46,
            "inventory_turnover_ratio": null,
            "account_receivable_turnover_ratio": null,
            "reinvestment_rate": null,
            "research_to_sale_ratio": null,
            "price_fair": 3.12,
            "eps_avg_yearly": 1.04,
            "eps_latest_yearly": 1.04,
            "eps_growth_yearly": -173.91
        },
        "20022": {
            "year_quarter": 20022,
            "year": 2002,
            "quarter": 2,
            "eps": 0.32,
            "eps_growth_year": -60,
            "eps_4q": 1.28,
            "eps_4q_growth_year": -43.76,
            "roe": 1.31,
            "roe_4q": 5.33,
            "gross_profit": 48459,
            "gross_margin": 77.95,
            "gross_margin_4q_avg": 77.7,
            "net_income": 40843,
            "revenue": 62170,
            "common_shares": 1268561,
            "book_valuer_per_share": 24.31,
            "book_valuer_per_share_4q_avg": 24.31,
            "equity": 3084442,
            "current_ratio": 448.37,
            "debt_ratio": 24.95,
            "inventory_turnover_ratio": null,
            "account_receivable_turnover_ratio": null,
            "reinvestment_rate": null,
            "research_to_sale_ratio": null,
            "price_fair": 3.48,
            "eps_avg_yearly": 1.16,
            "eps_latest_yearly": 1.28,
            "eps_growth_yearly": -40.8
        },
        "20023": {
            "year_quarter": 20023,
            "year": 2002,
            "quarter": 3,
            "eps": 0.27,
            "eps_growth_year": 8,
            "eps_4q": 1.21,
            "eps_4q_growth_year": -41.23,
            "roe": 1.21,
            "roe_4q": 5.48,
            "gross_profit": 51920,
            "gross_margin": 77.72,
            "gross_margin_4q_avg": 78.09,
            "net_income": 37884,
            "revenue": 66802,
            "common_shares": 1420788,
            "book_valuer_per_share": 22.39,
            "book_valuer_per_share_4q_avg": 23.96,
            "equity": 3181694,
            "current_ratio": 582.96,
            "debt_ratio": 24.18,
            "inventory_turnover_ratio": null,
            "account_receivable_turnover_ratio": null,
            "reinvestment_rate": null,
            "research_to_sale_ratio": null,
            "price_fair": 3.4,
            "eps_avg_yearly": 1.13,
            "eps_latest_yearly": 1.08,
            "eps_growth_yearly": -48.04
        },
        "20024": {
            "year_quarter": 20024,
            "year": 2002,
            "quarter": 4,
            "eps": 0.38,
            "eps_growth_year": -17.39,
            "eps_4q": 1.17,
            "eps_4q_growth_year": -30.59,
            "roe": 1.66,
            "roe_4q": 5.2299999999999995,
            "gross_profit": 53432,
            "gross_margin": 79.97,
            "gross_margin_4q_avg": 78.36,
            "net_income": 53317,
            "revenue": 66819,
            "common_shares": 1420788,
            "book_valuer_per_share": 22.72,
            "book_valuer_per_share_4q_avg": 23.53,
            "equity": 3227473,
            "current_ratio": 866.94,
            "debt_ratio": 23.69,
            "inventory_turnover_ratio": null,
            "account_receivable_turnover_ratio": null,
            "reinvestment_rate": -1.78,
            "research_to_sale_ratio": null,
            "price_fair": 18.1,
            "eps_avg_yearly": 1.23,
            "eps_latest_yearly": 1.52,
            "eps_growth_yearly": 4.71
        },
        "20031": {
            "year_quarter": 20031,
            "year": 2003,
            "quarter": 1,
            "eps": 0.24,
            "eps_growth_year": -7.69,
            "eps_4q": 1.17,
            "eps_4q_growth_year": -31.27,
            "roe": 1.05,
            "roe_4q": 5.23,
            "gross_profit": 51303,
            "gross_margin": 78.23,
            "gross_margin_4q_avg": 78.47,
            "net_income": 34034,
            "revenue": 65578,
            "common_shares": 1420788,
            "book_valuer_per_share": 22.95,
            "book_valuer_per_share_4q_avg": 23.09,
            "equity": 3261283,
            "current_ratio": 722.49,
            "debt_ratio": 23.79,
            "inventory_turnover_ratio": null,
            "account_receivable_turnover_ratio": null,
            "reinvestment_rate": -1.61,
            "research_to_sale_ratio": null,
            "price_fair": 3.53,
            "eps_avg_yearly": 1.18,
            "eps_latest_yearly": 0.96,
            "eps_growth_yearly": -25.7
        },
        "20032": {
            "year_quarter": 20032,
            "year": 2003,
            "quarter": 2,
            "eps": 0.22,
            "eps_growth_year": -31.25,
            "eps_4q": 1.1,
            "eps_4q_growth_year": -14.19,
            "roe": 0.96,
            "roe_4q": 4.88,
            "gross_profit": 43001,
            "gross_margin": 79.91,
            "gross_margin_4q_avg": 78.96,
            "net_income": 31332,
            "revenue": 53815,
            "common_shares": 1420788,
            "book_valuer_per_share": 22.89,
            "book_valuer_per_share_4q_avg": 22.74,
            "equity": 3252125,
            "current_ratio": 581.09,
            "debt_ratio": 24.11,
            "inventory_turnover_ratio": null,
            "account_receivable_turnover_ratio": null,
            "reinvestment_rate": -1.72,
            "research_to_sale_ratio": null,
            "price_fair": 3.38,
            "eps_avg_yearly": 1.13,
            "eps_latest_yearly": 0.88,
            "eps_growth_yearly": -26.97
        },
        "20033": {
            "year_quarter": 20033,
            "year": 2003,
            "quarter": 3,
            "eps": 0.26,
            "eps_growth_year": -3.7,
            "eps_4q": 1.02,
            "eps_4q_growth_year": -15.46,
            "roe": 1.24,
            "roe_4q": 4.91,
            "gross_profit": 49230,
            "gross_margin": 78.57,
            "gross_margin_4q_avg": 79.17,
            "net_income": 40462,
            "revenue": 62657,
            "common_shares": 1534451,
            "book_valuer_per_share": 21.21,
            "book_valuer_per_share_4q_avg": 22.44,
            "equity": 3254743,
            "current_ratio": 688.91,
            "debt_ratio": 23.97,
            "inventory_turnover_ratio": null,
            "account_receivable_turnover_ratio": null,
            "reinvestment_rate": -1.9,
            "research_to_sale_ratio": null,
            "price_fair": 3.34,
            "eps_avg_yearly": 1.11,
            "eps_latest_yearly": 1.04,
            "eps_growth_yearly": -12.73
        },
        "20034": {
            "year_quarter": 20034,
            "year": 2003,
            "quarter": 4,
            "eps": 0.15,
            "eps_growth_year": -60.53,
            "eps_4q": 0.85,
            "eps_4q_growth_year": -27.56,
            "roe": 0.69,
            "roe_4q": 3.9399999999999995,
            "gross_profit": 55040,
            "gross_margin": 80.24,
            "gross_margin_4q_avg": 79.24,
            "net_income": 22659,
            "revenue": 68592,
            "common_shares": 1534451,
            "book_valuer_per_share": 21.42,
            "book_valuer_per_share_4q_avg": 22.12,
            "equity": 3287279,
            "current_ratio": 1040.25,
            "debt_ratio": 23.3,
            "inventory_turnover_ratio": null,
            "account_receivable_turnover_ratio": null,
            "reinvestment_rate": -1.76,
            "research_to_sale_ratio": null,
            "price_fair": 3.15,
            "eps_avg_yearly": 1.05,
            "eps_latest_yearly": 0.6,
            "eps_growth_yearly": -32.29
        },
        "20041": {
            "year_quarter": 20041,
            "year": 2004,
            "quarter": 1,
            "eps": 0.24,
            "eps_growth_year": 0,
            "eps_4q": 0.85,
            "eps_4q_growth_year": -27.25,
            "roe": 1.13,
            "roe_4q": 4.02,
            "gross_profit": 54530,
            "gross_margin": 80.33,
            "gross_margin_4q_avg": 79.76,
            "net_income": 37039,
            "revenue": 67885,
            "common_shares": 1534451,
            "book_valuer_per_share": 21.4,
            "book_valuer_per_share_4q_avg": 21.73,
            "equity": 3282994,
            "current_ratio": 875.48,
            "debt_ratio": 23.6,
            "inventory_turnover_ratio": null,
            "account_receivable_turnover_ratio": null,
            "reinvestment_rate": -1.67,
            "research_to_sale_ratio": null,
            "price_fair": 3.12,
            "eps_avg_yearly": 1.04,
            "eps_latest_yearly": 0.96,
            "eps_growth_yearly": -2.04
        },
        "20042": {
            "year_quarter": 20042,
            "year": 2004,
            "quarter": 2,
            "eps": 0.4,
            "eps_growth_year": 81.82,
            "eps_4q": 1.05,
            "eps_4q_growth_year": -4.89,
            "roe": 1.87,
            "roe_4q": 4.93,
            "gross_profit": 53305,
            "gross_margin": 78,
            "gross_margin_4q_avg": 79.29,
            "net_income": 62057,
            "revenue": 68342,
            "common_shares": 1534451,
            "book_valuer_per_share": 21.86,
            "book_valuer_per_share_4q_avg": 21.47,
            "equity": 3354003,
            "current_ratio": 786.48,
            "debt_ratio": 23.51,
            "inventory_turnover_ratio": null,
            "account_receivable_turnover_ratio": null,
            "reinvestment_rate": -1.73,
            "research_to_sale_ratio": null,
            "price_fair": 38.18,
            "eps_avg_yearly": 1.1,
            "eps_latest_yearly": 1.6,
            "eps_growth_yearly": 24.83
        },
        "20043": {
            "year_quarter": 20043,
            "year": 2004,
            "quarter": 3,
            "eps": 0.26,
            "eps_growth_year": 0,
            "eps_4q": 1.01,
            "eps_4q_growth_year": -0.99,
            "roe": 1.24,
            "roe_4q": 4.93,
            "gross_profit": 57094,
            "gross_margin": 80.88,
            "gross_margin_4q_avg": 79.86,
            "net_income": 42069,
            "revenue": 70595,
            "common_shares": 1626518,
            "book_valuer_per_share": 20.94,
            "book_valuer_per_share_4q_avg": 21.41,
            "equity": 3405809,
            "current_ratio": 957.1,
            "debt_ratio": 23.07,
            "inventory_turnover_ratio": null,
            "account_receivable_turnover_ratio": null,
            "reinvestment_rate": -1.68,
            "research_to_sale_ratio": null,
            "price_fair": 21.65,
            "eps_avg_yearly": 1.09,
            "eps_latest_yearly": 1.04,
            "eps_growth_yearly": 9.85
        },
        "20044": {
            "year_quarter": 20044,
            "year": 2004,
            "quarter": 4,
            "eps": 0.31,
            "eps_growth_year": 106.67,
            "eps_4q": 1.17,
            "eps_4q_growth_year": 37.48,
            "roe": 1.51,
            "roe_4q": 5.75,
            "gross_profit": 46892,
            "gross_margin": 76.69,
            "gross_margin_4q_avg": 78.98,
            "net_income": 50925,
            "revenue": 61141,
            "common_shares": 1626518,
            "book_valuer_per_share": 20.63,
            "book_valuer_per_share_4q_avg": 21.21,
            "equity": 3355035,
            "current_ratio": 1257.29,
            "debt_ratio": 23.19,
            "inventory_turnover_ratio": null,
            "account_receivable_turnover_ratio": null,
            "reinvestment_rate": -1.79,
            "research_to_sale_ratio": null,
            "price_fair": 28.07,
            "eps_avg_yearly": 1.1,
            "eps_latest_yearly": 1.24,
            "eps_growth_yearly": 15.44
        },
        "20051": {
            "year_quarter": 20051,
            "year": 2005,
            "quarter": 1,
            "eps": 0.21,
            "eps_growth_year": -12.5,
            "eps_4q": 1.15,
            "eps_4q_growth_year": 34.66,
            "roe": 0.99,
            "roe_4q": 5.61,
            "gross_profit": 50688,
            "gross_margin": 79.01,
            "gross_margin_4q_avg": 78.65,
            "net_income": 34738,
            "revenue": 64154,
            "common_shares": 1626518,
            "book_valuer_per_share": 22.47,
            "book_valuer_per_share_4q_avg": 21.48,
            "equity": 3655059,
            "current_ratio": 1056.93,
            "debt_ratio": 17.13,
            "inventory_turnover_ratio": null,
            "account_receivable_turnover_ratio": null,
            "reinvestment_rate": -1.64,
            "research_to_sale_ratio": null,
            "price_fair": 15.51,
            "eps_avg_yearly": 1.08,
            "eps_latest_yearly": 0.84,
            "eps_growth_yearly": 4.32
        },
        "20052": {
            "year_quarter": 20052,
            "year": 2005,
            "quarter": 2,
            "eps": 0.91,
            "eps_growth_year": 127.5,
            "eps_4q": 1.69,
            "eps_4q_growth_year": 62.1,
            "roe": 3.98,
            "roe_4q": 7.72,
            "gross_profit": 51342,
            "gross_margin": 78.9,
            "gross_margin_4q_avg": 78.87,
            "net_income": 148095,
            "revenue": 65072,
            "common_shares": 1626518,
            "book_valuer_per_share": 23.24,
            "book_valuer_per_share_4q_avg": 21.82,
            "equity": 3779434,
            "current_ratio": 951.49,
            "debt_ratio": 17.46,
            "inventory_turnover_ratio": null,
            "account_receivable_turnover_ratio": null,
            "reinvestment_rate": -1.45,
            "research_to_sale_ratio": null,
            "price_fair": 44.3,
            "eps_avg_yearly": 1.27,
            "eps_latest_yearly": 3.64,
            "eps_growth_yearly": 99.25
        },
        "20053": {
            "year_quarter": 20053,
            "year": 2005,
            "quarter": 3,
            "eps": 0.23,
            "eps_growth_year": -11.54,
            "eps_4q": 1.55,
            "eps_4q_growth_year": 52.98,
            "roe": 1.06,
            "roe_4q": 7.54,
            "gross_profit": 52320,
            "gross_margin": 78.01,
            "gross_margin_4q_avg": 78.15,
            "net_income": 40763,
            "revenue": 67069,
            "common_shares": 1764772,
            "book_valuer_per_share": 22.08,
            "book_valuer_per_share_4q_avg": 22.11,
            "equity": 3896854,
            "current_ratio": 1188.67,
            "debt_ratio": 16.8,
            "inventory_turnover_ratio": null,
            "account_receivable_turnover_ratio": null,
            "reinvestment_rate": -1.27,
            "research_to_sale_ratio": null,
            "price_fair": 43.49,
            "eps_avg_yearly": 1.24,
            "eps_latest_yearly": 0.92,
            "eps_growth_yearly": 72.71
        },
        "20054": {
            "year_quarter": 20054,
            "year": 2005,
            "quarter": 4,
            "eps": 0.39,
            "eps_growth_year": 25.81,
            "eps_4q": 1.66,
            "eps_4q_growth_year": 42.04,
            "roe": 1.75,
            "roe_4q": 7.78,
            "gross_profit": 53220,
            "gross_margin": 76.98,
            "gross_margin_4q_avg": 78.23,
            "net_income": 68612,
            "revenue": 69139,
            "common_shares": 1764772,
            "book_valuer_per_share": 22.37,
            "book_valuer_per_share_4q_avg": 22.54,
            "equity": 3946974,
            "current_ratio": 1632.36,
            "debt_ratio": 16.52,
            "inventory_turnover_ratio": null,
            "account_receivable_turnover_ratio": null,
            "reinvestment_rate": -1.74,
            "research_to_sale_ratio": null,
            "price_fair": 44.19,
            "eps_avg_yearly": 1.26,
            "eps_latest_yearly": 1.56,
            "eps_growth_yearly": 85.56
        },
        "20061": {
            "year_quarter": 20061,
            "year": 2006,
            "quarter": 1,
            "eps": 0.21,
            "eps_growth_year": 0,
            "eps_4q": 1.7,
            "eps_4q_growth_year": 48.21,
            "roe": 0.9,
            "roe_4q": 7.6899999999999995,
            "gross_profit": 52706,
            "gross_margin": 78.67,
            "gross_margin_4q_avg": 78.14,
            "net_income": 36276,
            "revenue": 66996,
            "common_shares": 1764772,
            "book_valuer_per_share": 23.33,
            "book_valuer_per_share_4q_avg": 22.76,
            "equity": 4117946,
            "current_ratio": 1381.53,
            "debt_ratio": 16.9,
            "inventory_turnover_ratio": null,
            "account_receivable_turnover_ratio": null,
            "reinvestment_rate": -1.71,
            "research_to_sale_ratio": null,
            "price_fair": 43.75,
            "eps_avg_yearly": 1.25,
            "eps_latest_yearly": 0.84,
            "eps_growth_yearly": 84.89
        },
        "20062": {
            "year_quarter": 20062,
            "year": 2006,
            "quarter": 2,
            "eps": 0.39,
            "eps_growth_year": -57.14,
            "eps_4q": 1.22,
            "eps_4q_growth_year": -27.93,
            "roe": 1.6,
            "roe_4q": 5.3100000000000005,
            "gross_profit": 54691,
            "gross_margin": 79.61,
            "gross_margin_4q_avg": 78.32,
            "net_income": 68313,
            "revenue": 68701,
            "common_shares": 1764772,
            "book_valuer_per_share": 25.16,
            "book_valuer_per_share_4q_avg": 23.24,
            "equity": 4440013,
            "current_ratio": 1051.17,
            "debt_ratio": 16.37,
            "inventory_turnover_ratio": null,
            "account_receivable_turnover_ratio": null,
            "reinvestment_rate": -0.85,
            "research_to_sale_ratio": null,
            "price_fair": 44.36,
            "eps_avg_yearly": 1.27,
            "eps_latest_yearly": 1.56,
            "eps_growth_yearly": 100.55
        },
        "20063": {
            "year_quarter": 20063,
            "year": 2006,
            "quarter": 3,
            "eps": 0.29,
            "eps_growth_year": 26.09,
            "eps_4q": 1.22,
            "eps_4q_growth_year": -21.08,
            "roe": 1.21,
            "roe_4q": 5.46,
            "gross_profit": 60493,
            "gross_margin": 81.15,
            "gross_margin_4q_avg": 79.1,
            "net_income": 53871,
            "revenue": 74543,
            "common_shares": 1888306,
            "book_valuer_per_share": 23.81,
            "book_valuer_per_share_4q_avg": 23.67,
            "equity": 4496055,
            "current_ratio": 958.11,
            "debt_ratio": 16.58,
            "inventory_turnover_ratio": null,
            "account_receivable_turnover_ratio": null,
            "reinvestment_rate": 0.33,
            "research_to_sale_ratio": null,
            "price_fair": 44.54,
            "eps_avg_yearly": 1.27,
            "eps_latest_yearly": 1.16,
            "eps_growth_yearly": 98.04
        },
        "20064": {
            "year_quarter": 20064,
            "year": 2006,
            "quarter": 4,
            "eps": 2.19,
            "eps_growth_year": 461.54,
            "eps_4q": 3.03,
            "eps_4q_growth_year": 82.46,
            "roe": 8.71,
            "roe_4q": 12.420000000000002,
            "gross_profit": 62958,
            "gross_margin": 80.86,
            "gross_margin_4q_avg": 80.07,
            "net_income": 412825,
            "revenue": 77863,
            "common_shares": 1888306,
            "book_valuer_per_share": 26.41,
            "book_valuer_per_share_4q_avg": 24.68,
            "equity": 4987696,
            "current_ratio": 1470.36,
            "debt_ratio": 16.35,
            "inventory_turnover_ratio": null,
            "account_receivable_turnover_ratio": null,
            "reinvestment_rate": 0.7,
            "research_to_sale_ratio": null,
            "price_fair": 60.38,
            "eps_avg_yearly": 1.73,
            "eps_latest_yearly": 8.76,
            "eps_growth_yearly": 251.65
        },
        "20071": {
            "year_quarter": 20071,
            "year": 2007,
            "quarter": 1,
            "eps": 0.28,
            "eps_growth_year": 33.33,
            "eps_4q": 3.15,
            "eps_4q_growth_year": 85.01,
            "roe": 1.05,
            "roe_4q": 12.570000000000002,
            "gross_profit": 56603,
            "gross_margin": 78.83,
            "gross_margin_4q_avg": 80.11,
            "net_income": 52267,
            "revenue": 71804,
            "common_shares": 1888306,
            "book_valuer_per_share": 26.5,
            "book_valuer_per_share_4q_avg": 25.47,
            "equity": 5004351,
            "current_ratio": 1149.11,
            "debt_ratio": 16.64,
            "inventory_turnover_ratio": null,
            "account_receivable_turnover_ratio": null,
            "reinvestment_rate": 0.95,
            "research_to_sale_ratio": null,
            "price_fair": 60.73,
            "eps_avg_yearly": 1.74,
            "eps_latest_yearly": 1.12,
            "eps_growth_yearly": 239.06
        },
        "20072": {
            "year_quarter": 20072,
            "year": 2007,
            "quarter": 2,
            "eps": 0.49,
            "eps_growth_year": 25.64,
            "eps_4q": 3.26,
            "eps_4q_growth_year": 166.8,
            "roe": 1.82,
            "roe_4q": 12.790000000000003,
            "gross_profit": 53979,
            "gross_margin": 77.86,
            "gross_margin_4q_avg": 79.68,
            "net_income": 91833,
            "revenue": 69324,
            "common_shares": 1888306,
            "book_valuer_per_share": 26.85,
            "book_valuer_per_share_4q_avg": 25.89,
            "equity": 5070229,
            "current_ratio": 824.37,
            "debt_ratio": 17.07,
            "inventory_turnover_ratio": null,
            "account_receivable_turnover_ratio": null,
            "reinvestment_rate": 1.1,
            "research_to_sale_ratio": null,
            "price_fair": 63.09,
            "eps_avg_yearly": 1.8,
            "eps_latest_yearly": 1.96,
            "eps_growth_yearly": 259.89
        },
        "20073": {
            "year_quarter": 20073,
            "year": 2007,
            "quarter": 3,
            "eps": 0.19,
            "eps_growth_year": -34.48,
            "eps_4q": 2.52,
            "eps_4q_growth_year": 106.43,
            "roe": 0.88,
            "roe_4q": 12.46,
            "gross_profit": 62770,
            "gross_margin": 80.02,
            "gross_margin_4q_avg": 79.39,
            "net_income": 45350,
            "revenue": 78442,
            "common_shares": 2341500,
            "book_valuer_per_share": 22.18,
            "book_valuer_per_share_4q_avg": 25.49,
            "equity": 5193955,
            "current_ratio": 836.98,
            "debt_ratio": 16.74,
            "inventory_turnover_ratio": null,
            "account_receivable_turnover_ratio": null,
            "reinvestment_rate": 1.08,
            "research_to_sale_ratio": null,
            "price_fair": 62.48,
            "eps_avg_yearly": 1.79,
            "eps_latest_yearly": 0.76,
            "eps_growth_yearly": 240.04
        },
        "20074": {
            "year_quarter": 20074,
            "year": 2007,
            "quarter": 4,
            "eps": 0.5,
            "eps_growth_year": -77.17,
            "eps_4q": 1.31,
            "eps_4q_growth_year": -56.63,
            "roe": 2.26,
            "roe_4q": 6.01,
            "gross_profit": 62819,
            "gross_margin": 78.86,
            "gross_margin_4q_avg": 78.89,
            "net_income": 116326,
            "revenue": 79658,
            "common_shares": 2341500,
            "book_valuer_per_share": 21.84,
            "book_valuer_per_share_4q_avg": 24.34,
            "equity": 5113354,
            "current_ratio": 1452.88,
            "debt_ratio": 14.91,
            "inventory_turnover_ratio": null,
            "account_receivable_turnover_ratio": null,
            "reinvestment_rate": 0.94,
            "research_to_sale_ratio": null,
            "price_fair": 65.54,
            "eps_avg_yearly": 1.87,
            "eps_latest_yearly": 2,
            "eps_growth_yearly": 291.41
        },
        "20081": {
            "year_quarter": 20081,
            "year": 2008,
            "quarter": 1,
            "eps": 0.16,
            "eps_growth_year": -42.86,
            "eps_4q": 1.21,
            "eps_4q_growth_year": -61.5,
            "roe": 0.74,
            "roe_4q": 5.7,
            "gross_profit": 56809,
            "gross_margin": 77.99,
            "gross_margin_4q_avg": 78.68,
            "net_income": 38579,
            "revenue": 72845,
            "common_shares": 2341500,
            "book_valuer_per_share": 22.87,
            "book_valuer_per_share_4q_avg": 23.44,
            "equity": 5355501,
            "current_ratio": 1196.75,
            "debt_ratio": 14.09,
            "inventory_turnover_ratio": null,
            "account_receivable_turnover_ratio": null,
            "reinvestment_rate": 1.26,
            "research_to_sale_ratio": null,
            "price_fair": 64.84,
            "eps_avg_yearly": 1.85,
            "eps_latest_yearly": 0.64,
            "eps_growth_yearly": 259.41
        },
        "20082": {
            "year_quarter": 20082,
            "year": 2008,
            "quarter": 2,
            "eps": 0.56,
            "eps_growth_year": 14.29,
            "eps_4q": 1.41,
            "eps_4q_growth_year": -56.69,
            "roe": 2.52,
            "roe_4q": 6.3999999999999995,
            "gross_profit": 53116,
            "gross_margin": 75.2,
            "gross_margin_4q_avg": 78.02,
            "net_income": 131714,
            "revenue": 70633,
            "common_shares": 2341500,
            "book_valuer_per_share": 21.72,
            "book_valuer_per_share_4q_avg": 22.15,
            "equity": 5086608,
            "current_ratio": 1063.15,
            "debt_ratio": 16.95,
            "inventory_turnover_ratio": null,
            "account_receivable_turnover_ratio": null,
            "reinvestment_rate": 1.49,
            "research_to_sale_ratio": null,
            "price_fair": 66.24,
            "eps_avg_yearly": 1.89,
            "eps_latest_yearly": 2.24,
            "eps_growth_yearly": 305.24
        },
        "20083": {
            "year_quarter": 20083,
            "year": 2008,
            "quarter": 3,
            "eps": 0.17,
            "eps_growth_year": -10.53,
            "eps_4q": 1.26,
            "eps_4q_growth_year": -50.08,
            "roe": 0.89,
            "roe_4q": 6.41,
            "gross_profit": 53046,
            "gross_margin": 67.74,
            "gross_margin_4q_avg": 74.95,
            "net_income": 44718,
            "revenue": 78304,
            "common_shares": 2575650,
            "book_valuer_per_share": 19.47,
            "book_valuer_per_share_4q_avg": 21.48,
            "equity": 5013921,
            "current_ratio": 1215.88,
            "debt_ratio": 17.49,
            "inventory_turnover_ratio": null,
            "account_receivable_turnover_ratio": null,
            "reinvestment_rate": 1.75,
            "research_to_sale_ratio": null,
            "price_fair": 65.45,
            "eps_avg_yearly": 1.87,
            "eps_latest_yearly": 0.68,
            "eps_growth_yearly": 296.58
        },
        "20084": {
            "year_quarter": 20084,
            "year": 2008,
            "quarter": 4,
            "eps": 0.42,
            "eps_growth_year": -16,
            "eps_4q": 1.26,
            "eps_4q_growth_year": -4.38,
            "roe": 2.13,
            "roe_4q": 6.28,
            "gross_profit": 55137,
            "gross_margin": 68.4,
            "gross_margin_4q_avg": 72.33,
            "net_income": 107918,
            "revenue": 80609,
            "common_shares": 2575650,
            "book_valuer_per_share": 19.94,
            "book_valuer_per_share_4q_avg": 21,
            "equity": 5135752,
            "current_ratio": 1700,
            "debt_ratio": 17.24,
            "inventory_turnover_ratio": null,
            "account_receivable_turnover_ratio": 31.03,
            "reinvestment_rate": 2.02,
            "research_to_sale_ratio": null,
            "price_fair": 66.41,
            "eps_avg_yearly": 1.9,
            "eps_latest_yearly": 1.68,
            "eps_growth_yearly": 328.54
        },
        "20091": {
            "year_quarter": 20091,
            "year": 2009,
            "quarter": 1,
            "eps": 0.15,
            "eps_growth_year": -6.25,
            "eps_4q": 1.27,
            "eps_4q_growth_year": 4.92,
            "roe": 0.72,
            "roe_4q": 6.26,
            "gross_profit": 54317,
            "gross_margin": 68.26,
            "gross_margin_4q_avg": 69.9,
            "net_income": 38049,
            "revenue": 79568,
            "common_shares": 2575650,
            "book_valuer_per_share": 20.82,
            "book_valuer_per_share_4q_avg": 20.49,
            "equity": 5363101,
            "current_ratio": 1358.79,
            "debt_ratio": 17.17,
            "inventory_turnover_ratio": null,
            "account_receivable_turnover_ratio": 14.23,
            "reinvestment_rate": 2.71,
            "research_to_sale_ratio": null,
            "price_fair": 65.89,
            "eps_avg_yearly": 1.88,
            "eps_latest_yearly": 0.6,
            "eps_growth_yearly": 320.53
        },
        "20092": {
            "year_quarter": 20092,
            "year": 2009,
            "quarter": 2,
            "eps": 0.71,
            "eps_growth_year": 26.79,
            "eps_4q": 1.45,
            "eps_4q_growth_year": 2.63,
            "roe": 3.35,
            "roe_4q": 7.09,
            "gross_profit": 53263,
            "gross_margin": 66.19,
            "gross_margin_4q_avg": 67.65,
            "net_income": 183330,
            "revenue": 80472,
            "common_shares": 2575650,
            "book_valuer_per_share": 21.61,
            "book_valuer_per_share_4q_avg": 20.46,
            "equity": 5566829,
            "current_ratio": 1178.38,
            "debt_ratio": 15.18,
            "inventory_turnover_ratio": null,
            "account_receivable_turnover_ratio": 13.77,
            "reinvestment_rate": 2.82,
            "research_to_sale_ratio": null,
            "price_fair": 64.14,
            "eps_avg_yearly": 1.83,
            "eps_latest_yearly": 2.84,
            "eps_growth_yearly": 330.53
        },
        "20093": {
            "year_quarter": 20093,
            "year": 2009,
            "quarter": 3,
            "eps": 0.14,
            "eps_growth_year": -17.65,
            "eps_4q": 1.31,
            "eps_4q_growth_year": 3.8,
            "roe": 0.71,
            "roe_4q": 6.91,
            "gross_profit": 52489,
            "gross_margin": 64.99,
            "gross_margin_4q_avg": 66.96,
            "net_income": 39488,
            "revenue": 80761,
            "common_shares": 2833215,
            "book_valuer_per_share": 19.73,
            "book_valuer_per_share_4q_avg": 20.53,
            "equity": 5590604,
            "current_ratio": 1316.97,
            "debt_ratio": 14.9,
            "inventory_turnover_ratio": null,
            "account_receivable_turnover_ratio": 13.3,
            "reinvestment_rate": 2.84,
            "research_to_sale_ratio": null,
            "price_fair": 63.35,
            "eps_avg_yearly": 1.81,
            "eps_latest_yearly": 0.56,
            "eps_growth_yearly": 329.14
        },
        "20094": {
            "year_quarter": 20094,
            "year": 2009,
            "quarter": 4,
            "eps": 0.22,
            "eps_growth_year": -47.62,
            "eps_4q": 1.14,
            "eps_4q_growth_year": -9.52,
            "roe": 1.08,
            "roe_4q": 5.86,
            "gross_profit": 54252,
            "gross_margin": 67.8,
            "gross_margin_4q_avg": 66.81,
            "net_income": 61317,
            "revenue": 80022,
            "common_shares": 2833215,
            "book_valuer_per_share": 20.18,
            "book_valuer_per_share_4q_avg": 20.59,
            "equity": 5717522,
            "current_ratio": 1721.19,
            "debt_ratio": 14.38,
            "inventory_turnover_ratio": null,
            "account_receivable_turnover_ratio": 28.08,
            "reinvestment_rate": 268.26,
            "research_to_sale_ratio": null,
            "price_fair": 61.86,
            "eps_avg_yearly": 1.77,
            "eps_latest_yearly": 0.88,
            "eps_growth_yearly": 326.03
        },
        "20101": {
            "year_quarter": 20101,
            "year": 2010,
            "quarter": 1,
            "eps": 0.14,
            "eps_growth_year": -6.67,
            "eps_4q": 1.14,
            "eps_4q_growth_year": -10.39,
            "roe": 0.67,
            "roe_4q": 5.8100000000000005,
            "gross_profit": 53745,
            "gross_margin": 66.77,
            "gross_margin_4q_avg": 66.44,
            "net_income": 38535,
            "revenue": 80498,
            "common_shares": 2833215,
            "book_valuer_per_share": 20.69,
            "book_valuer_per_share_4q_avg": 20.55,
            "equity": 5861766,
            "current_ratio": 1480.15,
            "debt_ratio": 14.23,
            "inventory_turnover_ratio": null,
            "account_receivable_turnover_ratio": 12.44,
            "reinvestment_rate": 274.46,
            "research_to_sale_ratio": null,
            "price_fair": 61.25,
            "eps_avg_yearly": 1.75,
            "eps_latest_yearly": 0.56,
            "eps_growth_yearly": 328.48
        },
        "20102": {
            "year_quarter": 20102,
            "year": 2010,
            "quarter": 2,
            "eps": 0.46,
            "eps_growth_year": -34.51,
            "eps_4q": 0.92,
            "eps_4q_growth_year": -36.75,
            "roe": 2.44,
            "roe_4q": 4.8999999999999995,
            "gross_profit": 54298,
            "gross_margin": 66.26,
            "gross_margin_4q_avg": 66.46,
            "net_income": 143591,
            "revenue": 81950,
            "common_shares": 2833215,
            "book_valuer_per_share": 20.77,
            "book_valuer_per_share_4q_avg": 20.34,
            "equity": 5884409,
            "current_ratio": 1241.62,
            "debt_ratio": 13.78,
            "inventory_turnover_ratio": null,
            "account_receivable_turnover_ratio": 12.25,
            "reinvestment_rate": 257.97,
            "research_to_sale_ratio": null,
            "price_fair": 61.86,
            "eps_avg_yearly": 1.77,
            "eps_latest_yearly": 1.84,
            "eps_growth_yearly": 364.2
        },
        "20103": {
            "year_quarter": 20103,
            "year": 2010,
            "quarter": 3,
            "eps": 0.14,
            "eps_growth_year": 2.69,
            "eps_4q": 0.93,
            "eps_4q_growth_year": -28.71,
            "roe": 0.74,
            "roe_4q": 4.93,
            "gross_profit": 51450,
            "gross_margin": 64.4,
            "gross_margin_4q_avg": 66.31,
            "net_income": 44396,
            "revenue": 79889,
            "common_shares": 3088204,
            "book_valuer_per_share": 19.81,
            "book_valuer_per_share_4q_avg": 20.36,
            "equity": 6117772,
            "current_ratio": 1417.99,
            "debt_ratio": 13.05,
            "inventory_turnover_ratio": null,
            "account_receivable_turnover_ratio": 15.22,
            "reinvestment_rate": 269.92,
            "research_to_sale_ratio": null,
            "price_fair": 60.55,
            "eps_avg_yearly": 1.73,
            "eps_latest_yearly": 0.56,
            "eps_growth_yearly": 353.21
        },
        "20104": {
            "year_quarter": 20104,
            "year": 2010,
            "quarter": 4,
            "eps": 0.22,
            "eps_growth_year": -0.09,
            "eps_4q": 0.95,
            "eps_4q_growth_year": -16.17,
            "roe": 1.12,
            "roe_4q": 4.97,
            "gross_profit": 51993,
            "gross_margin": 63.9,
            "gross_margin_4q_avg": 65.33,
            "net_income": 67881,
            "revenue": 81367,
            "common_shares": 3088204,
            "book_valuer_per_share": 19.38,
            "book_valuer_per_share_4q_avg": 20.16,
            "equity": 5984014,
            "current_ratio": 2135.59,
            "debt_ratio": 12.61,
            "inventory_turnover_ratio": null,
            "account_receivable_turnover_ratio": 18.54,
            "reinvestment_rate": 328.36,
            "research_to_sale_ratio": null,
            "price_fair": 43.31,
            "eps_avg_yearly": 1.24,
            "eps_latest_yearly": 0.88,
            "eps_growth_yearly": 203.71
        },
        "20111": {
            "year_quarter": 20111,
            "year": 2011,
            "quarter": 1,
            "eps": 0.13,
            "eps_growth_year": -7.14,
            "eps_4q": 0.96,
            "eps_4q_growth_year": -15.74,
            "roe": 0.68,
            "roe_4q": 4.98,
            "gross_profit": 53363,
            "gross_margin": 64.71,
            "gross_margin_4q_avg": 64.82,
            "net_income": 40491,
            "revenue": 82464,
            "common_shares": 3088204,
            "book_valuer_per_share": 19.22,
            "book_valuer_per_share_4q_avg": 19.8,
            "equity": 5936616,
            "current_ratio": 1803.1,
            "debt_ratio": 12.94,
            "inventory_turnover_ratio": null,
            "account_receivable_turnover_ratio": 17.24,
            "reinvestment_rate": 324.14,
            "research_to_sale_ratio": null,
            "price_fair": 42,
            "eps_avg_yearly": 1.2,
            "eps_latest_yearly": 0.52,
            "eps_growth_yearly": 215.28
        },
        "20112": {
            "year_quarter": 20112,
            "year": 2011,
            "quarter": 2,
            "eps": 0.21,
            "eps_growth_year": -55.65,
            "eps_4q": 0.66,
            "eps_4q_growth_year": -27.5,
            "roe": 1.15,
            "roe_4q": 3.6900000000000004,
            "gross_profit": 54752,
            "gross_margin": 63.68,
            "gross_margin_4q_avg": 64.17,
            "net_income": 68781,
            "revenue": 85983,
            "common_shares": 3088204,
            "book_valuer_per_share": 19.53,
            "book_valuer_per_share_4q_avg": 19.49,
            "equity": 6031750,
            "current_ratio": 1391.03,
            "debt_ratio": 13.01,
            "inventory_turnover_ratio": null,
            "account_receivable_turnover_ratio": 17.79,
            "reinvestment_rate": 334.87,
            "research_to_sale_ratio": null,
            "price_fair": 39.55,
            "eps_avg_yearly": 1.13,
            "eps_latest_yearly": 0.84,
            "eps_growth_yearly": 211.92
        },
        "20113": {
            "year_quarter": 20113,
            "year": 2011,
            "quarter": 3,
            "eps": 0.15,
            "eps_growth_year": 3.34,
            "eps_4q": 0.68,
            "eps_4q_growth_year": -27.07,
            "roe": 0.82,
            "roe_4q": 3.77,
            "gross_profit": 55522,
            "gross_margin": 63.9,
            "gross_margin_4q_avg": 64.05,
            "net_income": 49550,
            "revenue": 86888,
            "common_shares": 3335260,
            "book_valuer_per_share": 18.16,
            "book_valuer_per_share_4q_avg": 19.07,
            "equity": 6056870,
            "current_ratio": 1600.81,
            "debt_ratio": 13.14,
            "inventory_turnover_ratio": null,
            "account_receivable_turnover_ratio": 18.32,
            "reinvestment_rate": 333.52,
            "research_to_sale_ratio": null,
            "price_fair": 39.2,
            "eps_avg_yearly": 1.12,
            "eps_latest_yearly": 0.6,
            "eps_growth_yearly": 220.08
        },
        "20114": {
            "year_quarter": 20114,
            "year": 2011,
            "quarter": 4,
            "eps": 0.21,
            "eps_growth_year": -5.96,
            "eps_4q": 0.68,
            "eps_4q_growth_year": -28.37,
            "roe": 1.14,
            "roe_4q": 3.79,
            "gross_profit": 58377,
            "gross_margin": 65,
            "gross_margin_4q_avg": 64.32,
            "net_income": 68939,
            "revenue": 89805,
            "common_shares": 3335260,
            "book_valuer_per_share": 18.07,
            "book_valuer_per_share_4q_avg": 18.75,
            "equity": 6025962,
            "current_ratio": 2136.72,
            "debt_ratio": 12.94,
            "inventory_turnover_ratio": null,
            "account_receivable_turnover_ratio": 15.63,
            "reinvestment_rate": 340.38,
            "research_to_sale_ratio": null,
            "price_fair": 36.66,
            "eps_avg_yearly": 1.05,
            "eps_latest_yearly": 0.84,
            "eps_growth_yearly": 189.29
        },
        "20121": {
            "year_quarter": 20121,
            "year": 2012,
            "quarter": 1,
            "eps": 0.12,
            "eps_growth_year": -7.69,
            "eps_4q": 0.69,
            "eps_4q_growth_year": -28.59,
            "roe": 0.68,
            "roe_4q": 3.7899999999999996,
            "gross_profit": 57833,
            "gross_margin": 65.69,
            "gross_margin_4q_avg": 64.57,
            "net_income": 41281,
            "revenue": 88041,
            "common_shares": 3335260,
            "book_valuer_per_share": 18.19,
            "book_valuer_per_share_4q_avg": 18.49,
            "equity": 6068377,
            "current_ratio": 1923.29,
            "debt_ratio": 12.87,
            "inventory_turnover_ratio": null,
            "account_receivable_turnover_ratio": 12.5,
            "reinvestment_rate": 337.62,
            "research_to_sale_ratio": null,
            "price_fair": 36.31,
            "eps_avg_yearly": 1.04,
            "eps_latest_yearly": 0.48,
            "eps_growth_yearly": 195.58
        },
        "20122": {
            "year_quarter": 20122,
            "year": 2012,
            "quarter": 2,
            "eps": 0.27,
            "eps_growth_year": 31.41,
            "eps_4q": 0.73,
            "eps_4q_growth_year": 9.48,
            "roe": 1.56,
            "roe_4q": 4.2,
            "gross_profit": 59377,
            "gross_margin": 64.92,
            "gross_margin_4q_avg": 64.88,
            "net_income": 94904,
            "revenue": 91463,
            "common_shares": 3335260,
            "book_valuer_per_share": 18.34,
            "book_valuer_per_share_4q_avg": 18.19,
            "equity": 6115425,
            "current_ratio": 1466.84,
            "debt_ratio": 13.31,
            "inventory_turnover_ratio": null,
            "account_receivable_turnover_ratio": 12.8,
            "reinvestment_rate": 351.22,
            "research_to_sale_ratio": null,
            "price_fair": 33.78,
            "eps_avg_yearly": 0.97,
            "eps_latest_yearly": 1.08,
            "eps_growth_yearly": 164.33
        },
        "20123": {
            "year_quarter": 20123,
            "year": 2012,
            "quarter": 3,
            "eps": 0.14,
            "eps_growth_year": -5.1,
            "eps_4q": 0.73,
            "eps_4q_growth_year": 6.91,
            "roe": 0.8,
            "roe_4q": 4.180000000000001,
            "gross_profit": 57720,
            "gross_margin": 63.14,
            "gross_margin_4q_avg": 64.69,
            "net_income": 49373,
            "revenue": 91423,
            "common_shares": 3502023,
            "book_valuer_per_share": 17.96,
            "book_valuer_per_share_4q_avg": 18.14,
            "equity": 6291384,
            "current_ratio": 1650.13,
            "debt_ratio": 12.78,
            "inventory_turnover_ratio": null,
            "account_receivable_turnover_ratio": 11.93,
            "reinvestment_rate": 358.15,
            "research_to_sale_ratio": null,
            "price_fair": 33.51,
            "eps_avg_yearly": 0.96,
            "eps_latest_yearly": 0.56,
            "eps_growth_yearly": 169.7
        },
        "20124": {
            "year_quarter": 20124,
            "year": 2012,
            "quarter": 4,
            "eps": 0.27,
            "eps_growth_year": 29.32,
            "eps_4q": 0.8,
            "eps_4q_growth_year": 16.73,
            "roe": 1.48,
            "roe_4q": 4.5200000000000005,
            "gross_profit": 58752,
            "gross_margin": 65.3,
            "gross_margin_4q_avg": 64.76,
            "net_income": 93611,
            "revenue": 89977,
            "common_shares": 3502023,
            "book_valuer_per_share": 18.04,
            "book_valuer_per_share_4q_avg": 18.13,
            "equity": 6317272,
            "current_ratio": 2353.63,
            "debt_ratio": 12.45,
            "inventory_turnover_ratio": null,
            "account_receivable_turnover_ratio": 12.15,
            "reinvestment_rate": 360.99,
            "research_to_sale_ratio": null,
            "price_fair": 32.2,
            "eps_avg_yearly": 0.92,
            "eps_latest_yearly": 1.08,
            "eps_growth_yearly": 156.15
        },
        "20131": {
            "year_quarter": 20131,
            "year": 2013,
            "quarter": 1,
            "eps": 0.13,
            "eps_growth_year": 8.33,
            "eps_4q": 0.81,
            "eps_4q_growth_year": 17.53,
            "roe": 0.69,
            "roe_4q": 4.529999999999999,
            "gross_profit": 59256,
            "gross_margin": 67,
            "gross_margin_4q_avg": 65.09,
            "net_income": 44148,
            "revenue": 88439,
            "common_shares": 3502023,
            "book_valuer_per_share": 18.26,
            "book_valuer_per_share_4q_avg": 18.15,
            "equity": 6396438,
            "current_ratio": 2055.27,
            "debt_ratio": 12.7,
            "inventory_turnover_ratio": null,
            "account_receivable_turnover_ratio": 14.37,
            "reinvestment_rate": 276.36,
            "research_to_sale_ratio": null,
            "price_fair": 32.03,
            "eps_avg_yearly": 0.92,
            "eps_latest_yearly": 0.52,
            "eps_growth_yearly": 159.26
        },
        "20132": {
            "year_quarter": 20132,
            "year": 2013,
            "quarter": 2,
            "eps": 0.25,
            "eps_growth_year": -7.75,
            "eps_4q": 0.75,
            "eps_4q_growth_year": 2.69,
            "roe": 1.39,
            "roe_4q": 4.36,
            "gross_profit": 58896,
            "gross_margin": 65.19,
            "gross_margin_4q_avg": 65.16,
            "net_income": 89038,
            "revenue": 90352,
            "common_shares": 3502023,
            "book_valuer_per_share": 18.38,
            "book_valuer_per_share_4q_avg": 18.16,
            "equity": 6435552,
            "current_ratio": 1309.27,
            "debt_ratio": 13.28,
            "inventory_turnover_ratio": null,
            "account_receivable_turnover_ratio": 15.25,
            "reinvestment_rate": 313.02,
            "research_to_sale_ratio": null,
            "price_fair": 28,
            "eps_avg_yearly": 0.8,
            "eps_latest_yearly": 1,
            "eps_growth_yearly": 89
        },
        "20133": {
            "year_quarter": 20133,
            "year": 2013,
            "quarter": 3,
            "eps": 0.29,
            "eps_growth_year": 105.7,
            "eps_4q": 0.9,
            "eps_4q_growth_year": 23.68,
            "roe": 1.62,
            "roe_4q": 5.18,
            "gross_profit": 57859,
            "gross_margin": 64.74,
            "gross_margin_4q_avg": 65.56,
            "net_income": 105605,
            "revenue": 89375,
            "common_shares": 3698137,
            "book_valuer_per_share": 17.8,
            "book_valuer_per_share_4q_avg": 18.12,
            "equity": 6581152,
            "current_ratio": 1454.11,
            "debt_ratio": 13.03,
            "inventory_turnover_ratio": null,
            "account_receivable_turnover_ratio": 14.05,
            "reinvestment_rate": 302.78,
            "research_to_sale_ratio": null,
            "price_fair": 29.31,
            "eps_avg_yearly": 0.84,
            "eps_latest_yearly": 1.16,
            "eps_growth_yearly": 113.07
        },
        "20134": {
            "year_quarter": 20134,
            "year": 2013,
            "quarter": 4,
            "eps": 0.17,
            "eps_growth_year": -34.67,
            "eps_4q": 0.82,
            "eps_4q_growth_year": 2.91,
            "roe": 0.97,
            "roe_4q": 4.67,
            "gross_profit": 59513,
            "gross_margin": 64.36,
            "gross_margin_4q_avg": 65.32,
            "net_income": 64582,
            "revenue": 92467,
            "common_shares": 3698137,
            "book_valuer_per_share": 18.15,
            "book_valuer_per_share_4q_avg": 18.15,
            "equity": 6711193,
            "current_ratio": 2247.79,
            "debt_ratio": 12.34,
            "inventory_turnover_ratio": null,
            "account_receivable_turnover_ratio": 16.18,
            "reinvestment_rate": -55.71,
            "research_to_sale_ratio": null,
            "price_fair": 28.88,
            "eps_avg_yearly": 0.83,
            "eps_latest_yearly": 0.68,
            "eps_growth_yearly": 88.44
        },
        "20141": {
            "year_quarter": 20141,
            "year": 2014,
            "quarter": 1,
            "eps": 0.19,
            "eps_growth_year": 46.15,
            "eps_4q": 0.89,
            "eps_4q_growth_year": 10.33,
            "roe": 1.03,
            "roe_4q": 5.01,
            "gross_profit": 60878,
            "gross_margin": 67.74,
            "gross_margin_4q_avg": 65.51,
            "net_income": 69368,
            "revenue": 89867,
            "common_shares": 3698137,
            "book_valuer_per_share": 18.44,
            "book_valuer_per_share_4q_avg": 18.19,
            "equity": 6819967,
            "current_ratio": 1998.3,
            "debt_ratio": 12.41,
            "inventory_turnover_ratio": null,
            "account_receivable_turnover_ratio": 18.09,
            "reinvestment_rate": -56.29,
            "research_to_sale_ratio": null,
            "price_fair": 29.31,
            "eps_avg_yearly": 0.84,
            "eps_latest_yearly": 0.76,
            "eps_growth_yearly": 100.48
        },
        "20142": {
            "year_quarter": 20142,
            "year": 2014,
            "quarter": 2,
            "eps": 0.34,
            "eps_growth_year": 36,
            "eps_4q": 0.93,
            "eps_4q_growth_year": 24.75,
            "roe": 1.84,
            "roe_4q": 5.46,
            "gross_profit": 61991,
            "gross_margin": 67.89,
            "gross_margin_4q_avg": 66.18,
            "net_income": 125628,
            "revenue": 91317,
            "common_shares": 3698137,
            "book_valuer_per_share": 18.55,
            "book_valuer_per_share_4q_avg": 18.24,
            "equity": 6858926,
            "current_ratio": 1388.74,
            "debt_ratio": 12.95,
            "inventory_turnover_ratio": null,
            "account_receivable_turnover_ratio": 17.13,
            "reinvestment_rate": -49.98,
            "research_to_sale_ratio": null,
            "price_fair": 28.26,
            "eps_avg_yearly": 0.81,
            "eps_latest_yearly": 1.36,
            "eps_growth_yearly": 63.07
        },
        "20143": {
            "year_quarter": 20143,
            "year": 2014,
            "quarter": 3,
            "eps": 0.34,
            "eps_growth_year": 17.24,
            "eps_4q": 1,
            "eps_4q_growth_year": 11.78,
            "roe": 1.92,
            "roe_4q": 5.76,
            "gross_profit": 63571,
            "gross_margin": 67.73,
            "gross_margin_4q_avg": 66.93,
            "net_income": 134278,
            "revenue": 93857,
            "common_shares": 3920025,
            "book_valuer_per_share": 18.12,
            "book_valuer_per_share_4q_avg": 18.32,
            "equity": 7101786,
            "current_ratio": 1546.69,
            "debt_ratio": 12.63,
            "inventory_turnover_ratio": null,
            "account_receivable_turnover_ratio": 18.45,
            "reinvestment_rate": -42.65,
            "research_to_sale_ratio": null,
            "price_fair": 30.01,
            "eps_avg_yearly": 0.86,
            "eps_latest_yearly": 1.36,
            "eps_growth_yearly": 80.46
        },
        "20144": {
            "year_quarter": 20144,
            "year": 2014,
            "quarter": 4,
            "eps": 0.17,
            "eps_growth_year": -2.21,
            "eps_4q": 1.01,
            "eps_4q_growth_year": 23.21,
            "roe": 0.93,
            "roe_4q": 5.720000000000001,
            "gross_profit": 64937,
            "gross_margin": 69.1,
            "gross_margin_4q_avg": 68.12,
            "net_income": 66946,
            "revenue": 93975,
            "common_shares": 3920025,
            "book_valuer_per_share": 18.5,
            "book_valuer_per_share_4q_avg": 18.4,
            "equity": 7253356,
            "current_ratio": 2288.91,
            "debt_ratio": 12.88,
            "inventory_turnover_ratio": null,
            "account_receivable_turnover_ratio": 18.73,
            "reinvestment_rate": -15.84,
            "research_to_sale_ratio": null,
            "price_fair": 29.58,
            "eps_avg_yearly": 0.85,
            "eps_latest_yearly": 0.68,
            "eps_growth_yearly": 53.67
        },
        "20151": {
            "year_quarter": 20151,
            "year": 2015,
            "quarter": 1,
            "eps": 0.25,
            "eps_growth_year": 31.58,
            "eps_4q": 1.08,
            "eps_4q_growth_year": 21.62,
            "roe": 1.33,
            "roe_4q": 6.02,
            "gross_profit": 65079,
            "gross_margin": 69.95,
            "gross_margin_4q_avg": 68.67,
            "net_income": 96770,
            "revenue": 93032,
            "common_shares": 3920025,
            "book_valuer_per_share": 18.74,
            "book_valuer_per_share_4q_avg": 18.48,
            "equity": 7348014,
            "current_ratio": 2115.22,
            "debt_ratio": 12.88,
            "inventory_turnover_ratio": null,
            "account_receivable_turnover_ratio": 17.9,
            "reinvestment_rate": -4.55,
            "research_to_sale_ratio": null,
            "price_fair": 30.63,
            "eps_avg_yearly": 0.88,
            "eps_latest_yearly": 1,
            "eps_growth_yearly": 75.67
        },
        "20152": {
            "year_quarter": 20152,
            "year": 2015,
            "quarter": 2,
            "eps": 0.37,
            "eps_growth_year": 8.82,
            "eps_4q": 1.06,
            "eps_4q_growth_year": 13.38,
            "roe": 1.98,
            "roe_4q": 6.16,
            "gross_profit": 65265,
            "gross_margin": 69.84,
            "gross_margin_4q_avg": 69.16,
            "net_income": 145865,
            "revenue": 93456,
            "common_shares": 3920025,
            "book_valuer_per_share": 18.8,
            "book_valuer_per_share_4q_avg": 18.54,
            "equity": 7367841,
            "current_ratio": 1367.13,
            "debt_ratio": 13.53,
            "inventory_turnover_ratio": null,
            "account_receivable_turnover_ratio": 19.77,
            "reinvestment_rate": -6.05,
            "research_to_sale_ratio": null,
            "price_fair": 32.03,
            "eps_avg_yearly": 0.92,
            "eps_latest_yearly": 1.48,
            "eps_growth_yearly": 72.28
        },
        "20153": {
            "year_quarter": 20153,
            "year": 2015,
            "quarter": 3,
            "eps": 0.38,
            "eps_growth_year": 11.76,
            "eps_4q": 1.11,
            "eps_4q_growth_year": 10.65,
            "roe": 2.1,
            "roe_4q": 6.34,
            "gross_profit": 64333,
            "gross_margin": 73.14,
            "gross_margin_4q_avg": 70.51,
            "net_income": 157594,
            "revenue": 87961,
            "common_shares": 4202267,
            "book_valuer_per_share": 18.25,
            "book_valuer_per_share_4q_avg": 18.57,
            "equity": 7669897,
            "current_ratio": 1455.61,
            "debt_ratio": 13.55,
            "inventory_turnover_ratio": null,
            "account_receivable_turnover_ratio": 17.11,
            "reinvestment_rate": 14.89,
            "research_to_sale_ratio": null,
            "price_fair": 34.04,
            "eps_avg_yearly": 0.97,
            "eps_latest_yearly": 1.52,
            "eps_growth_yearly": 80.1
        },
        "20154": {
            "year_quarter": 20154,
            "year": 2015,
            "quarter": 4,
            "eps": 0.14,
            "eps_growth_year": -19.03,
            "eps_4q": 1.09,
            "eps_4q_growth_year": 7.91,
            "roe": 0.75,
            "roe_4q": 6.16,
            "gross_profit": 66009,
            "gross_margin": 74.66,
            "gross_margin_4q_avg": 71.9,
            "net_income": 58108,
            "revenue": 88411,
            "common_shares": 4202267,
            "book_valuer_per_share": 18.48,
            "book_valuer_per_share_4q_avg": 18.57,
            "equity": 7765132,
            "current_ratio": 2424.71,
            "debt_ratio": 12.81,
            "inventory_turnover_ratio": null,
            "account_receivable_turnover_ratio": 14.07,
            "reinvestment_rate": 23.78,
            "research_to_sale_ratio": null,
            "price_fair": 33.43,
            "eps_avg_yearly": 0.96,
            "eps_latest_yearly": 0.56,
            "eps_growth_yearly": 54.31
        },
        "20161": {
            "year_quarter": 20161,
            "year": 2016,
            "quarter": 1,
            "eps": 0.3,
            "eps_growth_year": 20,
            "eps_4q": 1.16,
            "eps_4q_growth_year": 7.47,
            "roe": 1.62,
            "roe_4q": 6.450000000000001,
            "gross_profit": 66032,
            "gross_margin": 76.16,
            "gross_margin_4q_avg": 73.45,
            "net_income": 126485,
            "revenue": 86699,
            "common_shares": 4202267,
            "book_valuer_per_share": 18.6,
            "book_valuer_per_share_4q_avg": 18.53,
            "equity": 7817421,
            "current_ratio": 2200.71,
            "debt_ratio": 12.75,
            "inventory_turnover_ratio": null,
            "account_receivable_turnover_ratio": 13.66,
            "reinvestment_rate": 23.73,
            "research_to_sale_ratio": null,
            "price_fair": 35,
            "eps_avg_yearly": 1,
            "eps_latest_yearly": 1.2,
            "eps_growth_yearly": 93.6
        },
        "20162": {
            "year_quarter": 20162,
            "year": 2016,
            "quarter": 2,
            "eps": 0.34,
            "eps_growth_year": -8.11,
            "eps_4q": 1.08,
            "eps_4q_growth_year": 2.21,
            "roe": 1.84,
            "roe_4q": 6.3100000000000005,
            "gross_profit": 61319,
            "gross_margin": 74.57,
            "gross_margin_4q_avg": 74.63,
            "net_income": 144150,
            "revenue": 82234,
            "common_shares": 4202267,
            "book_valuer_per_share": 18.74,
            "book_valuer_per_share_4q_avg": 18.52,
            "equity": 7873748,
            "current_ratio": 1330.37,
            "debt_ratio": 13.54,
            "inventory_turnover_ratio": null,
            "account_receivable_turnover_ratio": 14.29,
            "reinvestment_rate": 27.03,
            "research_to_sale_ratio": null,
            "price_fair": 35.61,
            "eps_avg_yearly": 1.02,
            "eps_latest_yearly": 1.36,
            "eps_growth_yearly": 65.68
        },
        "20163": {
            "year_quarter": 20163,
            "year": 2016,
            "quarter": 3,
            "eps": 0.35,
            "eps_growth_year": -7.89,
            "eps_4q": 1.08,
            "eps_4q_growth_year": -2.5,
            "roe": 2.01,
            "roe_4q": 6.22,
            "gross_profit": 58206,
            "gross_margin": 71.13,
            "gross_margin_4q_avg": 74.13,
            "net_income": 159535,
            "revenue": 81834,
            "common_shares": 4504830,
            "book_valuer_per_share": 17.67,
            "book_valuer_per_share_4q_avg": 18.37,
            "equity": 7961430,
            "current_ratio": 1529.46,
            "debt_ratio": 13.25,
            "inventory_turnover_ratio": null,
            "account_receivable_turnover_ratio": 16.47,
            "reinvestment_rate": 21.11,
            "research_to_sale_ratio": null,
            "price_fair": 37.45,
            "eps_avg_yearly": 1.07,
            "eps_latest_yearly": 1.4,
            "eps_growth_yearly": 78.45
        },
        "20164": {
            "year_quarter": 20164,
            "year": 2016,
            "quarter": 4,
            "eps": 0.16,
            "eps_growth_year": 14.56,
            "eps_4q": 1.11,
            "eps_4q_growth_year": 2.08,
            "roe": 0.89,
            "roe_4q": 6.36,
            "gross_profit": 57698,
            "gross_margin": 68.1,
            "gross_margin_4q_avg": 72.49,
            "net_income": 71363,
            "revenue": 84724,
            "common_shares": 4504830,
            "book_valuer_per_share": 17.98,
            "book_valuer_per_share_4q_avg": 18.25,
            "equity": 8098218,
            "current_ratio": 2617.6,
            "debt_ratio": 12.68,
            "inventory_turnover_ratio": null,
            "account_receivable_turnover_ratio": 14.61,
            "reinvestment_rate": 29.39,
            "research_to_sale_ratio": null,
            "price_fair": 36.49,
            "eps_avg_yearly": 1.04,
            "eps_latest_yearly": 0.64,
            "eps_growth_yearly": 41.67
        },
        "20171": {
            "year_quarter": 20171,
            "year": 2017,
            "quarter": 1,
            "eps": 0.23,
            "eps_growth_year": -23.33,
            "eps_4q": 1.06,
            "eps_4q_growth_year": -8.65,
            "roe": 1.27,
            "roe_4q": 6.01,
            "gross_profit": 60262,
            "gross_margin": 72.39,
            "gross_margin_4q_avg": 71.55,
            "net_income": 102901,
            "revenue": 83247,
            "common_shares": 4504830,
            "book_valuer_per_share": 17.89,
            "book_valuer_per_share_4q_avg": 18.07,
            "equity": 8059238,
            "current_ratio": 2347.86,
            "debt_ratio": 12.64,
            "inventory_turnover_ratio": null,
            "account_receivable_turnover_ratio": 13.01,
            "reinvestment_rate": 75.52,
            "research_to_sale_ratio": null,
            "price_fair": 37.36,
            "eps_avg_yearly": 1.07,
            "eps_latest_yearly": 0.92,
            "eps_growth_yearly": 65.57
        },
        "20172": {
            "year_quarter": 20172,
            "year": 2017,
            "quarter": 2,
            "eps": 0.34,
            "eps_growth_year": 0,
            "eps_4q": 1,
            "eps_4q_growth_year": -7.66,
            "roe": 1.87,
            "roe_4q": 6.04,
            "gross_profit": 57338,
            "gross_margin": 70.13,
            "gross_margin_4q_avg": 70.44,
            "net_income": 151200,
            "revenue": 81764,
            "common_shares": 4504830,
            "book_valuer_per_share": 18.04,
            "book_valuer_per_share_4q_avg": 17.9,
            "equity": 8125242,
            "current_ratio": 1328.35,
            "debt_ratio": 13.47,
            "inventory_turnover_ratio": null,
            "account_receivable_turnover_ratio": 16.65,
            "reinvestment_rate": 72.09,
            "research_to_sale_ratio": null,
            "price_fair": 38.15,
            "eps_avg_yearly": 1.09,
            "eps_latest_yearly": 1.36,
            "eps_growth_yearly": 54.45
        },
        "20173": {
            "year_quarter": 20173,
            "year": 2017,
            "quarter": 3,
            "eps": 0.31,
            "eps_growth_year": -11.43,
            "eps_4q": 0.98,
            "eps_4q_growth_year": -9.23,
            "roe": 1.87,
            "roe_4q": 5.8999999999999995,
            "gross_profit": 58490,
            "gross_margin": 71.59,
            "gross_margin_4q_avg": 70.55,
            "net_income": 153226,
            "revenue": 81698,
            "common_shares": 4865217,
            "book_valuer_per_share": 16.93,
            "book_valuer_per_share_4q_avg": 17.71,
            "equity": 8237310,
            "current_ratio": 1449.05,
            "debt_ratio": 13.37,
            "inventory_turnover_ratio": null,
            "account_receivable_turnover_ratio": 20.27,
            "reinvestment_rate": 68.26,
            "research_to_sale_ratio": null,
            "price_fair": 38.33,
            "eps_avg_yearly": 1.1,
            "eps_latest_yearly": 1.24,
            "eps_growth_yearly": 48.24
        },
        "20174": {
            "year_quarter": 20174,
            "year": 2017,
            "quarter": 4,
            "eps": 0.3,
            "eps_growth_year": 91.73,
            "eps_4q": 1.14,
            "eps_4q_growth_year": 2.48,
            "roe": 1.78,
            "roe_4q": 6.790000000000001,
            "gross_profit": 60316,
            "gross_margin": 72.53,
            "gross_margin_4q_avg": 71.66,
            "net_income": 147767,
            "revenue": 83157,
            "common_shares": 4865217,
            "book_valuer_per_share": 17.17,
            "book_valuer_per_share_4q_avg": 17.51,
            "equity": 8352770,
            "current_ratio": 2634.48,
            "debt_ratio": 12.68,
            "inventory_turnover_ratio": null,
            "account_receivable_turnover_ratio": 17.69,
            "reinvestment_rate": 64.76,
            "research_to_sale_ratio": null,
            "price_fair": 39.46,
            "eps_avg_yearly": 1.13,
            "eps_latest_yearly": 1.2,
            "eps_growth_yearly": 57.78
        },
        "20181": {
            "year_quarter": 20181,
            "year": 2018,
            "quarter": 1,
            "eps": 0.01,
            "eps_growth_year": -95.65,
            "eps_4q": 0.94,
            "eps_4q_growth_year": -11.53,
            "roe": 0.05,
            "roe_4q": 5.57,
            "gross_profit": 58625,
            "gross_margin": 73.16,
            "gross_margin_4q_avg": 71.85,
            "net_income": 4456,
            "revenue": 80136,
            "common_shares": 4865217,
            "book_valuer_per_share": 17.43,
            "book_valuer_per_share_4q_avg": 17.39,
            "equity": 8479288,
            "current_ratio": 2372.46,
            "debt_ratio": 13.84,
            "inventory_turnover_ratio": null,
            "account_receivable_turnover_ratio": 18.21,
            "reinvestment_rate": -33.95,
            "research_to_sale_ratio": null,
            "price_fair": 37.89,
            "eps_avg_yearly": 1.08,
            "eps_latest_yearly": 0.04,
            "eps_growth_yearly": 30.67
        },
        "20182": {
            "year_quarter": 20182,
            "year": 2018,
            "quarter": 2,
            "eps": 0.27,
            "eps_growth_year": -20.59,
            "eps_4q": 0.87,
            "eps_4q_growth_year": -12.34,
            "roe": 1.54,
            "roe_4q": 5.24,
            "gross_profit": 58466,
            "gross_margin": 73.23,
            "gross_margin_4q_avg": 72.63,
            "net_income": 131480,
            "revenue": 79841,
            "common_shares": 4865217,
            "book_valuer_per_share": 17.63,
            "book_valuer_per_share_4q_avg": 17.29,
            "equity": 8576874,
            "current_ratio": 960.53,
            "debt_ratio": 14.73,
            "inventory_turnover_ratio": null,
            "account_receivable_turnover_ratio": 25.45,
            "reinvestment_rate": -20.1,
            "research_to_sale_ratio": null,
            "price_fair": 37.28,
            "eps_avg_yearly": 1.07,
            "eps_latest_yearly": 1.08,
            "eps_growth_yearly": 660.93
        },
        "20183": {
            "year_quarter": 20183,
            "year": 2018,
            "quarter": 3,
            "eps": 0.34,
            "eps_growth_year": 9.68,
            "eps_4q": 0.91,
            "eps_4q_growth_year": -7.36,
            "roe": 1.99,
            "roe_4q": 5.36,
            "gross_profit": 60687,
            "gross_margin": 72.03,
            "gross_margin_4q_avg": 72.74,
            "net_income": 172053,
            "revenue": 84247,
            "common_shares": 4999984,
            "book_valuer_per_share": 17.5,
            "book_valuer_per_share_4q_avg": 17.43,
            "equity": 8748352,
            "current_ratio": 1024.19,
            "debt_ratio": 14.62,
            "inventory_turnover_ratio": null,
            "account_receivable_turnover_ratio": 27.27,
            "reinvestment_rate": -23.67,
            "research_to_sale_ratio": null,
            "price_fair": 37.28,
            "eps_avg_yearly": 1.07,
            "eps_latest_yearly": 1.36,
            "eps_growth_yearly": 667.42
        },
        "20184": {
            "year_quarter": 20184,
            "year": 2018,
            "quarter": 4,
            "eps": 0.24,
            "eps_growth_year": -19.52,
            "eps_4q": 0.86,
            "eps_4q_growth_year": -24.59,
            "roe": 1.38,
            "roe_4q": 4.96,
            "gross_profit": 65682,
            "gross_margin": 76.14,
            "gross_margin_4q_avg": 73.64,
            "net_income": 122219,
            "revenue": 86263,
            "common_shares": 4999984,
            "book_valuer_per_share": 17.96,
            "book_valuer_per_share_4q_avg": 17.63,
            "equity": 8981249,
            "current_ratio": 1919.77,
            "debt_ratio": 13.48,
            "inventory_turnover_ratio": null,
            "account_receivable_turnover_ratio": 19.58,
            "reinvestment_rate": -23.45,
            "research_to_sale_ratio": null,
            "price_fair": 37.89,
            "eps_avg_yearly": 1.08,
            "eps_latest_yearly": 0.96,
            "eps_growth_yearly": 672.56
        },
        "20191": {
            "year_quarter": 20191,
            "year": 2019,
            "quarter": 1,
            "eps": 0.22,
            "eps_growth_year": 2100,
            "eps_4q": 1.07,
            "eps_4q_growth_year": 14.16,
            "roe": 1.21,
            "roe_4q": 6.12,
            "gross_profit": 65025,
            "gross_margin": 76.42,
            "gross_margin_4q_avg": 74.46,
            "net_income": 109979,
            "revenue": 85084,
            "common_shares": 4999984,
            "book_valuer_per_share": 18.38,
            "book_valuer_per_share_4q_avg": 17.87,
            "equity": 9192001,
            "current_ratio": 1787.33,
            "debt_ratio": 13.55,
            "inventory_turnover_ratio": null,
            "account_receivable_turnover_ratio": 17.06,
            "reinvestment_rate": -18.45,
            "research_to_sale_ratio": null,
            "price_fair": 37.63,
            "eps_avg_yearly": 1.08,
            "eps_latest_yearly": 0.88,
            "eps_growth_yearly": 658.72
        },
        "20192": {
            "year_quarter": 20192,
            "year": 2019,
            "quarter": 2,
            "eps": 0.31,
            "eps_growth_year": 14.81,
            "eps_4q": 1.12,
            "eps_4q_growth_year": 28.2,
            "roe": 1.7,
            "roe_4q": 6.28,
            "gross_profit": 64857,
            "gross_margin": 74.81,
            "gross_margin_4q_avg": 74.85,
            "net_income": 155909,
            "revenue": 86701,
            "common_shares": 4999984,
            "book_valuer_per_share": 18.38,
            "book_valuer_per_share_4q_avg": 18.06,
            "equity": 9191154,
            "current_ratio": 761.34,
            "debt_ratio": 15.34,
            "inventory_turnover_ratio": null,
            "account_receivable_turnover_ratio": 20.36,
            "reinvestment_rate": -14.2,
            "research_to_sale_ratio": null,
            "price_fair": 37.1,
            "eps_avg_yearly": 1.06,
            "eps_latest_yearly": 1.24,
            "eps_growth_yearly": 656.94
        },
        "20193": {
            "year_quarter": 20193,
            "year": 2019,
            "quarter": 3,
            "eps": 0.36,
            "eps_growth_year": 5.88,
            "eps_4q": 1.14,
            "eps_4q_growth_year": 24.96,
            "roe": 1.95,
            "roe_4q": 6.239999999999999,
            "gross_profit": 62398,
            "gross_margin": 73.51,
            "gross_margin_4q_avg": 75.22,
            "net_income": 181427,
            "revenue": 84879,
            "common_shares": 4999984,
            "book_valuer_per_share": 18.74,
            "book_valuer_per_share_4q_avg": 18.37,
            "equity": 9370397,
            "current_ratio": 1696.96,
            "debt_ratio": 13.77,
            "inventory_turnover_ratio": null,
            "account_receivable_turnover_ratio": 21.28,
            "reinvestment_rate": -21.99,
            "research_to_sale_ratio": null,
            "price_fair": 36.93,
            "eps_avg_yearly": 1.06,
            "eps_latest_yearly": 1.44,
            "eps_growth_yearly": 660.3
        },
        "20194": {
            "year_quarter": 20194,
            "year": 2019,
            "quarter": 4,
            "eps": 0.17,
            "eps_growth_year": -30.68,
            "eps_4q": 1.06,
            "eps_4q_growth_year": 23.67,
            "roe": 0.9,
            "roe_4q": 5.76,
            "gross_profit": 65956,
            "gross_margin": 73.23,
            "gross_margin_4q_avg": 74.49,
            "net_income": 84717,
            "revenue": 90071,
            "common_shares": 4999984,
            "book_valuer_per_share": 18.73,
            "book_valuer_per_share_4q_avg": 18.56,
            "equity": 9367450,
            "current_ratio": 2076.14,
            "debt_ratio": 13.49,
            "inventory_turnover_ratio": null,
            "account_receivable_turnover_ratio": 20.96,
            "reinvestment_rate": -30.57,
            "research_to_sale_ratio": null,
            "price_fair": 37.19,
            "eps_avg_yearly": 1.06,
            "eps_latest_yearly": 0.68,
            "eps_growth_yearly": 662.89
        },
        "20201": {
            "year_quarter": 20201,
            "year": 2020,
            "quarter": 1,
            "eps": 0.1,
            "eps_growth_year": -54.55,
            "eps_4q": 0.94,
            "eps_4q_growth_year": -12.11,
            "roe": 0.53,
            "roe_4q": 5.08,
            "gross_profit": 56623,
            "gross_margin": 75.27,
            "gross_margin_4q_avg": 74.21,
            "net_income": 48777,
            "revenue": 75228,
            "common_shares": 4999984,
            "book_valuer_per_share": 18.05,
            "book_valuer_per_share_4q_avg": 18.48,
            "equity": 9022991,
            "current_ratio": 1948.38,
            "debt_ratio": 13.92,
            "inventory_turnover_ratio": null,
            "account_receivable_turnover_ratio": 27.42,
            "reinvestment_rate": -33.04,
            "research_to_sale_ratio": null,
            "price_fair": 35.44,
            "eps_avg_yearly": 1.01,
            "eps_latest_yearly": 0.4,
            "eps_growth_yearly": 624.03
        },
        "20202": {
            "year_quarter": 20202,
            "year": 2020,
            "quarter": 2,
            "eps": 0.04,
            "eps_growth_year": -87.1,
            "eps_4q": 0.67,
            "eps_4q_growth_year": -40.56,
            "roe": 0.2,
            "roe_4q": 3.58,
            "gross_profit": 37070,
            "gross_margin": 72.57,
            "gross_margin_4q_avg": 73.65,
            "net_income": 18014,
            "revenue": 51081,
            "common_shares": 4999984,
            "book_valuer_per_share": 17.83,
            "book_valuer_per_share_4q_avg": 18.34,
            "equity": 8912932,
            "current_ratio": 752.84,
            "debt_ratio": 15.8,
            "inventory_turnover_ratio": null,
            "account_receivable_turnover_ratio": 90.49,
            "reinvestment_rate": -46.89,
            "research_to_sale_ratio": null,
            "price_fair": 32.81,
            "eps_avg_yearly": 0.94,
            "eps_latest_yearly": 0.16,
            "eps_growth_yearly": 605.7
        },
        "20203": {
            "year_quarter": 20203,
            "year": 2020,
            "quarter": 3,
            "eps": 0.03,
            "eps_growth_year": -91.67,
            "eps_4q": 0.33,
            "eps_4q_growth_year": -70.87,
            "roe": 0.16,
            "roe_4q": 1.79,
            "gross_profit": 46097,
            "gross_margin": 70.41,
            "gross_margin_4q_avg": 72.87,
            "net_income": 14403,
            "revenue": 65467,
            "common_shares": 4999984,
            "book_valuer_per_share": 17.58,
            "book_valuer_per_share_4q_avg": 18.05,
            "equity": 8791483,
            "current_ratio": 768.89,
            "debt_ratio": 15.9,
            "inventory_turnover_ratio": null,
            "account_receivable_turnover_ratio": 216.78,
            "reinvestment_rate": -61.11,
            "research_to_sale_ratio": null,
            "price_fair": 30.01,
            "eps_avg_yearly": 0.86,
            "eps_latest_yearly": 0.12,
            "eps_growth_yearly": 598.71
        },
        "20204": {
            "year_quarter": 20204,
            "year": 2020,
            "quarter": 4,
            "eps": 0.16,
            "eps_growth_year": -6.1,
            "eps_4q": 0.32,
            "eps_4q_growth_year": -69.79,
            "roe": 0.89,
            "roe_4q": 1.78,
            "gross_profit": 52829,
            "gross_margin": 72.28,
            "gross_margin_4q_avg": 72.63,
            "net_income": 79547,
            "revenue": 73090,
            "common_shares": 4999984,
            "book_valuer_per_share": 18.05,
            "book_valuer_per_share_4q_avg": 17.88,
            "equity": 9027059,
            "current_ratio": 1834.58,
            "debt_ratio": 13.97,
            "inventory_turnover_ratio": null,
            "account_receivable_turnover_ratio": 121.92,
            "reinvestment_rate": -67.94,
            "research_to_sale_ratio": null,
            "price_fair": 30.01,
            "eps_avg_yearly": 0.86,
            "eps_latest_yearly": 0.64,
            "eps_growth_yearly": 720.61
        },
        "20211": {
            "year_quarter": 20211,
            "year": 2021,
            "quarter": 1,
            "eps": -0.01,
            "eps_growth_year": -110,
            "eps_4q": 0.21,
            "eps_4q_growth_year": -77.76,
            "roe": -0.08,
            "roe_4q": 1.1700000000000002,
            "gross_profit": 53040,
            "gross_margin": 76.33,
            "gross_margin_4q_avg": 72.9,
            "net_income": -7247,
            "revenue": 69489,
            "common_shares": 4999984,
            "book_valuer_per_share": 17.79,
            "book_valuer_per_share_4q_avg": 17.81,
            "equity": 8897418,
            "current_ratio": 1736.69,
            "debt_ratio": 14.04,
            "inventory_turnover_ratio": null,
            "account_receivable_turnover_ratio": 157.39,
            "reinvestment_rate": -72.23,
            "research_to_sale_ratio": null,
            "price_fair": 29.87,
            "eps_avg_yearly": 0.85,
            "eps_latest_yearly": 0.64,
            "eps_growth_yearly": 756.99
        },
        "20212": {
            "year_quarter": 20212,
            "year": 2021,
            "quarter": 2,
            "eps": 0.04,
            "eps_growth_year": 0,
            "eps_4q": 0.21,
            "eps_4q_growth_year": -67.9,
            "roe": 0.23,
            "roe_4q": 1.2,
            "gross_profit": 45686,
            "gross_margin": 78.4,
            "gross_margin_4q_avg": 74.36,
            "net_income": 20184,
            "revenue": 58273,
            "common_shares": 4999984,
            "book_valuer_per_share": 17.83,
            "book_valuer_per_share_4q_avg": 17.81,
            "equity": 8915063,
            "current_ratio": 2115.92,
            "debt_ratio": 13.76,
            "inventory_turnover_ratio": null,
            "account_receivable_turnover_ratio": 410.37,
            "reinvestment_rate": -95.09,
            "research_to_sale_ratio": null,
            "price_fair": 28.6,
            "eps_avg_yearly": 0.82,
            "eps_latest_yearly": 0.64,
            "eps_growth_yearly": 797.39
        },
        "20213": {
            "year_quarter": 20213,
            "year": 2021,
            "quarter": 3,
            "eps": 0.11,
            "eps_growth_year": 266.67,
            "eps_4q": 0.3,
            "eps_4q_growth_year": -10.68,
            "roe": 0.63,
            "roe_4q": 1.67,
            "gross_profit": 36880,
            "gross_margin": 73.17,
            "gross_margin_4q_avg": 75.05,
            "net_income": 55703,
            "revenue": 50400,
            "common_shares": 4999984,
            "book_valuer_per_share": 17.61,
            "book_valuer_per_share_4q_avg": 17.82,
            "equity": 8804781,
            "current_ratio": 1347.47,
            "debt_ratio": 14.54,
            "inventory_turnover_ratio": null,
            "account_receivable_turnover_ratio": 360,
            "reinvestment_rate": -106.36,
            "research_to_sale_ratio": null,
            "price_fair": 26.6,
            "eps_avg_yearly": 0.76,
            "eps_latest_yearly": 0.44,
            "eps_growth_yearly": 849.92
        },
        "20214": {
            "year_quarter": 20214,
            "year": 2021,
            "quarter": 4,
            "eps": 0.02,
            "eps_growth_year": -87.73,
            "eps_4q": 0.16,
            "eps_4q_growth_year": -51.22,
            "roe": 0.11,
            "roe_4q": 0.89,
            "gross_profit": 56463,
            "gross_margin": 75.57,
            "gross_margin_4q_avg": 75.87,
            "net_income": 9764,
            "revenue": 74716,
            "common_shares": 4999984,
            "book_valuer_per_share": 17.97,
            "book_valuer_per_share_4q_avg": 17.8,
            "equity": 8985912,
            "current_ratio": 1841.32,
            "debt_ratio": 13.94,
            "inventory_turnover_ratio": null,
            "account_receivable_turnover_ratio": 146.5,
            "reinvestment_rate": -122.39,
            "research_to_sale_ratio": null,
            "price_fair": 23.8,
            "eps_avg_yearly": 0.68,
            "eps_latest_yearly": 0.08,
            "eps_growth_yearly": 827.46
        },
        "20221": {
            "year_quarter": 20221,
            "year": 2022,
            "quarter": 1,
            "eps": 0.06,
            "eps_growth_year": null,
            "eps_4q": 0.23,
            "eps_4q_growth_year": 11.55,
            "roe": 0.35,
            "roe_4q": 1.3199999999999998,
            "gross_profit": 56065,
            "gross_margin": 78.86,
            "gross_margin_4q_avg": 76.5,
            "net_income": 31160,
            "revenue": 71097,
            "common_shares": 4999984,
            "book_valuer_per_share": 18.06,
            "book_valuer_per_share_4q_avg": 17.87,
            "equity": 9031230,
            "current_ratio": 1905.68,
            "debt_ratio": 13.76,
            "inventory_turnover_ratio": null,
            "account_receivable_turnover_ratio": 133.77,
            "reinvestment_rate": 32.25,
            "research_to_sale_ratio": null,
            "price_fair": 24.3,
            "eps_avg_yearly": 0.69,
            "eps_latest_yearly": 0.24,
            "eps_growth_yearly": 912.22
        },
        "20222": {
            "year_quarter": 20222,
            "year": 2022,
            "quarter": 2,
            "eps": 0.26,
            "eps_growth_year": 550,
            "eps_4q": 0.45,
            "eps_4q_growth_year": 110.42,
            "roe": 1.41,
            "roe_4q": 2.5,
            "gross_profit": 55912,
            "gross_margin": 79.13,
            "gross_margin_4q_avg": 76.68,
            "net_income": 128286,
            "revenue": 70659,
            "common_shares": 4999984,
            "book_valuer_per_share": 18.31,
            "book_valuer_per_share_4q_avg": 17.99,
            "equity": 9153218,
            "current_ratio": 1478.41,
            "debt_ratio": 14.31,
            "inventory_turnover_ratio": null,
            "account_receivable_turnover_ratio": 249.24,
            "reinvestment_rate": 26.89,
            "research_to_sale_ratio": null,
            "price_fair": 24.2,
            "eps_avg_yearly": 0.69,
            "eps_latest_yearly": 1.04,
            "eps_growth_yearly": 264.6
        },
        "20223": {
            "year_quarter": 20223,
            "year": 2022,
            "quarter": 3,
            "eps": 0.23,
            "eps_growth_year": 109.09,
            "eps_4q": 0.57,
            "eps_4q_growth_year": 91.76,
            "roe": 1.23,
            "roe_4q": 3.0999999999999996,
            "gross_profit": 55040,
            "gross_margin": 77.2,
            "gross_margin_4q_avg": 77.69,
            "net_income": 114950,
            "revenue": 71299,
            "common_shares": 4999984,
            "book_valuer_per_share": 19.05,
            "book_valuer_per_share_4q_avg": 18.35,
            "equity": 9524562,
            "current_ratio": 1403.34,
            "debt_ratio": 14.07,
            "inventory_turnover_ratio": null,
            "account_receivable_turnover_ratio": 171.8,
            "reinvestment_rate": 48.15,
            "research_to_sale_ratio": null,
            "price_fair": 23.1,
            "eps_avg_yearly": 0.66,
            "eps_latest_yearly": 0.92,
            "eps_growth_yearly": 253.9
        },
        "20224": {
            "year_quarter": 20224,
            "year": 2022,
            "quarter": 4,
            "eps": 0.05,
            "eps_growth_year": 177.07,
            "eps_4q": 0.6,
            "eps_4q_growth_year": 284.48,
            "roe": 0.28,
            "roe_4q": 3.27,
            "gross_profit": 60037,
            "gross_margin": 77.5,
            "gross_margin_4q_avg": 78.17,
            "net_income": 27053,
            "revenue": 77469,
            "common_shares": 4999984,
            "book_valuer_per_share": 19.25,
            "book_valuer_per_share_4q_avg": 18.67,
            "equity": 9627371,
            "current_ratio": 2026.69,
            "debt_ratio": 13.2,
            "inventory_turnover_ratio": null,
            "account_receivable_turnover_ratio": 95.94,
            "reinvestment_rate": 27.11,
            "research_to_sale_ratio": null,
            "price_fair": 21.2,
            "eps_avg_yearly": 0.61,
            "eps_latest_yearly": 0.2,
            "eps_growth_yearly": 239.94
        },
        "20231": {
            "year_quarter": 20231,
            "year": 2023,
            "quarter": 1,
            "eps": 0.06,
            "eps_growth_year": 0,
            "eps_4q": 0.6,
            "eps_4q_growth_year": 157.68,
            "roe": 0.32,
            "roe_4q": 3.24,
            "gross_profit": 65052,
            "gross_margin": 66.45,
            "gross_margin_4q_avg": 75.07,
            "net_income": 30709,
            "revenue": 97895,
            "common_shares": 4999984,
            "book_valuer_per_share": 19.34,
            "book_valuer_per_share_4q_avg": 18.99,
            "equity": 9670120,
            "current_ratio": 1862.03,
            "debt_ratio": 13.21,
            "inventory_turnover_ratio": null,
            "account_receivable_turnover_ratio": 59.62,
            "reinvestment_rate": 8.12,
            "research_to_sale_ratio": null,
            "price_fair": 19.6,
            "eps_avg_yearly": 0.56,
            "eps_latest_yearly": 0.24,
            "eps_growth_yearly": 248.04
        }
    },
    "months": {
        "2001-06": {
            "month": "2001-06",
            "price": "100.50",
            "revenue": 22826
        },
        "2001-07": {
            "month": "2001-07",
            "price": "100.33",
            "revenue": 21437
        },
        "2001-08": {
            "month": "2001-08",
            "price": "100.00",
            "revenue": 21906
        },
        "2001-09": {
            "month": "2001-09",
            "price": "96.56",
            "revenue": 19404
        },
        "2001-10": {
            "month": "2001-10",
            "price": "91.60",
            "revenue": 21139
        },
        "2001-11": {
            "month": "2001-11",
            "price": "91.25",
            "revenue": 21398
        },
        "2001-12": {
            "month": "2001-12",
            "price": "90.55",
            "revenue": 21686
        },
        "2002-01": {
            "month": "2002-01",
            "price": "90.50",
            "revenue": 20127
        },
        "2002-02": {
            "month": "2002-02",
            "price": "90.50",
            "revenue": 20603
        },
        "2002-03": {
            "month": "2002-03",
            "price": "102.60",
            "revenue": 22111
        },
        "2002-04": {
            "month": "2002-04",
            "price": "96.60",
            "revenue": 20605
        },
        "2002-05": {
            "month": "2002-05",
            "price": "94.57",
            "revenue": 20192
        },
        "2002-06": {
            "month": "2002-06",
            "price": "91.44",
            "revenue": 21373
        },
        "2002-07": {
            "month": "2002-07",
            "price": "88.19",
            "revenue": 22372
        },
        "2002-08": {
            "month": "2002-08",
            "price": "64.90",
            "revenue": 22277
        },
        "2002-09": {
            "month": "2002-09",
            "price": "22.87",
            "revenue": 22148
        },
        "2002-10": {
            "month": "2002-10",
            "price": "17.30",
            "revenue": 22264
        },
        "2002-11": {
            "month": "2002-11",
            "price": "19.15",
            "revenue": 22346
        },
        "2002-12": {
            "month": "2002-12",
            "price": "18.06",
            "revenue": 22213
        },
        "2003-01": {
            "month": "2003-01",
            "price": "18.53",
            "revenue": 21129
        },
        "2003-02": {
            "month": "2003-02",
            "price": "17.35",
            "revenue": 22196
        },
        "2003-03": {
            "month": "2003-03",
            "price": "17.01",
            "revenue": 22253
        },
        "2003-04": {
            "month": "2003-04",
            "price": "16.17",
            "revenue": 18908
        },
        "2003-05": {
            "month": "2003-05",
            "price": "15.40",
            "revenue": 17090
        },
        "2003-06": {
            "month": "2003-06",
            "price": "16.32",
            "revenue": 17818
        },
        "2003-07": {
            "month": "2003-07",
            "price": "16.65",
            "revenue": 19294
        },
        "2003-08": {
            "month": "2003-08",
            "price": "16.63",
            "revenue": 21196
        },
        "2003-09": {
            "month": "2003-09",
            "price": "16.16",
            "revenue": 22166
        },
        "2003-10": {
            "month": "2003-10",
            "price": "17.35",
            "revenue": 22871
        },
        "2003-11": {
            "month": "2003-11",
            "price": "18.04",
            "revenue": 22981
        },
        "2003-12": {
            "month": "2003-12",
            "price": "17.77",
            "revenue": 22740
        },
        "2004-01": {
            "month": "2004-01",
            "price": "18.48",
            "revenue": 22075
        },
        "2004-02": {
            "month": "2004-02",
            "price": "23.28",
            "revenue": 22645
        },
        "2004-03": {
            "month": "2004-03",
            "price": "22.08",
            "revenue": 23165
        },
        "2004-04": {
            "month": "2004-04",
            "price": "21.30",
            "revenue": 22478
        },
        "2004-05": {
            "month": "2004-05",
            "price": "18.66",
            "revenue": 22657
        },
        "2004-06": {
            "month": "2004-06",
            "price": "18.08",
            "revenue": 23207
        },
        "2004-07": {
            "month": "2004-07",
            "price": "17.79",
            "revenue": 24045
        },
        "2004-08": {
            "month": "2004-08",
            "price": "17.18",
            "revenue": 23072
        },
        "2004-09": {
            "month": "2004-09",
            "price": "17.54",
            "revenue": 23478
        },
        "2004-10": {
            "month": "2004-10",
            "price": "17.16",
            "revenue": 19014
        },
        "2004-11": {
            "month": "2004-11",
            "price": "16.95",
            "revenue": 21229
        },
        "2004-12": {
            "month": "2004-12",
            "price": "17.25",
            "revenue": 20898
        },
        "2005-01": {
            "month": "2005-01",
            "price": "18.10",
            "revenue": 21455
        },
        "2005-02": {
            "month": "2005-02",
            "price": "17.81",
            "revenue": 20292
        },
        "2005-03": {
            "month": "2005-03",
            "price": "19.76",
            "revenue": 22407
        },
        "2005-04": {
            "month": "2005-04",
            "price": "18.66",
            "revenue": 21354
        },
        "2005-05": {
            "month": "2005-05",
            "price": "21.28",
            "revenue": 21646
        },
        "2005-06": {
            "month": "2005-06",
            "price": "25.00",
            "revenue": 22072
        },
        "2005-07": {
            "month": "2005-07",
            "price": "23.66",
            "revenue": 21821
        },
        "2005-08": {
            "month": "2005-08",
            "price": "25.10",
            "revenue": 22432
        },
        "2005-09": {
            "month": "2005-09",
            "price": "22.39",
            "revenue": 22816
        },
        "2005-10": {
            "month": "2005-10",
            "price": "20.77",
            "revenue": 22888
        },
        "2005-11": {
            "month": "2005-11",
            "price": "21.34",
            "revenue": 23125
        },
        "2005-12": {
            "month": "2005-12",
            "price": "24.67",
            "revenue": 23126
        },
        "2006-01": {
            "month": "2006-01",
            "price": "23.02",
            "revenue": 21805
        },
        "2006-02": {
            "month": "2006-02",
            "price": "22.61",
            "revenue": 21923
        },
        "2006-03": {
            "month": "2006-03",
            "price": "21.31",
            "revenue": 23268
        },
        "2006-04": {
            "month": "2006-04",
            "price": "26.11",
            "revenue": 22519
        },
        "2006-05": {
            "month": "2006-05",
            "price": "35.20",
            "revenue": 22897
        },
        "2006-06": {
            "month": "2006-06",
            "price": "33.60",
            "revenue": 23285
        },
        "2006-07": {
            "month": "2006-07",
            "price": "32.07",
            "revenue": 24094
        },
        "2006-08": {
            "month": "2006-08",
            "price": "31.88",
            "revenue": 24810
        },
        "2006-09": {
            "month": "2006-09",
            "price": "30.75",
            "revenue": 25639
        },
        "2006-10": {
            "month": "2006-10",
            "price": "33.31",
            "revenue": 25499
        },
        "2006-11": {
            "month": "2006-11",
            "price": "32.96",
            "revenue": 26004
        },
        "2006-12": {
            "month": "2006-12",
            "price": "36.40",
            "revenue": 26361
        },
        "2007-01": {
            "month": "2007-01",
            "price": "35.31",
            "revenue": 24913
        },
        "2007-02": {
            "month": "2007-02",
            "price": "38.14",
            "revenue": 22231
        },
        "2007-03": {
            "month": "2007-03",
            "price": "35.87",
            "revenue": 24660
        },
        "2007-04": {
            "month": "2007-04",
            "price": "38.12",
            "revenue": 22187
        },
        "2007-05": {
            "month": "2007-05",
            "price": "36.81",
            "revenue": 23236
        },
        "2007-06": {
            "month": "2007-06",
            "price": "36.49",
            "revenue": 23901
        },
        "2007-07": {
            "month": "2007-07",
            "price": "41.72",
            "revenue": 25493
        },
        "2007-08": {
            "month": "2007-08",
            "price": "37.54",
            "revenue": 26144
        },
        "2007-09": {
            "month": "2007-09",
            "price": "34.40",
            "revenue": 26805
        },
        "2007-10": {
            "month": "2007-10",
            "price": "31.93",
            "revenue": 26050
        },
        "2007-11": {
            "month": "2007-11",
            "price": "28.62",
            "revenue": 26406
        },
        "2007-12": {
            "month": "2007-12",
            "price": "28.58",
            "revenue": 27202
        },
        "2008-01": {
            "month": "2008-01",
            "price": "32.44",
            "revenue": 24347
        },
        "2008-02": {
            "month": "2008-02",
            "price": "34.45",
            "revenue": 23869
        },
        "2008-03": {
            "month": "2008-03",
            "price": "38.38",
            "revenue": 24629
        },
        "2008-04": {
            "month": "2008-04",
            "price": "40.17",
            "revenue": 22652
        },
        "2008-05": {
            "month": "2008-05",
            "price": "39.21",
            "revenue": 23241
        },
        "2008-06": {
            "month": "2008-06",
            "price": "36.95",
            "revenue": 24740
        },
        "2008-07": {
            "month": "2008-07",
            "price": "27.67",
            "revenue": 23846
        },
        "2008-08": {
            "month": "2008-08",
            "price": "27.30",
            "revenue": 27707
        },
        "2008-09": {
            "month": "2008-09",
            "price": "22.65",
            "revenue": 26751
        },
        "2008-10": {
            "month": "2008-10",
            "price": "18.22",
            "revenue": 27278
        },
        "2008-11": {
            "month": "2008-11",
            "price": "17.96",
            "revenue": 26245
        },
        "2008-12": {
            "month": "2008-12",
            "price": "19.20",
            "revenue": 27086
        },
        "2009-01": {
            "month": "2009-01",
            "price": "18.30",
            "revenue": 25710
        },
        "2009-02": {
            "month": "2009-02",
            "price": "17.34",
            "revenue": 26044
        },
        "2009-03": {
            "month": "2009-03",
            "price": "20.31",
            "revenue": 27814
        },
        "2009-04": {
            "month": "2009-04",
            "price": "27.27",
            "revenue": 27253
        },
        "2009-05": {
            "month": "2009-05",
            "price": "28.91",
            "revenue": 26585
        },
        "2009-06": {
            "month": "2009-06",
            "price": "28.86",
            "revenue": 26634
        },
        "2009-07": {
            "month": "2009-07",
            "price": "29.83",
            "revenue": 26204
        },
        "2009-08": {
            "month": "2009-08",
            "price": "26.20",
            "revenue": 27455
        },
        "2009-09": {
            "month": "2009-09",
            "price": "25.15",
            "revenue": 27102
        },
        "2009-10": {
            "month": "2009-10",
            "price": "24.52",
            "revenue": 26105
        },
        "2009-11": {
            "month": "2009-11",
            "price": "24.46",
            "revenue": 26440
        },
        "2009-12": {
            "month": "2009-12",
            "price": "25.30",
            "revenue": 27477
        },
        "2010-01": {
            "month": "2010-01",
            "price": "27.43",
            "revenue": 26811
        },
        "2010-02": {
            "month": "2010-02",
            "price": "26.44",
            "revenue": 25872
        },
        "2010-03": {
            "month": "2010-03",
            "price": "26.44",
            "revenue": 27815
        },
        "2010-04": {
            "month": "2010-04",
            "price": "26.58",
            "revenue": 26633
        },
        "2010-05": {
            "month": "2010-05",
            "price": "24.16",
            "revenue": 28074
        },
        "2010-06": {
            "month": "2010-06",
            "price": "25.34",
            "revenue": 27243
        },
        "2010-07": {
            "month": "2010-07",
            "price": "26.06",
            "revenue": 26884
        },
        "2010-08": {
            "month": "2010-08",
            "price": "28.71",
            "revenue": 27110
        },
        "2010-09": {
            "month": "2010-09",
            "price": "32.30",
            "revenue": 25894
        },
        "2010-10": {
            "month": "2010-10",
            "price": "31.27",
            "revenue": 26900
        },
        "2010-11": {
            "month": "2010-11",
            "price": "29.07",
            "revenue": 27242
        },
        "2010-12": {
            "month": "2010-12",
            "price": "30.67",
            "revenue": 27226
        },
        "2011-01": {
            "month": "2011-01",
            "price": "30.47",
            "revenue": 26114
        },
        "2011-02": {
            "month": "2011-02",
            "price": "27.89",
            "revenue": 27164
        },
        "2011-03": {
            "month": "2011-03",
            "price": "26.69",
            "revenue": 29186
        },
        "2011-04": {
            "month": "2011-04",
            "price": "28.72",
            "revenue": 29002
        },
        "2011-05": {
            "month": "2011-05",
            "price": "28.51",
            "revenue": 27977
        },
        "2011-06": {
            "month": "2011-06",
            "price": "28.49",
            "revenue": 29004
        },
        "2011-07": {
            "month": "2011-07",
            "price": "27.30",
            "revenue": 29190
        },
        "2011-08": {
            "month": "2011-08",
            "price": "24.61",
            "revenue": 29455
        },
        "2011-09": {
            "month": "2011-09",
            "price": "22.86",
            "revenue": 28243
        },
        "2011-10": {
            "month": "2011-10",
            "price": "21.46",
            "revenue": 29605
        },
        "2011-11": {
            "month": "2011-11",
            "price": "20.51",
            "revenue": 29944
        },
        "2011-12": {
            "month": "2011-12",
            "price": "18.77",
            "revenue": 30256
        },
        "2012-01": {
            "month": "2012-01",
            "price": "18.97",
            "revenue": 28397
        },
        "2012-02": {
            "month": "2012-02",
            "price": "20.77",
            "revenue": 29235
        },
        "2012-03": {
            "month": "2012-03",
            "price": "20.63",
            "revenue": 30409
        },
        "2012-04": {
            "month": "2012-04",
            "price": "19.53",
            "revenue": 30097
        },
        "2012-05": {
            "month": "2012-05",
            "price": "19.24",
            "revenue": 30763
        },
        "2012-06": {
            "month": "2012-06",
            "price": "18.28",
            "revenue": 30624
        },
        "2012-07": {
            "month": "2012-07",
            "price": "18.77",
            "revenue": 31054
        },
        "2012-08": {
            "month": "2012-08",
            "price": "20.19",
            "revenue": 30844
        },
        "2012-09": {
            "month": "2012-09",
            "price": "20.76",
            "revenue": 29504
        },
        "2012-10": {
            "month": "2012-10",
            "price": "19.82",
            "revenue": 30187
        },
        "2012-11": {
            "month": "2012-11",
            "price": "18.99",
            "revenue": 29536
        },
        "2012-12": {
            "month": "2012-12",
            "price": "19.43",
            "revenue": 30256
        },
        "2013-01": {
            "month": "2013-01",
            "price": "19.78",
            "revenue": 28529
        },
        "2013-02": {
            "month": "2013-02",
            "price": "19.58",
            "revenue": 28850
        },
        "2013-03": {
            "month": "2013-03",
            "price": "19.25",
            "revenue": 31060
        },
        "2013-04": {
            "month": "2013-04",
            "price": "19.25",
            "revenue": 30122
        },
        "2013-05": {
            "month": "2013-05",
            "price": "19.54",
            "revenue": 29771
        },
        "2013-06": {
            "month": "2013-06",
            "price": "19.44",
            "revenue": 30459
        },
        "2013-07": {
            "month": "2013-07",
            "price": "19.62",
            "revenue": 29800
        },
        "2013-08": {
            "month": "2013-08",
            "price": "19.60",
            "revenue": 30718
        },
        "2013-09": {
            "month": "2013-09",
            "price": "18.73",
            "revenue": 28856
        },
        "2013-10": {
            "month": "2013-10",
            "price": "18.92",
            "revenue": 30167
        },
        "2013-11": {
            "month": "2013-11",
            "price": "18.93",
            "revenue": 30806
        },
        "2013-12": {
            "month": "2013-12",
            "price": "19.11",
            "revenue": 31495
        },
        "2014-01": {
            "month": "2014-01",
            "price": "19.41",
            "revenue": 29822
        },
        "2014-02": {
            "month": "2014-02",
            "price": "19.49",
            "revenue": 29380
        },
        "2014-03": {
            "month": "2014-03",
            "price": "19.46",
            "revenue": 30666
        },
        "2014-04": {
            "month": "2014-04",
            "price": "19.36",
            "revenue": 29975
        },
        "2014-05": {
            "month": "2014-05",
            "price": "19.00",
            "revenue": 30419
        },
        "2014-06": {
            "month": "2014-06",
            "price": "19.30",
            "revenue": 30922
        },
        "2014-07": {
            "month": "2014-07",
            "price": "20.72",
            "revenue": 31400
        },
        "2014-08": {
            "month": "2014-08",
            "price": "20.60",
            "revenue": 31749
        },
        "2014-09": {
            "month": "2014-09",
            "price": "19.92",
            "revenue": 30708
        },
        "2014-10": {
            "month": "2014-10",
            "price": "19.62",
            "revenue": 31434
        },
        "2014-11": {
            "month": "2014-11",
            "price": "19.96",
            "revenue": 30871
        },
        "2014-12": {
            "month": "2014-12",
            "price": "19.95",
            "revenue": 31670
        },
        "2015-01": {
            "month": "2015-01",
            "price": "20.03",
            "revenue": 30832
        },
        "2015-02": {
            "month": "2015-02",
            "price": "20.12",
            "revenue": 30257
        },
        "2015-03": {
            "month": "2015-03",
            "price": "20.59",
            "revenue": 31943
        },
        "2015-04": {
            "month": "2015-04",
            "price": "21.30",
            "revenue": 31072
        },
        "2015-05": {
            "month": "2015-05",
            "price": "21.99",
            "revenue": 31641
        },
        "2015-06": {
            "month": "2015-06",
            "price": "20.97",
            "revenue": 30743
        },
        "2015-07": {
            "month": "2015-07",
            "price": "21.24",
            "revenue": 29627
        },
        "2015-08": {
            "month": "2015-08",
            "price": "20.44",
            "revenue": 29700
        },
        "2015-09": {
            "month": "2015-09",
            "price": "18.82",
            "revenue": 28635
        },
        "2015-10": {
            "month": "2015-10",
            "price": "19.36",
            "revenue": 28935
        },
        "2015-11": {
            "month": "2015-11",
            "price": "19.53",
            "revenue": 29445
        },
        "2015-12": {
            "month": "2015-12",
            "price": "18.88",
            "revenue": 30030
        },
        "2016-01": {
            "month": "2016-01",
            "price": "18.50",
            "revenue": 28503
        },
        "2016-02": {
            "month": "2016-02",
            "price": "18.66",
            "revenue": 28117
        },
        "2016-03": {
            "month": "2016-03",
            "price": "18.81",
            "revenue": 30079
        },
        "2016-04": {
            "month": "2016-04",
            "price": "18.67",
            "revenue": 27798
        },
        "2016-05": {
            "month": "2016-05",
            "price": "18.11",
            "revenue": 27779
        },
        "2016-06": {
            "month": "2016-06",
            "price": "18.15",
            "revenue": 26657
        },
        "2016-07": {
            "month": "2016-07",
            "price": "18.33",
            "revenue": 27449
        },
        "2016-08": {
            "month": "2016-08",
            "price": "18.05",
            "revenue": 28419
        },
        "2016-09": {
            "month": "2016-09",
            "price": "16.67",
            "revenue": 25966
        },
        "2016-10": {
            "month": "2016-10",
            "price": "16.58",
            "revenue": 27519
        },
        "2016-11": {
            "month": "2016-11",
            "price": "16.30",
            "revenue": 27931
        },
        "2016-12": {
            "month": "2016-12",
            "price": "16.30",
            "revenue": 29274
        },
        "2017-01": {
            "month": "2017-01",
            "price": "16.43",
            "revenue": 26934
        },
        "2017-02": {
            "month": "2017-02",
            "price": "17.31",
            "revenue": 26558
        },
        "2017-03": {
            "month": "2017-03",
            "price": "17.36",
            "revenue": 29755
        },
        "2017-04": {
            "month": "2017-04",
            "price": "17.24",
            "revenue": 27501
        },
        "2017-05": {
            "month": "2017-05",
            "price": "17.07",
            "revenue": 27163
        },
        "2017-06": {
            "month": "2017-06",
            "price": "16.88",
            "revenue": 27100
        },
        "2017-07": {
            "month": "2017-07",
            "price": "16.75",
            "revenue": 27608
        },
        "2017-08": {
            "month": "2017-08",
            "price": "16.44",
            "revenue": 27624
        },
        "2017-09": {
            "month": "2017-09",
            "price": "15.72",
            "revenue": 26466
        },
        "2017-10": {
            "month": "2017-10",
            "price": "15.51",
            "revenue": 27189
        },
        "2017-11": {
            "month": "2017-11",
            "price": "15.55",
            "revenue": 27404
        },
        "2017-12": {
            "month": "2017-12",
            "price": "15.50",
            "revenue": 28564
        },
        "2018-01": {
            "month": "2018-01",
            "price": "15.82",
            "revenue": 25909
        },
        "2018-02": {
            "month": "2018-02",
            "price": "15.52",
            "revenue": 26369
        },
        "2018-03": {
            "month": "2018-03",
            "price": "15.35",
            "revenue": 27858
        },
        "2018-04": {
            "month": "2018-04",
            "price": "15.14",
            "revenue": 26431
        },
        "2018-05": {
            "month": "2018-05",
            "price": "15.00",
            "revenue": 26373
        },
        "2018-06": {
            "month": "2018-06",
            "price": "14.92",
            "revenue": 27037
        },
        "2018-07": {
            "month": "2018-07",
            "price": "14.84",
            "revenue": 28764
        },
        "2018-08": {
            "month": "2018-08",
            "price": "14.85",
            "revenue": 28609
        },
        "2018-09": {
            "month": "2018-09",
            "price": "14.28",
            "revenue": 26874
        },
        "2018-10": {
            "month": "2018-10",
            "price": "14.02",
            "revenue": 27800
        },
        "2018-11": {
            "month": "2018-11",
            "price": "14.02",
            "revenue": 28834
        },
        "2018-12": {
            "month": "2018-12",
            "price": "14.22",
            "revenue": 29629
        },
        "2019-01": {
            "month": "2019-01",
            "price": "14.17",
            "revenue": 27496
        },
        "2019-02": {
            "month": "2019-02",
            "price": "14.25",
            "revenue": 27662
        },
        "2019-03": {
            "month": "2019-03",
            "price": "14.46",
            "revenue": 29926
        },
        "2019-04": {
            "month": "2019-04",
            "price": "14.38",
            "revenue": 28575
        },
        "2019-05": {
            "month": "2019-05",
            "price": "14.34",
            "revenue": 29333
        },
        "2019-06": {
            "month": "2019-06",
            "price": "15.24",
            "revenue": 28793
        },
        "2019-07": {
            "month": "2019-07",
            "price": "15.83",
            "revenue": 29575
        },
        "2019-08": {
            "month": "2019-08",
            "price": "15.12",
            "revenue": 28696
        },
        "2019-09": {
            "month": "2019-09",
            "price": "14.90",
            "revenue": 26609
        },
        "2019-10": {
            "month": "2019-10",
            "price": "15.09",
            "revenue": 28809
        },
        "2019-11": {
            "month": "2019-11",
            "price": "15.20",
            "revenue": 30711
        },
        "2019-12": {
            "month": "2019-12",
            "price": "15.66",
            "revenue": 30550
        },
        "2020-01": {
            "month": "2020-01",
            "price": "15.62",
            "revenue": 27984
        },
        "2020-02": {
            "month": "2020-02",
            "price": "14.88",
            "revenue": 24743
        },
        "2020-03": {
            "month": "2020-03",
            "price": "13.10",
            "revenue": 22501
        },
        "2020-04": {
            "month": "2020-04",
            "price": "12.50",
            "revenue": 16448
        },
        "2020-05": {
            "month": "2020-05",
            "price": "13.21",
            "revenue": 16824
        },
        "2020-06": {
            "month": "2020-06",
            "price": "14.02",
            "revenue": 17810
        },
        "2020-07": {
            "month": "2020-07",
            "price": "14.05",
            "revenue": 18553
        },
        "2020-08": {
            "month": "2020-08",
            "price": "13.64",
            "revenue": 23460
        },
        "2020-09": {
            "month": "2020-09",
            "price": "13.44",
            "revenue": 23454
        },
        "2020-10": {
            "month": "2020-10",
            "price": "13.26",
            "revenue": 25359
        },
        "2020-11": {
            "month": "2020-11",
            "price": "13.67",
            "revenue": 23305
        },
        "2020-12": {
            "month": "2020-12",
            "price": "13.90",
            "revenue": 24425
        },
        "2021-01": {
            "month": "2021-01",
            "price": "13.74",
            "revenue": 23550
        },
        "2021-02": {
            "month": "2021-02",
            "price": "13.62",
            "revenue": 22846
        },
        "2021-03": {
            "month": "2021-03",
            "price": "13.97",
            "revenue": 23093
        },
        "2021-04": {
            "month": "2021-04",
            "price": "14.33",
            "revenue": 23284
        },
        "2021-05": {
            "month": "2021-05",
            "price": "13.66",
            "revenue": 20506
        },
        "2021-06": {
            "month": "2021-06",
            "price": "14.80",
            "revenue": 14483
        },
        "2021-07": {
            "month": "2021-07",
            "price": "15.12",
            "revenue": 12720
        },
        "2021-08": {
            "month": "2021-08",
            "price": "13.85",
            "revenue": 14662
        },
        "2021-09": {
            "month": "2021-09",
            "price": "13.96",
            "revenue": 23017
        },
        "2021-10": {
            "month": "2021-10",
            "price": "14.32",
            "revenue": 24635
        },
        "2021-11": {
            "month": "2021-11",
            "price": "14.52",
            "revenue": 24222
        },
        "2021-12": {
            "month": "2021-12",
            "price": "14.25",
            "revenue": 25861
        },
        "2022-01": {
            "month": "2022-01",
            "price": "14.12",
            "revenue": 23902
        },
        "2022-02": {
            "month": "2022-02",
            "price": "14.39",
            "revenue": 23215
        },
        "2022-03": {
            "month": "2022-03",
            "price": "14.24",
            "revenue": 23979
        },
        "2022-04": {
            "month": "2022-04",
            "price": "14.06",
            "revenue": 23965
        },
        "2022-05": {
            "month": "2022-05",
            "price": "13.73",
            "revenue": 23304
        },
        "2022-06": {
            "month": "2022-06",
            "price": "14.16",
            "revenue": 23391
        },
        "2022-07": {
            "month": "2022-07",
            "price": "13.93",
            "revenue": 24195
        },
        "2022-08": {
            "month": "2022-08",
            "price": "14.12",
            "revenue": 23681
        },
        "2022-09": {
            "month": "2022-09",
            "price": "14.22",
            "revenue": 23422
        },
        "2022-10": {
            "month": "2022-10",
            "price": "14.15",
            "revenue": 24495
        },
        "2022-11": {
            "month": "2022-11",
            "price": "14.09",
            "revenue": 25418
        },
        "2022-12": {
            "month": "2022-12",
            "price": "14.18",
            "revenue": 27557
        },
        "2023-01": {
            "month": "2023-01",
            "price": "14.11",
            "revenue": 30339
        },
        "2023-02": {
            "month": "2023-02",
            "price": "14.49",
            "revenue": 32878
        },
        "2023-03": {
            "month": "2023-03",
            "price": "14.75",
            "revenue": 34678
        },
        "2023-04": {
            "month": "2023-04",
            "price": "14.90",
            "revenue": 35416
        }
    }
}
