{
    "summary": {
        "stock_name": "晶華",
        "stock_id": "2707",
        "category": "觀光",
        "main_business": "經營國際觀光旅館;附中西餐廳咖啡廳夜總<br>會酒吧會議廳健身房三溫暖商店等;停車場<br>經營;旅館管理;休閒育樂產業設施諮詢顧問",
        "website_url": "https://www.silkshotelgroup.com/tw/",
        "ceo": "吳偉正",
        "pe_ratio": 35,
        "report_year_from": 2001,
        "report_year_to": 2023,
        "age": 22,
        "eps_negative_percentage": 0,
        "eps_growth_avg": {
            "last_all": 8.12,
            "last_2y": -3.17,
            "last_4y": 3.5,
            "last_8y": -0.89,
            "last_12y": 0.27,
            "last_16y": 3.54,
            "last_20y": 8.12,
            "at_2006_last_3y": 17.39,
            "at_2007_last_3y": 31.02,
            "at_2008_last_3y": 21.75,
            "at_2009_last_3y": 14.17,
            "at_2010_last_3y": 20.64,
            "at_2011_last_3y": -4.6,
            "at_2012_last_3y": 2.4,
            "at_2013_last_3y": 2.9,
            "at_2014_last_3y": -3.15,
            "at_2015_last_3y": -4.65,
            "at_2016_last_3y": -9.96,
            "at_2017_last_3y": -6.38,
            "at_2018_last_3y": 3.45,
            "at_2019_last_3y": 4.68,
            "at_2020_last_3y": -3.16,
            "at_2021_last_3y": 19.01,
            "at_2022_last_3y": -2.89,
            "at_2023_last_3y": -2.89,
            "at_2006_last_all": 19.65,
            "at_2007_last_all": 33.04,
            "at_2008_last_all": 24.56,
            "at_2009_last_all": 20.86,
            "at_2010_last_all": 20.09,
            "at_2011_last_all": 17.98,
            "at_2012_last_all": 16.5,
            "at_2013_last_all": 14.87,
            "at_2014_last_all": 12.94,
            "at_2015_last_all": 11.52,
            "at_2016_last_all": 9.44,
            "at_2017_last_all": 9.56,
            "at_2018_last_all": 10.71,
            "at_2019_last_all": 10,
            "at_2020_last_all": 6.79,
            "at_2021_last_all": 11.45,
            "at_2022_last_all": 8.12,
            "at_2023_last_all": 8.12
        },
        "latest_eps": 7.95,
        "latest_price": 279.5,
        "latest_roe": 28.62,
        "latest_gross_margin": 37.48,
        "latest_equity": 3927156,
        "latest_revenue": 1738700,
        "latest_gross_profit": 651649,
        "latest_net_income": 387283,
        "latest_debt_ratio": 62.58,
        "latest_current_ratio": 121.7,
        "latest_account_receivable_turnover_ratio": 10.24,
        "latest_inventory_turnover_ratio": 31.22,
        "latest_reinvestment_rate": -14.46,
        "latest_research_to_sale_ratio": null
    },
    "eps_dividends": {
        "1995": {
            "cash": 0,
            "stock": 3,
            "eps": 0
        },
        "1996": {
            "cash": 0,
            "stock": 2,
            "eps": 0
        },
        "1997": {
            "cash": 0,
            "stock": 3,
            "eps": 0
        },
        "1998": {
            "cash": 0,
            "stock": 2,
            "eps": 0
        },
        "2000": {
            "cash": 1,
            "stock": 0,
            "eps": 0
        },
        "2001": {
            "cash": 0,
            "stock": 0,
            "eps": 1.64
        },
        "2002": {
            "cash": 1,
            "stock": 0,
            "eps": 2.11
        },
        "2003": {
            "cash": 4,
            "stock": 0,
            "eps": 3.07
        },
        "2004": {
            "cash": 2,
            "stock": 0,
            "eps": 3.4
        },
        "2005": {
            "cash": 3,
            "stock": 0,
            "eps": 4.26
        },
        "2006": {
            "cash": 4,
            "stock": 0,
            "eps": 3.75
        },
        "2007": {
            "cash": 13,
            "stock": 0,
            "eps": 14.39
        },
        "2008": {
            "cash": 15,
            "stock": 1,
            "eps": 10.6
        },
        "2009": {
            "cash": 11,
            "stock": 1,
            "eps": 10.07
        },
        "2010": {
            "cash": 9,
            "stock": 1,
            "eps": 11.47
        },
        "2011": {
            "cash": 20,
            "stock": 2,
            "eps": 11.36
        },
        "2012": {
            "cash": 0,
            "stock": 0,
            "eps": 11.55
        },
        "2013": {
            "cash": 9,
            "stock": 1,
            "eps": 11.2
        },
        "2014": {
            "cash": 8,
            "stock": 1,
            "eps": 10.05
        },
        "2015": {
            "cash": 10,
            "stock": 1,
            "eps": 9.35
        },
        "2016": {
            "cash": 9,
            "stock": 0,
            "eps": 7.52
        },
        "2017": {
            "cash": 8,
            "stock": 0,
            "eps": 8.37
        },
        "2018": {
            "cash": 7,
            "stock": 0,
            "eps": 10.8
        },
        "2019": {
            "cash": 17,
            "stock": 0,
            "eps": 10.58
        },
        "2020": {
            "cash": 4,
            "stock": 0,
            "eps": 5.19
        },
        "2021": {
            "cash": 4,
            "stock": 0,
            "eps": 17.09
        },
        "2022": {
            "cash": 12,
            "stock": 0,
            "eps": 7.08
        },
        "2023": {
            "cash": 9,
            "stock": 0,
            "eps": 2.84
        }
    },
    "dividends": {
        "1995-05-09": {
            "cash": 0,
            "stock": 2.5
        },
        "1996-03-27": {
            "cash": 0,
            "stock": 2
        },
        "1997-04-21": {
            "cash": 0,
            "stock": 2.5
        },
        "1998-05-21": {
            "cash": 0,
            "stock": 1.5
        },
        "2000-06-15": {
            "cash": 1,
            "stock": 0
        },
        "2002-06-11": {
            "cash": 0.96,
            "stock": 0
        },
        "2003-04-01": {
            "cash": 4.2,
            "stock": 0
        },
        "2004-02-18": {
            "cash": 2.49,
            "stock": 0
        },
        "2005-03-22": {
            "cash": 2.77,
            "stock": 0
        },
        "2006-03-01": {
            "cash": 3.87,
            "stock": 0
        },
        "2007-03-12": {
            "cash": 12.88,
            "stock": 0
        },
        "2008-04-16": {
            "cash": 14.63,
            "stock": 1
        },
        "2009-03-05": {
            "cash": 10.73,
            "stock": 1
        },
        "2010-03-24": {
            "cash": 8.7,
            "stock": 1
        },
        "2011-01-01": {
            "cash": 10.85,
            "stock": 1
        },
        "2011-02-24": {
            "cash": 9.44,
            "stock": 1
        },
        "2013-03-25": {
            "cash": 8.79,
            "stock": 1
        },
        "2014-06-17": {
            "cash": 8.27,
            "stock": 1
        },
        "2015-08-04": {
            "cash": 9.51,
            "stock": 0.84
        },
        "2016-08-02": {
            "cash": 8.87,
            "stock": 0
        },
        "2017-08-15": {
            "cash": 8.17,
            "stock": 0
        },
        "2018-08-15": {
            "cash": 6.91,
            "stock": 0
        },
        "2019-08-08": {
            "cash": 11.08,
            "stock": 0
        },
        "2019-10-03": {
            "cash": 6.12,
            "stock": 0
        },
        "2020-08-06": {
            "cash": 3.92,
            "stock": 0
        },
        "2021-10-15": {
            "cash": 4.39,
            "stock": 0
        },
        "2022-07-07": {
            "cash": 12.39,
            "stock": 0
        },
        "2023-03-20": {
            "cash": 9.01,
            "stock": 0
        }
    },
    "prices": {
        "200101": "21.07",
        "200102": "19.44",
        "200103": "18.31",
        "200104": "16.68",
        "200105": "14.89",
        "200106": "15.46",
        "200107": "15.96",
        "200108": "15.49",
        "200109": "14.70",
        "200110": "14.22",
        "200111": "14.39",
        "200112": "15.33",
        "200201": "15.14",
        "200202": "15.29",
        "200203": "16.73",
        "200204": "19.38",
        "200205": "18.25",
        "200206": "19.58",
        "200207": "18.25",
        "200208": "17.76",
        "200209": "18.74",
        "200210": "19.58",
        "200211": "29.90",
        "200212": "29.66",
        "200301": "30.25",
        "200302": "32.04",
        "200303": "36.04",
        "200304": "31.60",
        "200305": "25.14",
        "200306": "28.31",
        "200307": "28.25",
        "200308": "28.97",
        "200309": "29.55",
        "200310": "33.68",
        "200311": "36.13",
        "200312": "36.53",
        "200401": "38.94",
        "200402": "43.26",
        "200403": "44.09",
        "200404": "42.84",
        "200405": "38.95",
        "200406": "36.42",
        "200407": "36.60",
        "200408": "37.24",
        "200409": "38.14",
        "200410": "38.39",
        "200411": "37.90",
        "200412": "37.87",
        "200501": "39.10",
        "200502": "38.86",
        "200503": "41.25",
        "200504": "40.35",
        "200505": "46.70",
        "200506": "53.36",
        "200507": "53.51",
        "200508": "53.72",
        "200509": "51.60",
        "200510": "51.46",
        "200511": "52.55",
        "200512": "62.00",
        "200601": "63.93",
        "200602": "63.39",
        "200603": "63.44",
        "200604": "71.43",
        "200605": "78.97",
        "200606": "81.10",
        "200607": "79.63",
        "200608": "87.29",
        "200609": "89.28",
        "200610": "90.78",
        "200611": "90.60",
        "200612": "97.82",
        "200701": "103.59",
        "200702": "392.14",
        "200703": "371.41",
        "200704": "365.40",
        "200705": "336.38",
        "200706": "334.60",
        "200707": "343.02",
        "200708": "287.70",
        "200709": "263.06",
        "200710": "313.73",
        "200711": "312.80",
        "200712": "293.19",
        "200801": "325.50",
        "200802": "400.18",
        "200803": "465.31",
        "200804": "527.90",
        "200805": "589.38",
        "200806": "641.95",
        "200807": "481.95",
        "200808": "480.62",
        "200809": "389.71",
        "200810": "240.57",
        "200811": "235.35",
        "200812": "295.52",
        "200901": "314.53",
        "200902": "278.80",
        "200903": "302.41",
        "200904": "390.82",
        "200905": "456.94",
        "200906": "453.41",
        "200907": "449.87",
        "200908": "403.42",
        "200909": "404.25",
        "200910": "407.68",
        "200911": "409.36",
        "200912": "408.35",
        "201001": "392.20",
        "201002": "345.64",
        "201003": "345.80",
        "201004": "370.69",
        "201005": "350.40",
        "201006": "387.26",
        "201007": "450.86",
        "201008": "510.05",
        "201009": "515.86",
        "201010": "521.05",
        "201011": "482.09",
        "201012": "510.91",
        "201101": "491.78",
        "201102": "496.07",
        "201103": "476.89",
        "201104": "515.05",
        "201105": "537.57",
        "201106": "545.48",
        "201107": "515.90",
        "201108": "460.70",
        "201109": "436.24",
        "201110": "433.12",
        "201111": "438.75",
        "201112": "391.89",
        "201201": "387.83",
        "201202": "448.40",
        "201203": "444.20",
        "201204": "403.42",
        "201205": "367.89",
        "201206": "322.05",
        "201207": "301.45",
        "201208": "330.41",
        "201209": "338.60",
        "201210": "335.64",
        "201211": "327.93",
        "201212": "365.43",
        "201301": "366.64",
        "201302": "364.88",
        "201303": "350.64",
        "201304": "324.08",
        "201305": "339.43",
        "201306": "352.95",
        "201307": "378.41",
        "201308": "349.64",
        "201309": "339.98",
        "201310": "337.61",
        "201311": "336.31",
        "201312": "336.52",
        "201401": "334.72",
        "201402": "333.91",
        "201403": "349.93",
        "201404": "366.17",
        "201405": "354.43",
        "201406": "358.82",
        "201407": "363.18",
        "201408": "340.55",
        "201409": "331.29",
        "201410": "314.61",
        "201411": "321.45",
        "201412": "319.29",
        "201501": "322.65",
        "201502": "321.23",
        "201503": "328.59",
        "201504": "328.68",
        "201505": "311.22",
        "201506": "269.07",
        "201507": "243.02",
        "201508": "218.31",
        "201509": "218.48",
        "201510": "219.00",
        "201511": "226.79",
        "201512": "224.00",
        "201601": "218.48",
        "201602": "214.85",
        "201603": "209.83",
        "201604": "191.66",
        "201605": "192.31",
        "201606": "185.55",
        "201607": "187.12",
        "201608": "180.59",
        "201609": "180.45",
        "201610": "177.85",
        "201611": "172.98",
        "201612": "169.45",
        "201701": "168.09",
        "201702": "170.69",
        "201703": "163.52",
        "201704": "155.83",
        "201705": "156.60",
        "201706": "160.30",
        "201707": "163.24",
        "201708": "154.26",
        "201709": "154.45",
        "201710": "152.87",
        "201711": "151.39",
        "201712": "153.93",
        "201801": "155.14",
        "201802": "152.27",
        "201803": "151.67",
        "201804": "153.86",
        "201805": "152.70",
        "201806": "150.80",
        "201807": "147.73",
        "201808": "140.80",
        "201809": "137.18",
        "201810": "134.14",
        "201811": "139.45",
        "201812": "139.00",
        "201901": "135.12",
        "201902": "136.96",
        "201903": "138.78",
        "201904": "155.85",
        "201905": "158.16",
        "201906": "182.24",
        "201907": "182.04",
        "201908": "158.40",
        "201909": "161.11",
        "201910": "157.31",
        "201911": "163.74",
        "201912": "169.32",
        "202001": "165.90",
        "202002": "150.63",
        "202003": "126.79",
        "202004": "122.95",
        "202005": "142.25",
        "202006": "154.00",
        "202007": "143.67",
        "202008": "132.83",
        "202009": "132.41",
        "202010": "129.97",
        "202011": "135.81",
        "202012": "137.85",
        "202101": "130.65",
        "202102": "139.77",
        "202103": "154.89",
        "202104": "151.82",
        "202105": "137.45",
        "202106": "145.07",
        "202107": "151.14",
        "202108": "146.09",
        "202109": "143.42",
        "202110": "149.50",
        "202111": "152.91",
        "202112": "149.45",
        "202201": "146.11",
        "202202": "163.23",
        "202203": "168.04",
        "202204": "173.84",
        "202205": "165.83",
        "202206": "170.33",
        "202207": "168.26",
        "202208": "167.26",
        "202209": "179.38",
        "202210": "183.88",
        "202211": "192.70",
        "202212": "255.61",
        "202301": "244.73",
        "202302": "270.17",
        "202303": "283.48",
        "202304": "283.50",
        "202305": "281.85"
    },
    "quarters": {
        "20011": {
            "year_quarter": 20011,
            "year": 2001,
            "quarter": 1,
            "eps": 0.44,
            "eps_growth_year": 7.32,
            "eps_4q": 2.12,
            "eps_4q_growth_year": 50.45,
            "roe": 3.66,
            "roe_4q": 3.66,
            "gross_profit": 287630,
            "gross_margin": 44.71,
            "gross_margin_4q_avg": 44.71,
            "net_income": 188920,
            "revenue": 643303,
            "common_shares": 4312500,
            "book_valuer_per_share": 12.41,
            "book_valuer_per_share_4q_avg": 12.41,
            "equity": 5352954,
            "current_ratio": 355.58,
            "debt_ratio": 13.51,
            "inventory_turnover_ratio": 21.73,
            "account_receivable_turnover_ratio": null,
            "reinvestment_rate": null,
            "research_to_sale_ratio": null,
            "price_fair": 0,
            "eps_avg_yearly": 0,
            "eps_latest_yearly": 0,
            "eps_growth_yearly": 0
        },
        "20012": {
            "year_quarter": 20012,
            "year": 2001,
            "quarter": 2,
            "eps": 0.44,
            "eps_growth_year": -49.43,
            "eps_4q": 1.68,
            "eps_4q_growth_year": -10.99,
            "roe": 3.74,
            "roe_4q": 7.4,
            "gross_profit": 287232,
            "gross_margin": 46.55,
            "gross_margin_4q_avg": 45.63,
            "net_income": 189693,
            "revenue": 617105,
            "common_shares": 4312500,
            "book_valuer_per_share": 11.13,
            "book_valuer_per_share_4q_avg": 11.77,
            "equity": 4797672,
            "current_ratio": 294.55,
            "debt_ratio": 13.76,
            "inventory_turnover_ratio": 26.75,
            "account_receivable_turnover_ratio": null,
            "reinvestment_rate": null,
            "research_to_sale_ratio": null,
            "price_fair": 0,
            "eps_avg_yearly": 0,
            "eps_latest_yearly": 0,
            "eps_growth_yearly": 0
        },
        "20013": {
            "year_quarter": 20013,
            "year": 2001,
            "quarter": 3,
            "eps": 0.29,
            "eps_growth_year": 61.11,
            "eps_4q": 1.8,
            "eps_4q_growth_year": 14.51,
            "roe": 2.57,
            "roe_4q": 9.97,
            "gross_profit": 224060,
            "gross_margin": 42.53,
            "gross_margin_4q_avg": 44.6,
            "net_income": 123924,
            "revenue": 526857,
            "common_shares": 4312500,
            "book_valuer_per_share": 11.26,
            "book_valuer_per_share_4q_avg": 11.6,
            "equity": 4856169,
            "current_ratio": 381.55,
            "debt_ratio": 12.22,
            "inventory_turnover_ratio": 26.48,
            "account_receivable_turnover_ratio": null,
            "reinvestment_rate": null,
            "research_to_sale_ratio": null,
            "price_fair": 0,
            "eps_avg_yearly": 0,
            "eps_latest_yearly": 0,
            "eps_growth_yearly": 0
        },
        "20014": {
            "year_quarter": 20014,
            "year": 2001,
            "quarter": 4,
            "eps": 0.47,
            "eps_growth_year": -24.19,
            "eps_4q": 1.63,
            "eps_4q_growth_year": -21.13,
            "roe": 4.17,
            "roe_4q": 14.14,
            "gross_profit": 269111,
            "gross_margin": 47.55,
            "gross_margin_4q_avg": 45.34,
            "net_income": 202793,
            "revenue": 565992,
            "common_shares": 4312500,
            "book_valuer_per_share": 10.67,
            "book_valuer_per_share_4q_avg": 11.37,
            "equity": 4874247,
            "current_ratio": 210.03,
            "debt_ratio": 18.56,
            "inventory_turnover_ratio": 23.94,
            "account_receivable_turnover_ratio": null,
            "reinvestment_rate": null,
            "research_to_sale_ratio": null,
            "price_fair": 0,
            "eps_avg_yearly": 0,
            "eps_latest_yearly": 0,
            "eps_growth_yearly": 0
        },
        "20021": {
            "year_quarter": 20021,
            "year": 2002,
            "quarter": 1,
            "eps": 0.5,
            "eps_growth_year": 13.64,
            "eps_4q": 2.01,
            "eps_4q_growth_year": -5.36,
            "roe": 3.84,
            "roe_4q": 14.32,
            "gross_profit": 289535,
            "gross_margin": 49.83,
            "gross_margin_4q_avg": 46.62,
            "net_income": 171293,
            "revenue": 581034,
            "common_shares": 4312500,
            "book_valuer_per_share": 9.4,
            "book_valuer_per_share_4q_avg": 10.62,
            "equity": 4051951,
            "current_ratio": 440.01,
            "debt_ratio": 15.3,
            "inventory_turnover_ratio": 24.36,
            "account_receivable_turnover_ratio": null,
            "reinvestment_rate": null,
            "research_to_sale_ratio": null,
            "price_fair": 70,
            "eps_avg_yearly": 2,
            "eps_latest_yearly": 2,
            "eps_growth_yearly": 25.53
        },
        "20022": {
            "year_quarter": 20022,
            "year": 2002,
            "quarter": 2,
            "eps": 0.44,
            "eps_growth_year": 0,
            "eps_4q": 1.89,
            "eps_4q_growth_year": 12.17,
            "roe": 3.87,
            "roe_4q": 14.45,
            "gross_profit": 265918,
            "gross_margin": 47.62,
            "gross_margin_4q_avg": 46.88,
            "net_income": 151545,
            "revenue": 558372,
            "common_shares": 4312500,
            "book_valuer_per_share": 8.78,
            "book_valuer_per_share_4q_avg": 10.03,
            "equity": 3785977,
            "current_ratio": 235.69,
            "debt_ratio": 22.68,
            "inventory_turnover_ratio": 30.51,
            "account_receivable_turnover_ratio": null,
            "reinvestment_rate": null,
            "research_to_sale_ratio": null,
            "price_fair": 5.64,
            "eps_avg_yearly": 1.88,
            "eps_latest_yearly": 1.76,
            "eps_growth_yearly": -11.23
        },
        "20023": {
            "year_quarter": 20023,
            "year": 2002,
            "quarter": 3,
            "eps": 0.47,
            "eps_growth_year": 62.07,
            "eps_4q": 2.03,
            "eps_4q_growth_year": 12.69,
            "roe": 5.21,
            "roe_4q": 17.09,
            "gross_profit": 234019,
            "gross_margin": 45.71,
            "gross_margin_4q_avg": 47.68,
            "net_income": 158017,
            "revenue": 511994,
            "common_shares": 2156250,
            "book_valuer_per_share": 10.57,
            "book_valuer_per_share_4q_avg": 9.86,
            "equity": 2279645,
            "current_ratio": 102.67,
            "debt_ratio": 55.05,
            "inventory_turnover_ratio": 30.47,
            "account_receivable_turnover_ratio": null,
            "reinvestment_rate": null,
            "research_to_sale_ratio": null,
            "price_fair": 21.81,
            "eps_avg_yearly": 1.88,
            "eps_latest_yearly": 1.88,
            "eps_growth_yearly": 1.6
        },
        "20024": {
            "year_quarter": 20024,
            "year": 2002,
            "quarter": 4,
            "eps": 0.7,
            "eps_growth_year": 48.94,
            "eps_4q": 2.32,
            "eps_4q_growth_year": 42.12,
            "roe": 7.27,
            "roe_4q": 20.19,
            "gross_profit": 282322,
            "gross_margin": 48.76,
            "gross_margin_4q_avg": 47.98,
            "net_income": 207359,
            "revenue": 578968,
            "common_shares": 2156250,
            "book_valuer_per_share": 14.72,
            "book_valuer_per_share_4q_avg": 10.87,
            "equity": 3428692,
            "current_ratio": 297.46,
            "debt_ratio": 23.04,
            "inventory_turnover_ratio": 25.9,
            "account_receivable_turnover_ratio": null,
            "reinvestment_rate": -23.06,
            "research_to_sale_ratio": null,
            "price_fair": 73.85,
            "eps_avg_yearly": 2.11,
            "eps_latest_yearly": 2.8,
            "eps_growth_yearly": 50.14
        },
        "20031": {
            "year_quarter": 20031,
            "year": 2003,
            "quarter": 1,
            "eps": 0.88,
            "eps_growth_year": 76,
            "eps_4q": 3.49,
            "eps_4q_growth_year": 73.77,
            "roe": 5.15,
            "roe_4q": 21.5,
            "gross_profit": 272842,
            "gross_margin": 48.85,
            "gross_margin_4q_avg": 47.74,
            "net_income": 174402,
            "revenue": 558539,
            "common_shares": 2156250,
            "book_valuer_per_share": 15.53,
            "book_valuer_per_share_4q_avg": 12.4,
            "equity": 3347999,
            "current_ratio": 579.06,
            "debt_ratio": 17.84,
            "inventory_turnover_ratio": 24.49,
            "account_receivable_turnover_ratio": null,
            "reinvestment_rate": -11.67,
            "research_to_sale_ratio": null,
            "price_fair": 83.72,
            "eps_avg_yearly": 2.39,
            "eps_latest_yearly": 3.52,
            "eps_growth_yearly": 60.68
        },
        "20032": {
            "year_quarter": 20032,
            "year": 2003,
            "quarter": 2,
            "eps": 0.32,
            "eps_growth_year": -27.27,
            "eps_4q": 3,
            "eps_4q_growth_year": 59.24,
            "roe": 2.18,
            "roe_4q": 19.81,
            "gross_profit": 122425,
            "gross_margin": 40.18,
            "gross_margin_4q_avg": 45.88,
            "net_income": 64376,
            "revenue": 304722,
            "common_shares": 2156250,
            "book_valuer_per_share": 11.88,
            "book_valuer_per_share_4q_avg": 13.18,
            "equity": 2561722,
            "current_ratio": 515.36,
            "debt_ratio": 18.28,
            "inventory_turnover_ratio": 21.33,
            "account_receivable_turnover_ratio": null,
            "reinvestment_rate": -10.26,
            "research_to_sale_ratio": null,
            "price_fair": 40.04,
            "eps_avg_yearly": 2.21,
            "eps_latest_yearly": 1.28,
            "eps_growth_yearly": 8.14
        },
        "20033": {
            "year_quarter": 20033,
            "year": 2003,
            "quarter": 3,
            "eps": 0.78,
            "eps_growth_year": 65.96,
            "eps_4q": 3.03,
            "eps_4q_growth_year": 48.83,
            "roe": 5.87,
            "roe_4q": 20.47,
            "gross_profit": 231473,
            "gross_margin": 47.54,
            "gross_margin_4q_avg": 46.33,
            "net_income": 154917,
            "revenue": 486935,
            "common_shares": 2156250,
            "book_valuer_per_share": 12.59,
            "book_valuer_per_share_4q_avg": 13.68,
            "equity": 2715603,
            "current_ratio": 549.54,
            "debt_ratio": 17.57,
            "inventory_turnover_ratio": 33.02,
            "account_receivable_turnover_ratio": null,
            "reinvestment_rate": -10.11,
            "research_to_sale_ratio": null,
            "price_fair": 81.8,
            "eps_avg_yearly": 2.34,
            "eps_latest_yearly": 3.12,
            "eps_growth_yearly": 89.12
        },
        "20034": {
            "year_quarter": 20034,
            "year": 2003,
            "quarter": 4,
            "eps": 1.09,
            "eps_growth_year": 55.71,
            "eps_4q": 3.07,
            "eps_4q_growth_year": 31.99,
            "roe": 7.35,
            "roe_4q": 20.549999999999997,
            "gross_profit": 285314,
            "gross_margin": 50.37,
            "gross_margin_4q_avg": 46.74,
            "net_income": 217130,
            "revenue": 566437,
            "common_shares": 2156250,
            "book_valuer_per_share": 13.59,
            "book_valuer_per_share_4q_avg": 13.4,
            "equity": 3190024,
            "current_ratio": 299.55,
            "debt_ratio": 22.16,
            "inventory_turnover_ratio": 27.08,
            "account_receivable_turnover_ratio": null,
            "reinvestment_rate": -14.13,
            "research_to_sale_ratio": null,
            "price_fair": 90.65,
            "eps_avg_yearly": 2.59,
            "eps_latest_yearly": 4.36,
            "eps_growth_yearly": 97.85
        },
        "20041": {
            "year_quarter": 20041,
            "year": 2004,
            "quarter": 1,
            "eps": 0.81,
            "eps_growth_year": -7.95,
            "eps_4q": 2.99,
            "eps_4q_growth_year": -14.16,
            "roe": 5.15,
            "roe_4q": 20.55,
            "gross_profit": 258078,
            "gross_margin": 45.55,
            "gross_margin_4q_avg": 45.91,
            "net_income": 161837,
            "revenue": 566630,
            "common_shares": 2156250,
            "book_valuer_per_share": 14.33,
            "book_valuer_per_share_4q_avg": 13.1,
            "equity": 3088932,
            "current_ratio": 331.56,
            "debt_ratio": 19.2,
            "inventory_turnover_ratio": 26.72,
            "account_receivable_turnover_ratio": null,
            "reinvestment_rate": -0.96,
            "research_to_sale_ratio": null,
            "price_fair": 93.18,
            "eps_avg_yearly": 2.66,
            "eps_latest_yearly": 3.24,
            "eps_growth_yearly": 75.56
        },
        "20042": {
            "year_quarter": 20042,
            "year": 2004,
            "quarter": 2,
            "eps": 0.88,
            "eps_growth_year": 175,
            "eps_4q": 3.57,
            "eps_4q_growth_year": 19.03,
            "roe": 5.96,
            "roe_4q": 24.330000000000002,
            "gross_profit": 277431,
            "gross_margin": 47.21,
            "gross_margin_4q_avg": 47.67,
            "net_income": 174358,
            "revenue": 587690,
            "common_shares": 2156250,
            "book_valuer_per_share": 12.81,
            "book_valuer_per_share_4q_avg": 13.33,
            "equity": 2761734,
            "current_ratio": 254.11,
            "debt_ratio": 19.73,
            "inventory_turnover_ratio": 31.63,
            "account_receivable_turnover_ratio": null,
            "reinvestment_rate": 0.67,
            "research_to_sale_ratio": null,
            "price_fair": 96.18,
            "eps_avg_yearly": 2.75,
            "eps_latest_yearly": 3.52,
            "eps_growth_yearly": 71.47
        },
        "20043": {
            "year_quarter": 20043,
            "year": 2004,
            "quarter": 3,
            "eps": 0.77,
            "eps_growth_year": -1.28,
            "eps_4q": 3.57,
            "eps_4q_growth_year": 17.91,
            "roe": 5.36,
            "roe_4q": 23.82,
            "gross_profit": 259412,
            "gross_margin": 45.43,
            "gross_margin_4q_avg": 47.14,
            "net_income": 152252,
            "revenue": 571059,
            "common_shares": 2156250,
            "book_valuer_per_share": 13.53,
            "book_valuer_per_share_4q_avg": 13.57,
            "equity": 2917609,
            "current_ratio": 319.74,
            "debt_ratio": 18.2,
            "inventory_turnover_ratio": 32.38,
            "account_receivable_turnover_ratio": null,
            "reinvestment_rate": 0.13,
            "research_to_sale_ratio": null,
            "price_fair": 97.24,
            "eps_avg_yearly": 2.78,
            "eps_latest_yearly": 3.08,
            "eps_growth_yearly": 60.42
        },
        "20044": {
            "year_quarter": 20044,
            "year": 2004,
            "quarter": 4,
            "eps": 0.94,
            "eps_growth_year": -13.76,
            "eps_4q": 3.4,
            "eps_4q_growth_year": 10.85,
            "roe": 5.96,
            "roe_4q": 22.43,
            "gross_profit": 312696,
            "gross_margin": 47.98,
            "gross_margin_4q_avg": 46.54,
            "net_income": 186711,
            "revenue": 651693,
            "common_shares": 2156250,
            "book_valuer_per_share": 14.39,
            "book_valuer_per_share_4q_avg": 13.77,
            "equity": 3346356,
            "current_ratio": 244.91,
            "debt_ratio": 22.72,
            "inventory_turnover_ratio": 30.33,
            "account_receivable_turnover_ratio": null,
            "reinvestment_rate": -11.24,
            "research_to_sale_ratio": null,
            "price_fair": 100.1,
            "eps_avg_yearly": 2.86,
            "eps_latest_yearly": 3.76,
            "eps_growth_yearly": 62.75
        },
        "20051": {
            "year_quarter": 20051,
            "year": 2005,
            "quarter": 1,
            "eps": 1.1,
            "eps_growth_year": 35.8,
            "eps_4q": 3.68,
            "eps_4q_growth_year": 22.74,
            "roe": 6.6,
            "roe_4q": 23.88,
            "gross_profit": 339343,
            "gross_margin": 49.63,
            "gross_margin_4q_avg": 47.56,
            "net_income": 219272,
            "revenue": 683761,
            "common_shares": 2156250,
            "book_valuer_per_share": 15.31,
            "book_valuer_per_share_4q_avg": 14.01,
            "equity": 3300714,
            "current_ratio": 345.81,
            "debt_ratio": 19.97,
            "inventory_turnover_ratio": 33.02,
            "account_receivable_turnover_ratio": null,
            "reinvestment_rate": -0.56,
            "research_to_sale_ratio": null,
            "price_fair": 104.25,
            "eps_avg_yearly": 2.98,
            "eps_latest_yearly": 4.4,
            "eps_growth_yearly": 63.16
        },
        "20052": {
            "year_quarter": 20052,
            "year": 2005,
            "quarter": 2,
            "eps": 1.09,
            "eps_growth_year": 23.86,
            "eps_4q": 3.89,
            "eps_4q_growth_year": 8.9,
            "roe": 6.79,
            "roe_4q": 24.71,
            "gross_profit": 332889,
            "gross_margin": 48.52,
            "gross_margin_4q_avg": 47.89,
            "net_income": 217097,
            "revenue": 686114,
            "common_shares": 2156250,
            "book_valuer_per_share": 14.33,
            "book_valuer_per_share_4q_avg": 14.39,
            "equity": 3089699,
            "current_ratio": 288.98,
            "debt_ratio": 19.93,
            "inventory_turnover_ratio": 39.34,
            "account_receivable_turnover_ratio": null,
            "reinvestment_rate": -0.95,
            "research_to_sale_ratio": null,
            "price_fair": 107.7,
            "eps_avg_yearly": 3.08,
            "eps_latest_yearly": 4.36,
            "eps_growth_yearly": 58.39
        },
        "20053": {
            "year_quarter": 20053,
            "year": 2005,
            "quarter": 3,
            "eps": 0.86,
            "eps_growth_year": 11.69,
            "eps_4q": 3.96,
            "eps_4q_growth_year": 10.99,
            "roe": 5.4,
            "roe_4q": 24.75,
            "gross_profit": 271970,
            "gross_margin": 44.25,
            "gross_margin_4q_avg": 47.6,
            "net_income": 172829,
            "revenue": 614567,
            "common_shares": 2156250,
            "book_valuer_per_share": 15.37,
            "book_valuer_per_share_4q_avg": 14.85,
            "equity": 3313955,
            "current_ratio": 379.68,
            "debt_ratio": 17.56,
            "inventory_turnover_ratio": 35.21,
            "account_receivable_turnover_ratio": null,
            "reinvestment_rate": -1.22,
            "research_to_sale_ratio": null,
            "price_fair": 108.55,
            "eps_avg_yearly": 3.1,
            "eps_latest_yearly": 3.44,
            "eps_growth_yearly": 48.87
        },
        "20054": {
            "year_quarter": 20054,
            "year": 2005,
            "quarter": 4,
            "eps": 1.21,
            "eps_growth_year": 28.72,
            "eps_4q": 4.23,
            "eps_4q_growth_year": 24.43,
            "roe": 6.19,
            "roe_4q": 24.979999999999997,
            "gross_profit": 327919,
            "gross_margin": 47.32,
            "gross_margin_4q_avg": 47.43,
            "net_income": 244116,
            "revenue": 693010,
            "common_shares": 2156250,
            "book_valuer_per_share": 20.08,
            "book_valuer_per_share_4q_avg": 16.27,
            "equity": 4570057,
            "current_ratio": 458.53,
            "debt_ratio": 17.81,
            "inventory_turnover_ratio": 34.62,
            "account_receivable_turnover_ratio": null,
            "reinvestment_rate": -10.33,
            "research_to_sale_ratio": null,
            "price_fair": 112.35,
            "eps_avg_yearly": 3.21,
            "eps_latest_yearly": 4.84,
            "eps_growth_yearly": 55.99
        },
        "20061": {
            "year_quarter": 20061,
            "year": 2006,
            "quarter": 1,
            "eps": 1.03,
            "eps_growth_year": -6.36,
            "eps_4q": 3.97,
            "eps_4q_growth_year": 7.99,
            "roe": 4.88,
            "roe_4q": 23.259999999999998,
            "gross_profit": 327342,
            "gross_margin": 48.71,
            "gross_margin_4q_avg": 47.2,
            "net_income": 222234,
            "revenue": 672088,
            "common_shares": 2156250,
            "book_valuer_per_share": 21.08,
            "book_valuer_per_share_4q_avg": 17.72,
            "equity": 4545636,
            "current_ratio": 494.11,
            "debt_ratio": 15.44,
            "inventory_turnover_ratio": 33.73,
            "account_receivable_turnover_ratio": null,
            "reinvestment_rate": -0.68,
            "research_to_sale_ratio": null,
            "price_fair": 116.99,
            "eps_avg_yearly": 3.34,
            "eps_latest_yearly": 4.12,
            "eps_growth_yearly": 50.67
        },
        "20062": {
            "year_quarter": 20062,
            "year": 2006,
            "quarter": 2,
            "eps": 0.94,
            "eps_growth_year": -13.76,
            "eps_4q": 3.9,
            "eps_4q_growth_year": 0.09,
            "roe": 4.8,
            "roe_4q": 21.270000000000003,
            "gross_profit": 324558,
            "gross_margin": 48.44,
            "gross_margin_4q_avg": 47.18,
            "net_income": 203231,
            "revenue": 669959,
            "common_shares": 2156250,
            "book_valuer_per_share": 18.15,
            "book_valuer_per_share_4q_avg": 18.67,
            "equity": 3913728,
            "current_ratio": 430.14,
            "debt_ratio": 15.87,
            "inventory_turnover_ratio": 38.39,
            "account_receivable_turnover_ratio": null,
            "reinvestment_rate": -0.2,
            "research_to_sale_ratio": null,
            "price_fair": 121.36,
            "eps_avg_yearly": 3.47,
            "eps_latest_yearly": 3.76,
            "eps_growth_yearly": 51.49
        },
        "20063": {
            "year_quarter": 20063,
            "year": 2006,
            "quarter": 3,
            "eps": 0.73,
            "eps_growth_year": -15.12,
            "eps_4q": 3.83,
            "eps_4q_growth_year": -3.34,
            "roe": 3.95,
            "roe_4q": 19.82,
            "gross_profit": 250301,
            "gross_margin": 42.45,
            "gross_margin_4q_avg": 46.73,
            "net_income": 157771,
            "revenue": 589627,
            "common_shares": 2156250,
            "book_valuer_per_share": 18.87,
            "book_valuer_per_share_4q_avg": 19.55,
            "equity": 4068734,
            "current_ratio": 724.94,
            "debt_ratio": 13.84,
            "inventory_turnover_ratio": 37.43,
            "account_receivable_turnover_ratio": null,
            "reinvestment_rate": 0.24,
            "research_to_sale_ratio": null,
            "price_fair": 123.64,
            "eps_avg_yearly": 3.53,
            "eps_latest_yearly": 2.92,
            "eps_growth_yearly": 44.2
        },
        "20064": {
            "year_quarter": 20064,
            "year": 2006,
            "quarter": 4,
            "eps": 1.05,
            "eps_growth_year": -13.22,
            "eps_4q": 3.98,
            "eps_4q_growth_year": -5.86,
            "roe": 5.96,
            "roe_4q": 19.59,
            "gross_profit": 324218,
            "gross_margin": 45.33,
            "gross_margin_4q_avg": 46.23,
            "net_income": 208876,
            "revenue": 715202,
            "common_shares": 600000,
            "book_valuer_per_share": 45.17,
            "book_valuer_per_share_4q_avg": 25.82,
            "equity": 2943702,
            "current_ratio": 132.22,
            "debt_ratio": 45.8,
            "inventory_turnover_ratio": 32.33,
            "account_receivable_turnover_ratio": null,
            "reinvestment_rate": -4.64,
            "research_to_sale_ratio": null,
            "price_fair": 126.7,
            "eps_avg_yearly": 3.62,
            "eps_latest_yearly": 4.2,
            "eps_growth_yearly": 42.92
        },
        "20071": {
            "year_quarter": 20071,
            "year": 2007,
            "quarter": 1,
            "eps": 3.61,
            "eps_growth_year": 250.49,
            "eps_4q": 13.1,
            "eps_4q_growth_year": 230.16,
            "roe": 7.37,
            "roe_4q": 22.080000000000002,
            "gross_profit": 328627,
            "gross_margin": 45.74,
            "gross_margin_4q_avg": 45.49,
            "net_income": 216718,
            "revenue": 718469,
            "common_shares": 600000,
            "book_valuer_per_share": 48.96,
            "book_valuer_per_share_4q_avg": 32.79,
            "equity": 2937831,
            "current_ratio": 165.93,
            "debt_ratio": 21.9,
            "inventory_turnover_ratio": 29.22,
            "account_receivable_turnover_ratio": null,
            "reinvestment_rate": 2.57,
            "research_to_sale_ratio": null,
            "price_fair": 150.59,
            "eps_avg_yearly": 4.3,
            "eps_latest_yearly": 14.44,
            "eps_growth_yearly": 97.45
        },
        "20072": {
            "year_quarter": 20072,
            "year": 2007,
            "quarter": 2,
            "eps": 3.64,
            "eps_growth_year": 287.23,
            "eps_4q": 13.36,
            "eps_4q_growth_year": 243,
            "roe": 8.26,
            "roe_4q": 25.54,
            "gross_profit": 344510,
            "gross_margin": 47.34,
            "gross_margin_4q_avg": 45.22,
            "net_income": 218360,
            "revenue": 727752,
            "common_shares": 600000,
            "book_valuer_per_share": 39.11,
            "book_valuer_per_share_4q_avg": 38.03,
            "equity": 2346531,
            "current_ratio": 78.64,
            "debt_ratio": 26.28,
            "inventory_turnover_ratio": 33.89,
            "account_receivable_turnover_ratio": null,
            "reinvestment_rate": 2.52,
            "research_to_sale_ratio": null,
            "price_fair": 179.64,
            "eps_avg_yearly": 5.13,
            "eps_latest_yearly": 14.56,
            "eps_growth_yearly": 113.56
        },
        "20073": {
            "year_quarter": 20073,
            "year": 2007,
            "quarter": 3,
            "eps": 2.72,
            "eps_growth_year": 272.6,
            "eps_4q": 13.46,
            "eps_4q_growth_year": 251.65,
            "roe": 6.67,
            "roe_4q": 28.26,
            "gross_profit": 277867,
            "gross_margin": 42.8,
            "gross_margin_4q_avg": 45.3,
            "net_income": 163061,
            "revenue": 649192,
            "common_shares": 600000,
            "book_valuer_per_share": 42.36,
            "book_valuer_per_share_4q_avg": 43.9,
            "equity": 2541899,
            "current_ratio": 96.64,
            "debt_ratio": 24.58,
            "inventory_turnover_ratio": 30.68,
            "account_receivable_turnover_ratio": null,
            "reinvestment_rate": 2.29,
            "research_to_sale_ratio": null,
            "price_fair": 196.61,
            "eps_avg_yearly": 5.62,
            "eps_latest_yearly": 10.88,
            "eps_growth_yearly": 71.31
        },
        "20074": {
            "year_quarter": 20074,
            "year": 2007,
            "quarter": 4,
            "eps": 4.42,
            "eps_growth_year": 320.95,
            "eps_4q": 14.4,
            "eps_4q_growth_year": 261.53,
            "roe": 9.5,
            "roe_4q": 31.8,
            "gross_profit": 357773,
            "gross_margin": 46.08,
            "gross_margin_4q_avg": 45.49,
            "net_income": 265018,
            "revenue": 776480,
            "common_shares": 600000,
            "book_valuer_per_share": 46.93,
            "book_valuer_per_share_4q_avg": 44.34,
            "equity": 3036656,
            "current_ratio": 120.24,
            "debt_ratio": 27.56,
            "inventory_turnover_ratio": 16.95,
            "account_receivable_turnover_ratio": null,
            "reinvestment_rate": 0.78,
            "research_to_sale_ratio": null,
            "price_fair": 225.75,
            "eps_avg_yearly": 6.45,
            "eps_latest_yearly": 17.68,
            "eps_growth_yearly": 77
        },
        "20081": {
            "year_quarter": 20081,
            "year": 2008,
            "quarter": 1,
            "eps": 3.68,
            "eps_growth_year": 1.94,
            "eps_4q": 14.76,
            "eps_4q_growth_year": 12.64,
            "roe": 6.84,
            "roe_4q": 31.269999999999996,
            "gross_profit": 513890,
            "gross_margin": 47.08,
            "gross_margin_4q_avg": 45.83,
            "net_income": 216178,
            "revenue": 1091538,
            "common_shares": 600000,
            "book_valuer_per_share": 51.05,
            "book_valuer_per_share_4q_avg": 44.86,
            "equity": 3279925,
            "current_ratio": 130.58,
            "debt_ratio": 25.72,
            "inventory_turnover_ratio": 17.09,
            "account_receivable_turnover_ratio": null,
            "reinvestment_rate": 27.18,
            "research_to_sale_ratio": null,
            "price_fair": 250.86,
            "eps_avg_yearly": 7.17,
            "eps_latest_yearly": 14.72,
            "eps_growth_yearly": 79.23
        },
        "20082": {
            "year_quarter": 20082,
            "year": 2008,
            "quarter": 2,
            "eps": 2.21,
            "eps_growth_year": -39.29,
            "eps_4q": 12.61,
            "eps_4q_growth_year": -5.66,
            "roe": 4.82,
            "roe_4q": 27.83,
            "gross_profit": 455645,
            "gross_margin": 44.79,
            "gross_margin_4q_avg": 45.19,
            "net_income": 139213,
            "revenue": 1017357,
            "common_shares": 600000,
            "book_valuer_per_share": 38.09,
            "book_valuer_per_share_4q_avg": 44.61,
            "equity": 2495673,
            "current_ratio": 49.19,
            "debt_ratio": 38.43,
            "inventory_turnover_ratio": 16.95,
            "account_receivable_turnover_ratio": null,
            "reinvestment_rate": 29.98,
            "research_to_sale_ratio": null,
            "price_fair": 262.5,
            "eps_avg_yearly": 7.5,
            "eps_latest_yearly": 8.84,
            "eps_growth_yearly": 67.09
        },
        "20083": {
            "year_quarter": 20083,
            "year": 2008,
            "quarter": 3,
            "eps": 2.3,
            "eps_growth_year": -15.44,
            "eps_4q": 12.08,
            "eps_4q_growth_year": -10.29,
            "roe": 5.77,
            "roe_4q": 26.93,
            "gross_profit": 471754,
            "gross_margin": 45.44,
            "gross_margin_4q_avg": 45.85,
            "net_income": 149154,
            "revenue": 1038113,
            "common_shares": 660000,
            "book_valuer_per_share": 37.3,
            "book_valuer_per_share_4q_avg": 43.34,
            "equity": 2671366,
            "current_ratio": 54.74,
            "debt_ratio": 33.28,
            "inventory_turnover_ratio": 16.24,
            "account_receivable_turnover_ratio": null,
            "reinvestment_rate": 30.77,
            "research_to_sale_ratio": null,
            "price_fair": 275.89,
            "eps_avg_yearly": 7.88,
            "eps_latest_yearly": 9.2,
            "eps_growth_yearly": 71.23
        },
        "20084": {
            "year_quarter": 20084,
            "year": 2008,
            "quarter": 4,
            "eps": 2.41,
            "eps_growth_year": -45.48,
            "eps_4q": 10.55,
            "eps_4q_growth_year": -26.75,
            "roe": 5.53,
            "roe_4q": 22.96,
            "gross_profit": 444662,
            "gross_margin": 40.52,
            "gross_margin_4q_avg": 44.46,
            "net_income": 154790,
            "revenue": 1097516,
            "common_shares": 660000,
            "book_valuer_per_share": 41.3,
            "book_valuer_per_share_4q_avg": 41.94,
            "equity": 2930837,
            "current_ratio": 71.1,
            "debt_ratio": 30.19,
            "inventory_turnover_ratio": 17.77,
            "account_receivable_turnover_ratio": 16.36,
            "reinvestment_rate": 10.86,
            "research_to_sale_ratio": null,
            "price_fair": 288.75,
            "eps_avg_yearly": 8.25,
            "eps_latest_yearly": 9.64,
            "eps_growth_yearly": 66.91
        },
        "20091": {
            "year_quarter": 20091,
            "year": 2009,
            "quarter": 1,
            "eps": 2.88,
            "eps_growth_year": -21.74,
            "eps_4q": 9.96,
            "eps_4q_growth_year": -32.49,
            "roe": 6.21,
            "roe_4q": 22.33,
            "gross_profit": 436465,
            "gross_margin": 40.22,
            "gross_margin_4q_avg": 42.74,
            "net_income": 187068,
            "revenue": 1085090,
            "common_shares": 660000,
            "book_valuer_per_share": 43.75,
            "book_valuer_per_share_4q_avg": 40.11,
            "equity": 3089795,
            "current_ratio": 96.2,
            "debt_ratio": 27.75,
            "inventory_turnover_ratio": 19.38,
            "account_receivable_turnover_ratio": 8.23,
            "reinvestment_rate": 32.89,
            "research_to_sale_ratio": null,
            "price_fair": 304.33,
            "eps_avg_yearly": 8.7,
            "eps_latest_yearly": 11.52,
            "eps_growth_yearly": 67.53
        },
        "20092": {
            "year_quarter": 20092,
            "year": 2009,
            "quarter": 2,
            "eps": 2.3,
            "eps_growth_year": 4.07,
            "eps_4q": 10.11,
            "eps_4q_growth_year": -19.8,
            "roe": 5.3,
            "roe_4q": 22.81,
            "gross_profit": 447964,
            "gross_margin": 44.99,
            "gross_margin_4q_avg": 42.79,
            "net_income": 148650,
            "revenue": 995773,
            "common_shares": 660000,
            "book_valuer_per_share": 35.23,
            "book_valuer_per_share_4q_avg": 39.4,
            "equity": 2524213,
            "current_ratio": 60.91,
            "debt_ratio": 45.56,
            "inventory_turnover_ratio": 17.87,
            "account_receivable_turnover_ratio": 7.85,
            "reinvestment_rate": 37.69,
            "research_to_sale_ratio": null,
            "price_fair": 314.91,
            "eps_avg_yearly": 9,
            "eps_latest_yearly": 9.2,
            "eps_growth_yearly": 62.72
        },
        "20093": {
            "year_quarter": 20093,
            "year": 2009,
            "quarter": 3,
            "eps": 2.06,
            "eps_growth_year": -10.43,
            "eps_4q": 9.43,
            "eps_4q_growth_year": -21.95,
            "roe": 5.45,
            "roe_4q": 22.490000000000002,
            "gross_profit": 536109,
            "gross_margin": 49.64,
            "gross_margin_4q_avg": 43.84,
            "net_income": 142281,
            "revenue": 1079929,
            "common_shares": 726000,
            "book_valuer_per_share": 34.49,
            "book_valuer_per_share_4q_avg": 38.69,
            "equity": 2695120,
            "current_ratio": 59.07,
            "debt_ratio": 35,
            "inventory_turnover_ratio": 16.23,
            "account_receivable_turnover_ratio": 8.04,
            "reinvestment_rate": 38.55,
            "research_to_sale_ratio": null,
            "price_fair": 325.41,
            "eps_avg_yearly": 9.3,
            "eps_latest_yearly": 8.24,
            "eps_growth_yearly": 65.39
        },
        "20094": {
            "year_quarter": 20094,
            "year": 2009,
            "quarter": 4,
            "eps": 2.83,
            "eps_growth_year": 17.43,
            "eps_4q": 9.6,
            "eps_4q_growth_year": -8.95,
            "roe": 6.89,
            "roe_4q": 23.85,
            "gross_profit": 358997,
            "gross_margin": 31.54,
            "gross_margin_4q_avg": 41.6,
            "net_income": 191702,
            "revenue": 1138291,
            "common_shares": 726000,
            "book_valuer_per_share": 37.05,
            "book_valuer_per_share_4q_avg": 37.63,
            "equity": 2868072,
            "current_ratio": 75.99,
            "debt_ratio": 33.35,
            "inventory_turnover_ratio": 23.72,
            "account_receivable_turnover_ratio": 14.73,
            "reinvestment_rate": 89.61,
            "research_to_sale_ratio": null,
            "price_fair": 339.59,
            "eps_avg_yearly": 9.7,
            "eps_latest_yearly": 11.32,
            "eps_growth_yearly": 64.56
        },
        "20101": {
            "year_quarter": 20101,
            "year": 2010,
            "quarter": 1,
            "eps": 3.11,
            "eps_growth_year": 7.99,
            "eps_4q": 10.08,
            "eps_4q_growth_year": 1.22,
            "roe": 7.32,
            "roe_4q": 24.96,
            "gross_profit": 488472,
            "gross_margin": 39.69,
            "gross_margin_4q_avg": 41.47,
            "net_income": 217560,
            "revenue": 1230679,
            "common_shares": 726000,
            "book_valuer_per_share": 40.01,
            "book_valuer_per_share_4q_avg": 36.7,
            "equity": 3074418,
            "current_ratio": 107.12,
            "debt_ratio": 32.34,
            "inventory_turnover_ratio": 21.94,
            "account_receivable_turnover_ratio": 7.15,
            "reinvestment_rate": 109.28,
            "research_to_sale_ratio": null,
            "price_fair": 357.79,
            "eps_avg_yearly": 10.22,
            "eps_latest_yearly": 12.44,
            "eps_growth_yearly": 70.75
        },
        "20102": {
            "year_quarter": 20102,
            "year": 2010,
            "quarter": 2,
            "eps": 2.39,
            "eps_growth_year": 3.85,
            "eps_4q": 9.65,
            "eps_4q_growth_year": -4.52,
            "roe": 6.19,
            "roe_4q": 25.85,
            "gross_profit": 505434,
            "gross_margin": 43.08,
            "gross_margin_4q_avg": 40.99,
            "net_income": 177697,
            "revenue": 1173369,
            "common_shares": 726000,
            "book_valuer_per_share": 34.57,
            "book_valuer_per_share_4q_avg": 36.53,
            "equity": 2666767,
            "current_ratio": 62.8,
            "debt_ratio": 58.49,
            "inventory_turnover_ratio": 18.93,
            "account_receivable_turnover_ratio": 6.33,
            "reinvestment_rate": 109.63,
            "research_to_sale_ratio": null,
            "price_fair": 370.48,
            "eps_avg_yearly": 10.59,
            "eps_latest_yearly": 9.56,
            "eps_growth_yearly": 67.14
        },
        "20103": {
            "year_quarter": 20103,
            "year": 2010,
            "quarter": 3,
            "eps": 2.23,
            "eps_growth_year": 8.11,
            "eps_4q": 10.01,
            "eps_4q_growth_year": 6.19,
            "roe": 6.23,
            "roe_4q": 26.630000000000003,
            "gross_profit": 488010,
            "gross_margin": 38.83,
            "gross_margin_4q_avg": 38.29,
            "net_income": 170676,
            "revenue": 1256936,
            "common_shares": 798600,
            "book_valuer_per_share": 33.31,
            "book_valuer_per_share_4q_avg": 36.24,
            "equity": 2810232,
            "current_ratio": 66.35,
            "debt_ratio": 53.4,
            "inventory_turnover_ratio": 18.99,
            "account_receivable_turnover_ratio": 6,
            "reinvestment_rate": 168.1,
            "research_to_sale_ratio": null,
            "price_fair": 383.6,
            "eps_avg_yearly": 10.96,
            "eps_latest_yearly": 8.92,
            "eps_growth_yearly": 71.06
        },
        "20104": {
            "year_quarter": 20104,
            "year": 2010,
            "quarter": 4,
            "eps": 3.74,
            "eps_growth_year": 32.06,
            "eps_4q": 11.18,
            "eps_4q_growth_year": 16.4,
            "roe": 9.91,
            "roe_4q": 29.650000000000002,
            "gross_profit": 689256,
            "gross_margin": 43.63,
            "gross_margin_4q_avg": 41.31,
            "net_income": 285894,
            "revenue": 1579766,
            "common_shares": 798600,
            "book_valuer_per_share": 35.31,
            "book_valuer_per_share_4q_avg": 35.8,
            "equity": 2957088,
            "current_ratio": 74.57,
            "debt_ratio": 51.38,
            "inventory_turnover_ratio": 20.42,
            "account_receivable_turnover_ratio": 6.6,
            "reinvestment_rate": 131.59,
            "research_to_sale_ratio": null,
            "price_fair": 407.14,
            "eps_avg_yearly": 11.63,
            "eps_latest_yearly": 14.96,
            "eps_growth_yearly": 77.03
        },
        "20111": {
            "year_quarter": 20111,
            "year": 2011,
            "quarter": 1,
            "eps": 3.9,
            "eps_growth_year": 25.4,
            "eps_4q": 12.25,
            "eps_4q_growth_year": 21.52,
            "roe": 9.59,
            "roe_4q": 31.92,
            "gross_profit": 701538,
            "gross_margin": 47.71,
            "gross_margin_4q_avg": 43.31,
            "net_income": 297914,
            "revenue": 1470502,
            "common_shares": 798600,
            "book_valuer_per_share": 39.2,
            "book_valuer_per_share_4q_avg": 35.6,
            "equity": 3254073,
            "current_ratio": 98.46,
            "debt_ratio": 48.9,
            "inventory_turnover_ratio": 18.88,
            "account_receivable_turnover_ratio": 6.69,
            "reinvestment_rate": 151.04,
            "research_to_sale_ratio": null,
            "price_fair": 317.7,
            "eps_avg_yearly": 11.71,
            "eps_latest_yearly": 15.6,
            "eps_growth_yearly": 17.14
        },
        "20112": {
            "year_quarter": 20112,
            "year": 2011,
            "quarter": 2,
            "eps": 3.67,
            "eps_growth_year": 53.74,
            "eps_4q": 12.64,
            "eps_4q_growth_year": 30.94,
            "roe": 10.39,
            "roe_4q": 36.120000000000005,
            "gross_profit": 412447,
            "gross_margin": 30.89,
            "gross_margin_4q_avg": 40.27,
            "net_income": 313696,
            "revenue": 1335143,
            "common_shares": 798600,
            "book_valuer_per_share": 33.41,
            "book_valuer_per_share_4q_avg": 35.31,
            "equity": 2782719,
            "current_ratio": 71.4,
            "debt_ratio": 56.76,
            "inventory_turnover_ratio": 24,
            "account_receivable_turnover_ratio": 6.76,
            "reinvestment_rate": 141.9,
            "research_to_sale_ratio": null,
            "price_fair": 298.2,
            "eps_avg_yearly": 11.71,
            "eps_latest_yearly": 14.68,
            "eps_growth_yearly": 15.46
        },
        "20113": {
            "year_quarter": 20113,
            "year": 2011,
            "quarter": 3,
            "eps": 1.33,
            "eps_growth_year": -40.16,
            "eps_4q": 11.95,
            "eps_4q_growth_year": 19.39,
            "roe": 4.02,
            "roe_4q": 33.91,
            "gross_profit": 468923,
            "gross_margin": 37.97,
            "gross_margin_4q_avg": 40.05,
            "net_income": 117545,
            "revenue": 1234964,
            "common_shares": 878460,
            "book_valuer_per_share": 33.54,
            "book_valuer_per_share_4q_avg": 35.37,
            "equity": 3061631,
            "current_ratio": 74.77,
            "debt_ratio": 50.03,
            "inventory_turnover_ratio": 21.08,
            "account_receivable_turnover_ratio": 5.94,
            "reinvestment_rate": 148.27,
            "research_to_sale_ratio": null,
            "price_fair": 180.01,
            "eps_avg_yearly": 11.37,
            "eps_latest_yearly": 5.32,
            "eps_growth_yearly": 5.84
        },
        "20114": {
            "year_quarter": 20114,
            "year": 2011,
            "quarter": 4,
            "eps": 2.46,
            "eps_growth_year": -34.14,
            "eps_4q": 11.01,
            "eps_4q_growth_year": -1.46,
            "roe": 6.71,
            "roe_4q": 30.71,
            "gross_profit": 545628,
            "gross_margin": 37.49,
            "gross_margin_4q_avg": 38.52,
            "net_income": 211206,
            "revenue": 1455527,
            "common_shares": 878460,
            "book_valuer_per_share": 35.57,
            "book_valuer_per_share_4q_avg": 35.43,
            "equity": 3235441,
            "current_ratio": 77.35,
            "debt_ratio": 48.52,
            "inventory_turnover_ratio": 24.76,
            "account_receivable_turnover_ratio": 6,
            "reinvestment_rate": 118.9,
            "research_to_sale_ratio": null,
            "price_fair": 233.32,
            "eps_avg_yearly": 10.88,
            "eps_latest_yearly": 9.84,
            "eps_growth_yearly": 11.45
        },
        "20121": {
            "year_quarter": 20121,
            "year": 2012,
            "quarter": 1,
            "eps": 3.5,
            "eps_growth_year": -10.26,
            "eps_4q": 10.97,
            "eps_4q_growth_year": -10.49,
            "roe": 9.07,
            "roe_4q": 30.19,
            "gross_profit": 507187,
            "gross_margin": 39.08,
            "gross_margin_4q_avg": 36.36,
            "net_income": 302616,
            "revenue": 1297945,
            "common_shares": 878460,
            "book_valuer_per_share": 37.93,
            "book_valuer_per_share_4q_avg": 35.11,
            "equity": 3437240,
            "current_ratio": 96.16,
            "debt_ratio": 46.45,
            "inventory_turnover_ratio": 21.62,
            "account_receivable_turnover_ratio": 4.38,
            "reinvestment_rate": 107.52,
            "research_to_sale_ratio": null,
            "price_fair": 379.05,
            "eps_avg_yearly": 10.83,
            "eps_latest_yearly": 14,
            "eps_growth_yearly": 26.21
        },
        "20122": {
            "year_quarter": 20122,
            "year": 2012,
            "quarter": 2,
            "eps": 2.61,
            "eps_growth_year": -28.95,
            "eps_4q": 9.24,
            "eps_4q_growth_year": -26.89,
            "roe": 7.91,
            "roe_4q": 27.71,
            "gross_profit": 573946,
            "gross_margin": 40.09,
            "gross_margin_4q_avg": 38.66,
            "net_income": 246261,
            "revenue": 1431686,
            "common_shares": 878460,
            "book_valuer_per_share": 30.59,
            "book_valuer_per_share_4q_avg": 34.41,
            "equity": 2786112,
            "current_ratio": 65.67,
            "debt_ratio": 57.62,
            "inventory_turnover_ratio": 23.86,
            "account_receivable_turnover_ratio": 4.53,
            "reinvestment_rate": 102.73,
            "research_to_sale_ratio": null,
            "price_fair": 382.55,
            "eps_avg_yearly": 10.93,
            "eps_latest_yearly": 10.44,
            "eps_growth_yearly": 29.84
        },
        "20123": {
            "year_quarter": 20123,
            "year": 2012,
            "quarter": 3,
            "eps": 2.67,
            "eps_growth_year": 100.5,
            "eps_4q": 10.7,
            "eps_4q_growth_year": -10.43,
            "roe": 8.74,
            "roe_4q": 32.43,
            "gross_profit": 490768,
            "gross_margin": 37.44,
            "gross_margin_4q_avg": 38.53,
            "net_income": 253169,
            "revenue": 1310792,
            "common_shares": 966306,
            "book_valuer_per_share": 30.15,
            "book_valuer_per_share_4q_avg": 33.56,
            "equity": 3007510,
            "current_ratio": 66.46,
            "debt_ratio": 49.55,
            "inventory_turnover_ratio": 22.46,
            "account_receivable_turnover_ratio": 4.19,
            "reinvestment_rate": 98.11,
            "research_to_sale_ratio": null,
            "price_fair": 385.79,
            "eps_avg_yearly": 11.02,
            "eps_latest_yearly": 10.68,
            "eps_growth_yearly": 29.4
        },
        "20124": {
            "year_quarter": 20124,
            "year": 2012,
            "quarter": 4,
            "eps": 2.77,
            "eps_growth_year": 12.67,
            "eps_4q": 11.24,
            "eps_4q_growth_year": 2.05,
            "roe": 8.67,
            "roe_4q": 34.39,
            "gross_profit": 586818,
            "gross_margin": 40.99,
            "gross_margin_4q_avg": 39.4,
            "net_income": 268033,
            "revenue": 1431443,
            "common_shares": 966306,
            "book_valuer_per_share": 31.91,
            "book_valuer_per_share_4q_avg": 32.65,
            "equity": 3177997,
            "current_ratio": 76.4,
            "debt_ratio": 46.86,
            "inventory_turnover_ratio": 22.33,
            "account_receivable_turnover_ratio": 4.74,
            "reinvestment_rate": 89.37,
            "research_to_sale_ratio": null,
            "price_fair": 388.94,
            "eps_avg_yearly": 11.11,
            "eps_latest_yearly": 11.08,
            "eps_growth_yearly": 29.14
        },
        "20131": {
            "year_quarter": 20131,
            "year": 2013,
            "quarter": 1,
            "eps": 3.33,
            "eps_growth_year": -4.86,
            "eps_4q": 11.39,
            "eps_4q_growth_year": 3.82,
            "roe": 9.59,
            "roe_4q": 34.91,
            "gross_profit": 603981,
            "gross_margin": 41.71,
            "gross_margin_4q_avg": 40.06,
            "net_income": 315791,
            "revenue": 1448158,
            "common_shares": 966306,
            "book_valuer_per_share": 34.32,
            "book_valuer_per_share_4q_avg": 31.74,
            "equity": 3405044,
            "current_ratio": 95.6,
            "debt_ratio": 47.85,
            "inventory_turnover_ratio": 22.94,
            "account_receivable_turnover_ratio": 5.07,
            "reinvestment_rate": -1.36,
            "research_to_sale_ratio": null,
            "price_fair": 392.88,
            "eps_avg_yearly": 11.23,
            "eps_latest_yearly": 13.32,
            "eps_growth_yearly": 29.31
        },
        "20132": {
            "year_quarter": 20132,
            "year": 2013,
            "quarter": 2,
            "eps": 2.52,
            "eps_growth_year": -3.41,
            "eps_4q": 10.27,
            "eps_4q_growth_year": 11.1,
            "roe": 7.65,
            "roe_4q": 34.650000000000006,
            "gross_profit": 531659,
            "gross_margin": 38.81,
            "gross_margin_4q_avg": 39.74,
            "net_income": 236340,
            "revenue": 1369730,
            "common_shares": 966306,
            "book_valuer_per_share": 27.87,
            "book_valuer_per_share_4q_avg": 31.06,
            "equity": 2774811,
            "current_ratio": 66.41,
            "debt_ratio": 57.8,
            "inventory_turnover_ratio": 24.99,
            "account_receivable_turnover_ratio": 4.97,
            "reinvestment_rate": -2.85,
            "research_to_sale_ratio": null,
            "price_fair": 394.8,
            "eps_avg_yearly": 11.28,
            "eps_latest_yearly": 10.08,
            "eps_growth_yearly": 28.27
        },
        "20133": {
            "year_quarter": 20133,
            "year": 2013,
            "quarter": 3,
            "eps": 2.04,
            "eps_growth_year": -23.65,
            "eps_4q": 9.88,
            "eps_4q_growth_year": -7.73,
            "roe": 7.4,
            "roe_4q": 33.31,
            "gross_profit": 483329,
            "gross_margin": 36.21,
            "gross_margin_4q_avg": 39.43,
            "net_income": 216047,
            "revenue": 1334861,
            "common_shares": 1062937,
            "book_valuer_per_share": 28.06,
            "book_valuer_per_share_4q_avg": 30.54,
            "equity": 3063652,
            "current_ratio": 118.39,
            "debt_ratio": 52.47,
            "inventory_turnover_ratio": 26.92,
            "account_receivable_turnover_ratio": 5.49,
            "reinvestment_rate": -0.04,
            "research_to_sale_ratio": null,
            "price_fair": 394.63,
            "eps_avg_yearly": 11.28,
            "eps_latest_yearly": 8.16,
            "eps_growth_yearly": 26.11
        },
        "20134": {
            "year_quarter": 20134,
            "year": 2013,
            "quarter": 4,
            "eps": 3.31,
            "eps_growth_year": 19.25,
            "eps_4q": 10.66,
            "eps_4q_growth_year": -5.14,
            "roe": 10.94,
            "roe_4q": 35.58,
            "gross_profit": 609221,
            "gross_margin": 38.49,
            "gross_margin_4q_avg": 38.81,
            "net_income": 353255,
            "revenue": 1582831,
            "common_shares": 1062937,
            "book_valuer_per_share": 31.17,
            "book_valuer_per_share_4q_avg": 30.36,
            "equity": 3394895,
            "current_ratio": 128.46,
            "debt_ratio": 51.78,
            "inventory_turnover_ratio": 27.45,
            "account_receivable_turnover_ratio": 6.46,
            "reinvestment_rate": -49.41,
            "research_to_sale_ratio": null,
            "price_fair": 398.83,
            "eps_avg_yearly": 11.4,
            "eps_latest_yearly": 13.24,
            "eps_growth_yearly": 32.33
        },
        "20141": {
            "year_quarter": 20141,
            "year": 2014,
            "quarter": 1,
            "eps": 2.79,
            "eps_growth_year": -16.22,
            "eps_4q": 10.42,
            "eps_4q_growth_year": -8.47,
            "roe": 8.3,
            "roe_4q": 34.29,
            "gross_profit": 595062,
            "gross_margin": 39.76,
            "gross_margin_4q_avg": 38.32,
            "net_income": 296152,
            "revenue": 1496614,
            "common_shares": 1062937,
            "book_valuer_per_share": 34.47,
            "book_valuer_per_share_4q_avg": 30.39,
            "equity": 3745141,
            "current_ratio": 131.25,
            "debt_ratio": 48.81,
            "inventory_turnover_ratio": 23.8,
            "account_receivable_turnover_ratio": 5.87,
            "reinvestment_rate": -41.08,
            "research_to_sale_ratio": null,
            "price_fair": 396.03,
            "eps_avg_yearly": 11.32,
            "eps_latest_yearly": 11.16,
            "eps_growth_yearly": 25.93
        },
        "20142": {
            "year_quarter": 20142,
            "year": 2014,
            "quarter": 2,
            "eps": 2.1,
            "eps_growth_year": -16.67,
            "eps_4q": 9.31,
            "eps_4q_growth_year": -9.37,
            "roe": 6.7,
            "roe_4q": 33.339999999999996,
            "gross_profit": 526717,
            "gross_margin": 34.44,
            "gross_margin_4q_avg": 37.23,
            "net_income": 228082,
            "revenue": 1529162,
            "common_shares": 1062937,
            "book_valuer_per_share": 28.01,
            "book_valuer_per_share_4q_avg": 30.43,
            "equity": 3063137,
            "current_ratio": 88.25,
            "debt_ratio": 59,
            "inventory_turnover_ratio": 27.39,
            "account_receivable_turnover_ratio": 6.33,
            "reinvestment_rate": -37.45,
            "research_to_sale_ratio": null,
            "price_fair": 393.49,
            "eps_avg_yearly": 11.24,
            "eps_latest_yearly": 8.4,
            "eps_growth_yearly": 25.54
        },
        "20143": {
            "year_quarter": 20143,
            "year": 2014,
            "quarter": 3,
            "eps": 1.91,
            "eps_growth_year": -6.37,
            "eps_4q": 9.36,
            "eps_4q_growth_year": -5.2,
            "roe": 7.13,
            "roe_4q": 33.07,
            "gross_profit": 556011,
            "gross_margin": 35.78,
            "gross_margin_4q_avg": 37.12,
            "net_income": 226952,
            "revenue": 1553823,
            "common_shares": 1169231,
            "book_valuer_per_share": 27.51,
            "book_valuer_per_share_4q_avg": 30.29,
            "equity": 3305945,
            "current_ratio": 87.72,
            "debt_ratio": 52.9,
            "inventory_turnover_ratio": 26.01,
            "account_receivable_turnover_ratio": 6.66,
            "reinvestment_rate": -75.23,
            "research_to_sale_ratio": null,
            "price_fair": 390.13,
            "eps_avg_yearly": 11.16,
            "eps_latest_yearly": 7.64,
            "eps_growth_yearly": 24.95
        },
        "20144": {
            "year_quarter": 20144,
            "year": 2014,
            "quarter": 4,
            "eps": 3.25,
            "eps_growth_year": -1.78,
            "eps_4q": 9.6,
            "eps_4q_growth_year": -9.93,
            "roe": 10.97,
            "roe_4q": 33.1,
            "gross_profit": 710146,
            "gross_margin": 40.52,
            "gross_margin_4q_avg": 37.63,
            "net_income": 386708,
            "revenue": 1752794,
            "common_shares": 1169231,
            "book_valuer_per_share": 31.18,
            "book_valuer_per_share_4q_avg": 30.29,
            "equity": 3742004,
            "current_ratio": 107.9,
            "debt_ratio": 49.05,
            "inventory_turnover_ratio": 24.72,
            "account_receivable_turnover_ratio": 7.38,
            "reinvestment_rate": -65.35,
            "research_to_sale_ratio": null,
            "price_fair": 386.4,
            "eps_avg_yearly": 11.04,
            "eps_latest_yearly": 13,
            "eps_growth_yearly": 25.56
        },
        "20151": {
            "year_quarter": 20151,
            "year": 2015,
            "quarter": 1,
            "eps": 2.56,
            "eps_growth_year": -8.24,
            "eps_4q": 9.62,
            "eps_4q_growth_year": -7.65,
            "roe": 7.74,
            "roe_4q": 32.54,
            "gross_profit": 657446,
            "gross_margin": 37.91,
            "gross_margin_4q_avg": 37.16,
            "net_income": 301200,
            "revenue": 1734080,
            "common_shares": 1169231,
            "book_valuer_per_share": 33.76,
            "book_valuer_per_share_4q_avg": 30.12,
            "equity": 4045609,
            "current_ratio": 121.7,
            "debt_ratio": 46.36,
            "inventory_turnover_ratio": 20.41,
            "account_receivable_turnover_ratio": 6.91,
            "reinvestment_rate": -65.42,
            "research_to_sale_ratio": null,
            "price_fair": 312.41,
            "eps_avg_yearly": 10.71,
            "eps_latest_yearly": 10.24,
            "eps_growth_yearly": 19.18
        },
        "20152": {
            "year_quarter": 20152,
            "year": 2015,
            "quarter": 2,
            "eps": 2.46,
            "eps_growth_year": 17.14,
            "eps_4q": 9.38,
            "eps_4q_growth_year": 0.81,
            "roe": 8.11,
            "roe_4q": 33.95,
            "gross_profit": 600352,
            "gross_margin": 36.63,
            "gross_margin_4q_avg": 37.71,
            "net_income": 292929,
            "revenue": 1638984,
            "common_shares": 1169231,
            "book_valuer_per_share": 26.31,
            "book_valuer_per_share_4q_avg": 29.69,
            "equity": 3179926,
            "current_ratio": 81.69,
            "debt_ratio": 58.65,
            "inventory_turnover_ratio": 17.79,
            "account_receivable_turnover_ratio": 6.75,
            "reinvestment_rate": -63.3,
            "research_to_sale_ratio": null,
            "price_fair": 308.76,
            "eps_avg_yearly": 10.4,
            "eps_latest_yearly": 9.84,
            "eps_growth_yearly": 19.68
        },
        "20153": {
            "year_quarter": 20153,
            "year": 2015,
            "quarter": 3,
            "eps": 1.68,
            "eps_growth_year": -12.04,
            "eps_4q": 9.31,
            "eps_4q_growth_year": -0.6,
            "roe": 6.61,
            "roe_4q": 33.43,
            "gross_profit": 554388,
            "gross_margin": 35.86,
            "gross_margin_4q_avg": 37.73,
            "net_income": 222216,
            "revenue": 1546089,
            "common_shares": 1267458,
            "book_valuer_per_share": 27.04,
            "book_valuer_per_share_4q_avg": 29.57,
            "equity": 3539899,
            "current_ratio": 89.33,
            "debt_ratio": 51,
            "inventory_turnover_ratio": 18.18,
            "account_receivable_turnover_ratio": 6.68,
            "reinvestment_rate": -65.81,
            "research_to_sale_ratio": null,
            "price_fair": 367.15,
            "eps_avg_yearly": 10.49,
            "eps_latest_yearly": 6.72,
            "eps_growth_yearly": 27.69
        },
        "20154": {
            "year_quarter": 20154,
            "year": 2015,
            "quarter": 4,
            "eps": 2.65,
            "eps_growth_year": -18.51,
            "eps_4q": 8.96,
            "eps_4q_growth_year": -6.74,
            "roe": 9.86,
            "roe_4q": 32.32,
            "gross_profit": 623389,
            "gross_margin": 35.49,
            "gross_margin_4q_avg": 36.47,
            "net_income": 367325,
            "revenue": 1756541,
            "common_shares": 1267458,
            "book_valuer_per_share": 29.69,
            "book_valuer_per_share_4q_avg": 29.2,
            "equity": 3907797,
            "current_ratio": 52.58,
            "debt_ratio": 48.55,
            "inventory_turnover_ratio": 17.91,
            "account_receivable_turnover_ratio": 7.49,
            "reinvestment_rate": -56.65,
            "research_to_sale_ratio": null,
            "price_fair": 325.49,
            "eps_avg_yearly": 10.54,
            "eps_latest_yearly": 10.6,
            "eps_growth_yearly": 20.89
        },
        "20161": {
            "year_quarter": 20161,
            "year": 2016,
            "quarter": 1,
            "eps": 2.02,
            "eps_growth_year": -21.09,
            "eps_4q": 8.61,
            "eps_4q_growth_year": -10.5,
            "roe": 6.27,
            "roe_4q": 30.849999999999998,
            "gross_profit": 577677,
            "gross_margin": 33.5,
            "gross_margin_4q_avg": 35.37,
            "net_income": 252509,
            "revenue": 1724561,
            "common_shares": 1267458,
            "book_valuer_per_share": 31.56,
            "book_valuer_per_share_4q_avg": 28.65,
            "equity": 4141935,
            "current_ratio": 56.52,
            "debt_ratio": 45.79,
            "inventory_turnover_ratio": 17.77,
            "account_receivable_turnover_ratio": 6.96,
            "reinvestment_rate": -53.51,
            "research_to_sale_ratio": null,
            "price_fair": 146.17,
            "eps_avg_yearly": 10.17,
            "eps_latest_yearly": 8.08,
            "eps_growth_yearly": 4.38
        },
        "20162": {
            "year_quarter": 20162,
            "year": 2016,
            "quarter": 2,
            "eps": 1.55,
            "eps_growth_year": -36.99,
            "eps_4q": 7.9,
            "eps_4q_growth_year": -15.8,
            "roe": 5.34,
            "roe_4q": 28.08,
            "gross_profit": 537860,
            "gross_margin": 32.99,
            "gross_margin_4q_avg": 34.46,
            "net_income": 200971,
            "revenue": 1630479,
            "common_shares": 1267458,
            "book_valuer_per_share": 25.59,
            "book_valuer_per_share_4q_avg": 28.47,
            "equity": 3389322,
            "current_ratio": 85.38,
            "debt_ratio": 65.35,
            "inventory_turnover_ratio": 20.45,
            "account_receivable_turnover_ratio": 6.76,
            "reinvestment_rate": -56.98,
            "research_to_sale_ratio": null,
            "price_fair": 147.71,
            "eps_avg_yearly": 9.9,
            "eps_latest_yearly": 6.2,
            "eps_growth_yearly": 4.92
        },
        "20163": {
            "year_quarter": 20163,
            "year": 2016,
            "quarter": 3,
            "eps": 1.55,
            "eps_growth_year": -7.74,
            "eps_4q": 7.77,
            "eps_4q_growth_year": -16.51,
            "roe": 5.86,
            "roe_4q": 27.33,
            "gross_profit": 562762,
            "gross_margin": 33.98,
            "gross_margin_4q_avg": 33.99,
            "net_income": 203061,
            "revenue": 1656340,
            "common_shares": 1267458,
            "book_valuer_per_share": 26.73,
            "book_valuer_per_share_4q_avg": 28.39,
            "equity": 3540854,
            "current_ratio": 81.78,
            "debt_ratio": 52.37,
            "inventory_turnover_ratio": 21.63,
            "account_receivable_turnover_ratio": 6.6,
            "reinvestment_rate": -57.83,
            "research_to_sale_ratio": null,
            "price_fair": 138,
            "eps_avg_yearly": 9.62,
            "eps_latest_yearly": 6.2,
            "eps_growth_yearly": 4.34
        },
        "20164": {
            "year_quarter": 20164,
            "year": 2016,
            "quarter": 4,
            "eps": 2.4,
            "eps_growth_year": -9.16,
            "eps_4q": 7.53,
            "eps_4q_growth_year": -15.96,
            "roe": 8.45,
            "roe_4q": 25.919999999999998,
            "gross_profit": 653476,
            "gross_margin": 35.42,
            "gross_margin_4q_avg": 33.97,
            "net_income": 312158,
            "revenue": 1844786,
            "common_shares": 1267458,
            "book_valuer_per_share": 29.08,
            "book_valuer_per_share_4q_avg": 28.24,
            "equity": 3845187,
            "current_ratio": 100.9,
            "debt_ratio": 48.88,
            "inventory_turnover_ratio": 19.77,
            "account_receivable_turnover_ratio": 6.21,
            "reinvestment_rate": -55.25,
            "research_to_sale_ratio": null,
            "price_fair": 258.4,
            "eps_avg_yearly": 9.53,
            "eps_latest_yearly": 9.6,
            "eps_growth_yearly": 17.11
        },
        "20171": {
            "year_quarter": 20171,
            "year": 2017,
            "quarter": 1,
            "eps": 1.84,
            "eps_growth_year": -8.91,
            "eps_4q": 7.35,
            "eps_4q_growth_year": -14.7,
            "roe": 6.02,
            "roe_4q": 25.669999999999998,
            "gross_profit": 568039,
            "gross_margin": 33.01,
            "gross_margin_4q_avg": 33.85,
            "net_income": 234954,
            "revenue": 1720863,
            "common_shares": 1267458,
            "book_valuer_per_share": 29.99,
            "book_valuer_per_share_4q_avg": 27.85,
            "equity": 3962121,
            "current_ratio": 118.19,
            "debt_ratio": 46.4,
            "inventory_turnover_ratio": 17.22,
            "account_receivable_turnover_ratio": 5.91,
            "reinvestment_rate": 20.4,
            "research_to_sale_ratio": null,
            "price_fair": 148.6,
            "eps_avg_yearly": 9.16,
            "eps_latest_yearly": 7.36,
            "eps_growth_yearly": 6.23
        },
        "20172": {
            "year_quarter": 20172,
            "year": 2017,
            "quarter": 2,
            "eps": 1.99,
            "eps_growth_year": 28.39,
            "eps_4q": 7.79,
            "eps_4q_growth_year": -1.44,
            "roe": 7.22,
            "roe_4q": 27.549999999999997,
            "gross_profit": 560959,
            "gross_margin": 33.62,
            "gross_margin_4q_avg": 34.01,
            "net_income": 259585,
            "revenue": 1668305,
            "common_shares": 1267458,
            "book_valuer_per_share": 23.83,
            "book_valuer_per_share_4q_avg": 27.41,
            "equity": 3229130,
            "current_ratio": 85.42,
            "debt_ratio": 57.97,
            "inventory_turnover_ratio": 17.5,
            "account_receivable_turnover_ratio": 6.22,
            "reinvestment_rate": 17.88,
            "research_to_sale_ratio": null,
            "price_fair": 219.73,
            "eps_avg_yearly": 9.03,
            "eps_latest_yearly": 7.96,
            "eps_growth_yearly": 14.35
        },
        "20173": {
            "year_quarter": 20173,
            "year": 2017,
            "quarter": 3,
            "eps": 2.03,
            "eps_growth_year": 30.97,
            "eps_4q": 8.26,
            "eps_4q_growth_year": 6.35,
            "roe": 7.88,
            "roe_4q": 29.569999999999997,
            "gross_profit": 598720,
            "gross_margin": 34.49,
            "gross_margin_4q_avg": 34.14,
            "net_income": 264267,
            "revenue": 1735931,
            "common_shares": 1267458,
            "book_valuer_per_share": 25.74,
            "book_valuer_per_share_4q_avg": 27.16,
            "equity": 3478087,
            "current_ratio": 94.21,
            "debt_ratio": 50.69,
            "inventory_turnover_ratio": 16.02,
            "account_receivable_turnover_ratio": 6.18,
            "reinvestment_rate": 13.87,
            "research_to_sale_ratio": null,
            "price_fair": 267.16,
            "eps_avg_yearly": 9.02,
            "eps_latest_yearly": 8.12,
            "eps_growth_yearly": 19.61
        },
        "20174": {
            "year_quarter": 20174,
            "year": 2017,
            "quarter": 4,
            "eps": 2.51,
            "eps_growth_year": 4.31,
            "eps_4q": 8.37,
            "eps_4q_growth_year": 11.15,
            "roe": 9.08,
            "roe_4q": 30.2,
            "gross_profit": 620580,
            "gross_margin": 33.02,
            "gross_margin_4q_avg": 33.54,
            "net_income": 328063,
            "revenue": 1879449,
            "common_shares": 1267458,
            "book_valuer_per_share": 27.82,
            "book_valuer_per_share_4q_avg": 26.85,
            "equity": 3751887,
            "current_ratio": 112.35,
            "debt_ratio": 49.18,
            "inventory_turnover_ratio": 13.71,
            "account_receivable_turnover_ratio": 5.68,
            "reinvestment_rate": 11.11,
            "research_to_sale_ratio": null,
            "price_fair": 176.08,
            "eps_avg_yearly": 8.82,
            "eps_latest_yearly": 10.04,
            "eps_growth_yearly": 9.96
        },
        "20181": {
            "year_quarter": 20181,
            "year": 2018,
            "quarter": 1,
            "eps": 1.73,
            "eps_growth_year": -5.98,
            "eps_4q": 8.25,
            "eps_4q_growth_year": 12.3,
            "roe": 5.62,
            "roe_4q": 29.799999999999997,
            "gross_profit": 549567,
            "gross_margin": 31.96,
            "gross_margin_4q_avg": 33.27,
            "net_income": 216297,
            "revenue": 1719806,
            "common_shares": 1267458,
            "book_valuer_per_share": 29.39,
            "book_valuer_per_share_4q_avg": 26.7,
            "equity": 3947628,
            "current_ratio": 128.63,
            "debt_ratio": 46.59,
            "inventory_turnover_ratio": 12.68,
            "account_receivable_turnover_ratio": 5.28,
            "reinvestment_rate": 4.09,
            "research_to_sale_ratio": null,
            "price_fair": 137.92,
            "eps_avg_yearly": 8.56,
            "eps_latest_yearly": 6.92,
            "eps_growth_yearly": 6.12
        },
        "20182": {
            "year_quarter": 20182,
            "year": 2018,
            "quarter": 2,
            "eps": 4.48,
            "eps_growth_year": 125.13,
            "eps_4q": 10.74,
            "eps_4q_growth_year": 37.98,
            "roe": 15.05,
            "roe_4q": 37.63,
            "gross_profit": 568458,
            "gross_margin": 33.64,
            "gross_margin_4q_avg": 33.28,
            "net_income": 575068,
            "revenue": 1689957,
            "common_shares": 1267458,
            "book_valuer_per_share": 27.35,
            "book_valuer_per_share_4q_avg": 27.58,
            "equity": 3696511,
            "current_ratio": 63.57,
            "debt_ratio": 53.32,
            "inventory_turnover_ratio": 15.16,
            "account_receivable_turnover_ratio": 7.05,
            "reinvestment_rate": 23.4,
            "research_to_sale_ratio": null,
            "price_fair": 320.34,
            "eps_avg_yearly": 9.15,
            "eps_latest_yearly": 17.92,
            "eps_growth_yearly": 52.04
        },
        "20183": {
            "year_quarter": 20183,
            "year": 2018,
            "quarter": 3,
            "eps": 1.79,
            "eps_growth_year": -11.82,
            "eps_4q": 10.51,
            "eps_4q_growth_year": 27.2,
            "roe": 6.3,
            "roe_4q": 36.050000000000004,
            "gross_profit": 531601,
            "gross_margin": 33.78,
            "gross_margin_4q_avg": 33.1,
            "net_income": 240262,
            "revenue": 1573594,
            "common_shares": 1267458,
            "book_valuer_per_share": 29.05,
            "book_valuer_per_share_4q_avg": 28.4,
            "equity": 3930395,
            "current_ratio": 63.69,
            "debt_ratio": 45.68,
            "inventory_turnover_ratio": 15.95,
            "account_receivable_turnover_ratio": 7.45,
            "reinvestment_rate": 18.35,
            "research_to_sale_ratio": null,
            "price_fair": 319.29,
            "eps_avg_yearly": 9.12,
            "eps_latest_yearly": 7.16,
            "eps_growth_yearly": 39.29
        },
        "20184": {
            "year_quarter": 20184,
            "year": 2018,
            "quarter": 4,
            "eps": 2.8,
            "eps_growth_year": 11.6,
            "eps_4q": 10.8,
            "eps_4q_growth_year": 29.1,
            "roe": 8.89,
            "roe_4q": 35.86,
            "gross_profit": 601719,
            "gross_margin": 35.55,
            "gross_margin_4q_avg": 33.73,
            "net_income": 366376,
            "revenue": 1692587,
            "common_shares": 1267458,
            "book_valuer_per_share": 31.99,
            "book_valuer_per_share_4q_avg": 29.45,
            "equity": 4313674,
            "current_ratio": 79.96,
            "debt_ratio": 45.4,
            "inventory_turnover_ratio": 16.02,
            "account_receivable_turnover_ratio": 6.54,
            "reinvestment_rate": 16.43,
            "research_to_sale_ratio": null,
            "price_fair": 315.35,
            "eps_avg_yearly": 9.01,
            "eps_latest_yearly": 11.2,
            "eps_growth_yearly": 35.86
        },
        "20191": {
            "year_quarter": 20191,
            "year": 2019,
            "quarter": 1,
            "eps": 2.37,
            "eps_growth_year": 36.99,
            "eps_4q": 11.44,
            "eps_4q_growth_year": 38.61,
            "roe": 6.82,
            "roe_4q": 37.06,
            "gross_profit": 569560,
            "gross_margin": 33.9,
            "gross_margin_4q_avg": 34.22,
            "net_income": 304675,
            "revenue": 1680303,
            "common_shares": 1267458,
            "book_valuer_per_share": 34.41,
            "book_valuer_per_share_4q_avg": 30.7,
            "equity": 4625463,
            "current_ratio": 83.14,
            "debt_ratio": 61.01,
            "inventory_turnover_ratio": 16.6,
            "account_receivable_turnover_ratio": 6.76,
            "reinvestment_rate": 12.37,
            "research_to_sale_ratio": null,
            "price_fair": 313.69,
            "eps_avg_yearly": 8.96,
            "eps_latest_yearly": 9.48,
            "eps_growth_yearly": 37.33
        },
        "20192": {
            "year_quarter": 20192,
            "year": 2019,
            "quarter": 2,
            "eps": 3.47,
            "eps_growth_year": -22.54,
            "eps_4q": 10.37,
            "eps_4q_growth_year": -3.44,
            "roe": 10.62,
            "roe_4q": 32.629999999999995,
            "gross_profit": 522935,
            "gross_margin": 33.98,
            "gross_margin_4q_avg": 34.3,
            "net_income": 448244,
            "revenue": 1538795,
            "common_shares": 1267458,
            "book_valuer_per_share": 28.01,
            "book_valuer_per_share_4q_avg": 30.87,
            "equity": 3815578,
            "current_ratio": 110.29,
            "debt_ratio": 68.88,
            "inventory_turnover_ratio": 16.58,
            "account_receivable_turnover_ratio": 7.76,
            "reinvestment_rate": 12.09,
            "research_to_sale_ratio": null,
            "price_fair": 322.53,
            "eps_avg_yearly": 9.22,
            "eps_latest_yearly": 13.88,
            "eps_growth_yearly": 49.91
        },
        "20193": {
            "year_quarter": 20193,
            "year": 2019,
            "quarter": 3,
            "eps": 2.19,
            "eps_growth_year": 22.35,
            "eps_4q": 10.78,
            "eps_4q_growth_year": 2.61,
            "roe": 8.25,
            "roe_4q": 34.58,
            "gross_profit": 530173,
            "gross_margin": 32.87,
            "gross_margin_4q_avg": 34.08,
            "net_income": 294213,
            "revenue": 1612806,
            "common_shares": 1274020,
            "book_valuer_per_share": 23.88,
            "book_valuer_per_share_4q_avg": 29.57,
            "equity": 3317674,
            "current_ratio": 96.75,
            "debt_ratio": 71.45,
            "inventory_turnover_ratio": 18.17,
            "account_receivable_turnover_ratio": 7.91,
            "reinvestment_rate": 11.93,
            "research_to_sale_ratio": null,
            "price_fair": 326.99,
            "eps_avg_yearly": 9.34,
            "eps_latest_yearly": 8.76,
            "eps_growth_yearly": 48.61
        },
        "20194": {
            "year_quarter": 20194,
            "year": 2019,
            "quarter": 4,
            "eps": 2.55,
            "eps_growth_year": -8.84,
            "eps_4q": 10.55,
            "eps_4q_growth_year": -2.31,
            "roe": 9.82,
            "roe_4q": 35.51,
            "gross_profit": 565955,
            "gross_margin": 33.22,
            "gross_margin_4q_avg": 33.49,
            "net_income": 337733,
            "revenue": 1703705,
            "common_shares": 1274020,
            "book_valuer_per_share": 25.66,
            "book_valuer_per_share_4q_avg": 27.99,
            "equity": 3558218,
            "current_ratio": 108.09,
            "debt_ratio": 68.6,
            "inventory_turnover_ratio": 18.84,
            "account_receivable_turnover_ratio": 8.09,
            "reinvestment_rate": 6.68,
            "research_to_sale_ratio": null,
            "price_fair": 326.11,
            "eps_avg_yearly": 9.32,
            "eps_latest_yearly": 10.2,
            "eps_growth_yearly": 38.29
        },
        "20201": {
            "year_quarter": 20201,
            "year": 2020,
            "quarter": 1,
            "eps": 1.16,
            "eps_growth_year": -51.05,
            "eps_4q": 9.36,
            "eps_4q_growth_year": -18.2,
            "roe": 4.64,
            "roe_4q": 33.33,
            "gross_profit": 363037,
            "gross_margin": 26.68,
            "gross_margin_4q_avg": 31.69,
            "net_income": 157681,
            "revenue": 1360802,
            "common_shares": 1274020,
            "book_valuer_per_share": 23.05,
            "book_valuer_per_share_4q_avg": 25.15,
            "equity": 3235630,
            "current_ratio": 97.57,
            "debt_ratio": 70.74,
            "inventory_turnover_ratio": 17.62,
            "account_receivable_turnover_ratio": 8.18,
            "reinvestment_rate": 5.25,
            "research_to_sale_ratio": null,
            "price_fair": 318.59,
            "eps_avg_yearly": 9.1,
            "eps_latest_yearly": 4.64,
            "eps_growth_yearly": 30.6
        },
        "20202": {
            "year_quarter": 20202,
            "year": 2020,
            "quarter": 2,
            "eps": 0.69,
            "eps_growth_year": -80.12,
            "eps_4q": 6.59,
            "eps_4q_growth_year": -36.43,
            "roe": 3.19,
            "roe_4q": 25.9,
            "gross_profit": 220882,
            "gross_margin": 21.85,
            "gross_margin_4q_avg": 28.66,
            "net_income": 103750,
            "revenue": 1011047,
            "common_shares": 1274020,
            "book_valuer_per_share": 23.38,
            "book_valuer_per_share_4q_avg": 23.99,
            "equity": 3260632,
            "current_ratio": 77.99,
            "debt_ratio": 70.25,
            "inventory_turnover_ratio": 13.3,
            "account_receivable_turnover_ratio": 7.54,
            "reinvestment_rate": 6.16,
            "research_to_sale_ratio": null,
            "price_fair": 311.06,
            "eps_avg_yearly": 8.89,
            "eps_latest_yearly": 2.76,
            "eps_growth_yearly": 26.29
        },
        "20203": {
            "year_quarter": 20203,
            "year": 2020,
            "quarter": 3,
            "eps": 1.59,
            "eps_growth_year": -27.4,
            "eps_4q": 5.99,
            "eps_4q_growth_year": -44.48,
            "roe": 6.7,
            "roe_4q": 24.35,
            "gross_profit": 462438,
            "gross_margin": 30.97,
            "gross_margin_4q_avg": 28.18,
            "net_income": 224770,
            "revenue": 1493015,
            "common_shares": 1274020,
            "book_valuer_per_share": 24.71,
            "book_valuer_per_share_4q_avg": 24.2,
            "equity": 3444480,
            "current_ratio": 83.37,
            "debt_ratio": 67.79,
            "inventory_turnover_ratio": 13.35,
            "account_receivable_turnover_ratio": 9.29,
            "reinvestment_rate": 6.09,
            "research_to_sale_ratio": null,
            "price_fair": 311.41,
            "eps_avg_yearly": 8.9,
            "eps_latest_yearly": 6.36,
            "eps_growth_yearly": 58.9
        },
        "20204": {
            "year_quarter": 20204,
            "year": 2020,
            "quarter": 4,
            "eps": 1.75,
            "eps_growth_year": -31.61,
            "eps_4q": 5.18,
            "eps_4q_growth_year": -50.9,
            "roe": 6.95,
            "roe_4q": 21.48,
            "gross_profit": 484083,
            "gross_margin": 31.07,
            "gross_margin_4q_avg": 27.64,
            "net_income": 246667,
            "revenue": 1558046,
            "common_shares": 1274020,
            "book_valuer_per_share": 26.13,
            "book_valuer_per_share_4q_avg": 24.32,
            "equity": 3650028,
            "current_ratio": 92.2,
            "debt_ratio": 66.68,
            "inventory_turnover_ratio": 13.07,
            "account_receivable_turnover_ratio": 7.94,
            "reinvestment_rate": 5.61,
            "research_to_sale_ratio": null,
            "price_fair": 305.73,
            "eps_avg_yearly": 8.74,
            "eps_latest_yearly": 7,
            "eps_growth_yearly": 47.7
        },
        "20211": {
            "year_quarter": 20211,
            "year": 2021,
            "quarter": 1,
            "eps": 2.11,
            "eps_growth_year": 81.9,
            "eps_4q": 6.13,
            "eps_4q_growth_year": -34.51,
            "roe": 8.43,
            "roe_4q": 25.27,
            "gross_profit": 499704,
            "gross_margin": 32.32,
            "gross_margin_4q_avg": 29.05,
            "net_income": 295291,
            "revenue": 1546126,
            "common_shares": 1274020,
            "book_valuer_per_share": 23.6,
            "book_valuer_per_share_4q_avg": 24.46,
            "equity": 3354373,
            "current_ratio": 87.1,
            "debt_ratio": 69.37,
            "inventory_turnover_ratio": 14.62,
            "account_receivable_turnover_ratio": 8.91,
            "reinvestment_rate": 5.76,
            "research_to_sale_ratio": null,
            "price_fair": 308.09,
            "eps_avg_yearly": 8.8,
            "eps_latest_yearly": 8.44,
            "eps_growth_yearly": 58.68
        },
        "20212": {
            "year_quarter": 20212,
            "year": 2021,
            "quarter": 2,
            "eps": 0.87,
            "eps_growth_year": 26.09,
            "eps_4q": 6.31,
            "eps_4q_growth_year": -4.32,
            "roe": 3.34,
            "roe_4q": 25.419999999999998,
            "gross_profit": 164794,
            "gross_margin": 16.06,
            "gross_margin_4q_avg": 27.61,
            "net_income": 113002,
            "revenue": 1026330,
            "common_shares": 1274032,
            "book_valuer_per_share": 24.06,
            "book_valuer_per_share_4q_avg": 24.63,
            "equity": 3414417,
            "current_ratio": 89.75,
            "debt_ratio": 63.76,
            "inventory_turnover_ratio": 20.83,
            "account_receivable_turnover_ratio": 9.86,
            "reinvestment_rate": 4.39,
            "research_to_sale_ratio": null,
            "price_fair": 298.29,
            "eps_avg_yearly": 8.52,
            "eps_latest_yearly": 3.48,
            "eps_growth_yearly": 41.95
        },
        "20213": {
            "year_quarter": 20213,
            "year": 2021,
            "quarter": 3,
            "eps": 11.8,
            "eps_growth_year": 642.14,
            "eps_4q": 16.52,
            "eps_4q_growth_year": 175.95,
            "roe": 36.64,
            "roe_4q": 55.36000000000001,
            "gross_profit": 137995,
            "gross_margin": 13.71,
            "gross_margin_4q_avg": 23.29,
            "net_income": 1514859,
            "revenue": 1006499,
            "common_shares": 1274032,
            "book_valuer_per_share": 35.81,
            "book_valuer_per_share_4q_avg": 27.4,
            "equity": 4853443,
            "current_ratio": 151.86,
            "debt_ratio": 54.79,
            "inventory_turnover_ratio": 42.25,
            "account_receivable_turnover_ratio": 12.83,
            "reinvestment_rate": 3.91,
            "research_to_sale_ratio": null,
            "price_fair": 383.78,
            "eps_avg_yearly": 10.97,
            "eps_latest_yearly": 47.2,
            "eps_growth_yearly": 355.53
        },
        "20214": {
            "year_quarter": 20214,
            "year": 2021,
            "quarter": 4,
            "eps": 2.31,
            "eps_growth_year": 32.51,
            "eps_4q": 17.09,
            "eps_4q_growth_year": 229.86,
            "roe": 6.32,
            "roe_4q": 54.73,
            "gross_profit": 531263,
            "gross_margin": 39.3,
            "gross_margin_4q_avg": 25.35,
            "net_income": 316627,
            "revenue": 1351739,
            "common_shares": 1274032,
            "book_valuer_per_share": 38.06,
            "book_valuer_per_share_4q_avg": 30.38,
            "equity": 5162206,
            "current_ratio": 164.21,
            "debt_ratio": 53.12,
            "inventory_turnover_ratio": 33.53,
            "account_receivable_turnover_ratio": 10.81,
            "reinvestment_rate": 2.35,
            "research_to_sale_ratio": null,
            "price_fair": 382.03,
            "eps_avg_yearly": 10.92,
            "eps_latest_yearly": 9.24,
            "eps_growth_yearly": 329.51
        },
        "20221": {
            "year_quarter": 20221,
            "year": 2022,
            "quarter": 1,
            "eps": 1.97,
            "eps_growth_year": -6.64,
            "eps_4q": 16.96,
            "eps_4q_growth_year": 176.71,
            "roe": 6.2,
            "roe_4q": 52.5,
            "gross_profit": 489310,
            "gross_margin": 34.44,
            "gross_margin_4q_avg": 25.88,
            "net_income": 281174,
            "revenue": 1420587,
            "common_shares": 1274032,
            "book_valuer_per_share": 28.01,
            "book_valuer_per_share_4q_avg": 31.49,
            "equity": 3911181,
            "current_ratio": 108.43,
            "debt_ratio": 64.63,
            "inventory_turnover_ratio": 35.5,
            "account_receivable_turnover_ratio": 10.03,
            "reinvestment_rate": 2.6,
            "research_to_sale_ratio": null,
            "price_fair": 384.13,
            "eps_avg_yearly": 10.98,
            "eps_latest_yearly": 7.88,
            "eps_growth_yearly": 333.6
        },
        "20222": {
            "year_quarter": 20222,
            "year": 2022,
            "quarter": 2,
            "eps": 0.69,
            "eps_growth_year": -20.69,
            "eps_4q": 16.78,
            "eps_4q_growth_year": 165.93,
            "roe": 2.77,
            "roe_4q": 51.93,
            "gross_profit": 258775,
            "gross_margin": 24.83,
            "gross_margin_4q_avg": 28.07,
            "net_income": 109291,
            "revenue": 1041999,
            "common_shares": 1274032,
            "book_valuer_per_share": 28.97,
            "book_valuer_per_share_4q_avg": 32.71,
            "equity": 3993845,
            "current_ratio": 110.84,
            "debt_ratio": 63.23,
            "inventory_turnover_ratio": 33.11,
            "account_receivable_turnover_ratio": 9.95,
            "reinvestment_rate": -16.98,
            "research_to_sale_ratio": null,
            "price_fair": 350.96,
            "eps_avg_yearly": 10.03,
            "eps_latest_yearly": 2.76,
            "eps_growth_yearly": 277.62
        },
        "20223": {
            "year_quarter": 20223,
            "year": 2022,
            "quarter": 3,
            "eps": 2.07,
            "eps_growth_year": -82.46,
            "eps_4q": 7.05,
            "eps_4q_growth_year": -57.35,
            "roe": 7.05,
            "roe_4q": 22.34,
            "gross_profit": 527554,
            "gross_margin": 35.81,
            "gross_margin_4q_avg": 33.6,
            "net_income": 295847,
            "revenue": 1473031,
            "common_shares": 1274032,
            "book_valuer_per_share": 31.93,
            "book_valuer_per_share_4q_avg": 31.74,
            "equity": 4402422,
            "current_ratio": 135.99,
            "debt_ratio": 55.28,
            "inventory_turnover_ratio": 37.84,
            "account_receivable_turnover_ratio": 12.85,
            "reinvestment_rate": -14.92,
            "research_to_sale_ratio": null,
            "price_fair": 353.41,
            "eps_avg_yearly": 10.1,
            "eps_latest_yearly": 8.28,
            "eps_growth_yearly": 342.63
        },
        "20224": {
            "year_quarter": 20224,
            "year": 2022,
            "quarter": 4,
            "eps": 2.35,
            "eps_growth_year": 1.73,
            "eps_4q": 7.09,
            "eps_4q_growth_year": -58.53,
            "roe": 7.23,
            "roe_4q": 23.25,
            "gross_profit": 588978,
            "gross_margin": 35.44,
            "gross_margin_4q_avg": 32.63,
            "net_income": 329391,
            "revenue": 1661706,
            "common_shares": 1274032,
            "book_valuer_per_share": 34.07,
            "book_valuer_per_share_4q_avg": 30.75,
            "equity": 4705794,
            "current_ratio": 141.89,
            "debt_ratio": 55.14,
            "inventory_turnover_ratio": 32.57,
            "account_receivable_turnover_ratio": 10.31,
            "reinvestment_rate": -14.87,
            "research_to_sale_ratio": null,
            "price_fair": 349.48,
            "eps_avg_yearly": 9.99,
            "eps_latest_yearly": 9.4,
            "eps_growth_yearly": 331.9
        },
        "20231": {
            "year_quarter": 20231,
            "year": 2023,
            "quarter": 1,
            "eps": 2.84,
            "eps_growth_year": 44.16,
            "eps_4q": 7.95,
            "eps_4q_growth_year": -53.1,
            "roe": 8.97,
            "roe_4q": 26.020000000000003,
            "gross_profit": 651649,
            "gross_margin": 37.48,
            "gross_margin_4q_avg": 33.39,
            "net_income": 387283,
            "revenue": 1738700,
            "common_shares": 1274032,
            "book_valuer_per_share": 27.76,
            "book_valuer_per_share_4q_avg": 30.68,
            "equity": 3927156,
            "current_ratio": 121.7,
            "debt_ratio": 62.58,
            "inventory_turnover_ratio": 31.22,
            "account_receivable_turnover_ratio": 10.24,
            "reinvestment_rate": -14.46,
            "research_to_sale_ratio": null,
            "price_fair": 353.59,
            "eps_avg_yearly": 10.1,
            "eps_latest_yearly": 11.36,
            "eps_growth_yearly": 340.96
        }
    },
    "months": {
        "2001-06": {
            "month": "2001-06",
            "price": "15.46",
            "revenue": 210654
        },
        "2001-07": {
            "month": "2001-07",
            "price": "15.96",
            "revenue": 180912
        },
        "2001-08": {
            "month": "2001-08",
            "price": "15.49",
            "revenue": 179824
        },
        "2001-09": {
            "month": "2001-09",
            "price": "14.70",
            "revenue": 166121
        },
        "2001-10": {
            "month": "2001-10",
            "price": "14.22",
            "revenue": 177752
        },
        "2001-11": {
            "month": "2001-11",
            "price": "14.39",
            "revenue": 187147
        },
        "2001-12": {
            "month": "2001-12",
            "price": "15.33",
            "revenue": 201092
        },
        "2002-01": {
            "month": "2002-01",
            "price": "15.14",
            "revenue": 211891
        },
        "2002-02": {
            "month": "2002-02",
            "price": "15.29",
            "revenue": 174052
        },
        "2002-03": {
            "month": "2002-03",
            "price": "16.73",
            "revenue": 195091
        },
        "2002-04": {
            "month": "2002-04",
            "price": "19.38",
            "revenue": 175747
        },
        "2002-05": {
            "month": "2002-05",
            "price": "18.25",
            "revenue": 183798
        },
        "2002-06": {
            "month": "2002-06",
            "price": "19.58",
            "revenue": 200827
        },
        "2002-07": {
            "month": "2002-07",
            "price": "18.25",
            "revenue": 165769
        },
        "2002-08": {
            "month": "2002-08",
            "price": "17.76",
            "revenue": 174224
        },
        "2002-09": {
            "month": "2002-09",
            "price": "18.74",
            "revenue": 170001
        },
        "2002-10": {
            "month": "2002-10",
            "price": "19.58",
            "revenue": 190680
        },
        "2002-11": {
            "month": "2002-11",
            "price": "29.90",
            "revenue": 193209
        },
        "2002-12": {
            "month": "2002-12",
            "price": "29.66",
            "revenue": 195079
        },
        "2003-01": {
            "month": "2003-01",
            "price": "30.25",
            "revenue": 218721
        },
        "2003-02": {
            "month": "2003-02",
            "price": "32.04",
            "revenue": 164756
        },
        "2003-03": {
            "month": "2003-03",
            "price": "36.04",
            "revenue": 175062
        },
        "2003-04": {
            "month": "2003-04",
            "price": "31.60",
            "revenue": 117191
        },
        "2003-05": {
            "month": "2003-05",
            "price": "25.14",
            "revenue": 82313
        },
        "2003-06": {
            "month": "2003-06",
            "price": "28.31",
            "revenue": 105218
        },
        "2003-07": {
            "month": "2003-07",
            "price": "28.25",
            "revenue": 141507
        },
        "2003-08": {
            "month": "2003-08",
            "price": "28.97",
            "revenue": 155251
        },
        "2003-09": {
            "month": "2003-09",
            "price": "29.55",
            "revenue": 190177
        },
        "2003-10": {
            "month": "2003-10",
            "price": "33.68",
            "revenue": 186636
        },
        "2003-11": {
            "month": "2003-11",
            "price": "36.13",
            "revenue": 183584
        },
        "2003-12": {
            "month": "2003-12",
            "price": "36.53",
            "revenue": 196217
        },
        "2004-01": {
            "month": "2004-01",
            "price": "38.94",
            "revenue": 199152
        },
        "2004-02": {
            "month": "2004-02",
            "price": "43.26",
            "revenue": 185226
        },
        "2004-03": {
            "month": "2004-03",
            "price": "44.09",
            "revenue": 182251
        },
        "2004-04": {
            "month": "2004-04",
            "price": "42.84",
            "revenue": 179233
        },
        "2004-05": {
            "month": "2004-05",
            "price": "38.95",
            "revenue": 199535
        },
        "2004-06": {
            "month": "2004-06",
            "price": "36.42",
            "revenue": 208923
        },
        "2004-07": {
            "month": "2004-07",
            "price": "36.60",
            "revenue": 198621
        },
        "2004-08": {
            "month": "2004-08",
            "price": "37.24",
            "revenue": 186700
        },
        "2004-09": {
            "month": "2004-09",
            "price": "38.14",
            "revenue": 185738
        },
        "2004-10": {
            "month": "2004-10",
            "price": "38.39",
            "revenue": 221032
        },
        "2004-11": {
            "month": "2004-11",
            "price": "37.90",
            "revenue": 212308
        },
        "2004-12": {
            "month": "2004-12",
            "price": "37.87",
            "revenue": 218700
        },
        "2005-01": {
            "month": "2005-01",
            "price": "39.10",
            "revenue": 246468
        },
        "2005-02": {
            "month": "2005-02",
            "price": "38.86",
            "revenue": 198859
        },
        "2005-03": {
            "month": "2005-03",
            "price": "41.25",
            "revenue": 238434
        },
        "2005-04": {
            "month": "2005-04",
            "price": "40.35",
            "revenue": 207637
        },
        "2005-05": {
            "month": "2005-05",
            "price": "46.70",
            "revenue": 229752
        },
        "2005-06": {
            "month": "2005-06",
            "price": "53.36",
            "revenue": 248725
        },
        "2005-07": {
            "month": "2005-07",
            "price": "53.51",
            "revenue": 204041
        },
        "2005-08": {
            "month": "2005-08",
            "price": "53.72",
            "revenue": 191006
        },
        "2005-09": {
            "month": "2005-09",
            "price": "51.60",
            "revenue": 219520
        },
        "2005-10": {
            "month": "2005-10",
            "price": "51.46",
            "revenue": 241625
        },
        "2005-11": {
            "month": "2005-11",
            "price": "52.55",
            "revenue": 217230
        },
        "2005-12": {
            "month": "2005-12",
            "price": "62.00",
            "revenue": 234155
        },
        "2006-01": {
            "month": "2006-01",
            "price": "63.93",
            "revenue": 256312
        },
        "2006-02": {
            "month": "2006-02",
            "price": "63.39",
            "revenue": 192566
        },
        "2006-03": {
            "month": "2006-03",
            "price": "63.44",
            "revenue": 223209
        },
        "2006-04": {
            "month": "2006-04",
            "price": "71.43",
            "revenue": 211372
        },
        "2006-05": {
            "month": "2006-05",
            "price": "78.97",
            "revenue": 221793
        },
        "2006-06": {
            "month": "2006-06",
            "price": "81.10",
            "revenue": 236795
        },
        "2006-07": {
            "month": "2006-07",
            "price": "79.63",
            "revenue": 201972
        },
        "2006-08": {
            "month": "2006-08",
            "price": "87.29",
            "revenue": 189509
        },
        "2006-09": {
            "month": "2006-09",
            "price": "89.28",
            "revenue": 198146
        },
        "2006-10": {
            "month": "2006-10",
            "price": "90.78",
            "revenue": 232258
        },
        "2006-11": {
            "month": "2006-11",
            "price": "90.60",
            "revenue": 235126
        },
        "2006-12": {
            "month": "2006-12",
            "price": "97.82",
            "revenue": 247818
        },
        "2007-01": {
            "month": "2007-01",
            "price": "103.59",
            "revenue": 243505
        },
        "2007-02": {
            "month": "2007-02",
            "price": "392.14",
            "revenue": 221401
        },
        "2007-03": {
            "month": "2007-03",
            "price": "371.41",
            "revenue": 253563
        },
        "2007-04": {
            "month": "2007-04",
            "price": "365.40",
            "revenue": 226243
        },
        "2007-05": {
            "month": "2007-05",
            "price": "336.38",
            "revenue": 238573
        },
        "2007-06": {
            "month": "2007-06",
            "price": "334.60",
            "revenue": 262936
        },
        "2007-07": {
            "month": "2007-07",
            "price": "343.02",
            "revenue": 215917
        },
        "2007-08": {
            "month": "2007-08",
            "price": "287.70",
            "revenue": 208232
        },
        "2007-09": {
            "month": "2007-09",
            "price": "263.06",
            "revenue": 225043
        },
        "2007-10": {
            "month": "2007-10",
            "price": "313.73",
            "revenue": 265755
        },
        "2007-11": {
            "month": "2007-11",
            "price": "312.80",
            "revenue": 241402
        },
        "2007-12": {
            "month": "2007-12",
            "price": "293.19",
            "revenue": 269324
        },
        "2008-01": {
            "month": "2008-01",
            "price": "325.50",
            "revenue": 287556
        },
        "2008-02": {
            "month": "2008-02",
            "price": "400.18",
            "revenue": 233513
        },
        "2008-03": {
            "month": "2008-03",
            "price": "465.31",
            "revenue": 248197
        },
        "2008-04": {
            "month": "2008-04",
            "price": "527.90",
            "revenue": 223501
        },
        "2008-05": {
            "month": "2008-05",
            "price": "589.38",
            "revenue": 245984
        },
        "2008-06": {
            "month": "2008-06",
            "price": "641.95",
            "revenue": 257600
        },
        "2008-07": {
            "month": "2008-07",
            "price": "481.95",
            "revenue": 242591
        },
        "2008-08": {
            "month": "2008-08",
            "price": "480.62",
            "revenue": 214241
        },
        "2008-09": {
            "month": "2008-09",
            "price": "389.71",
            "revenue": 243353
        },
        "2008-10": {
            "month": "2008-10",
            "price": "240.57",
            "revenue": 257521
        },
        "2008-11": {
            "month": "2008-11",
            "price": "235.35",
            "revenue": 272605
        },
        "2008-12": {
            "month": "2008-12",
            "price": "295.52",
            "revenue": 256519
        },
        "2009-01": {
            "month": "2009-01",
            "price": "314.53",
            "revenue": 267216
        },
        "2009-02": {
            "month": "2009-02",
            "price": "278.80",
            "revenue": 212899
        },
        "2009-03": {
            "month": "2009-03",
            "price": "302.41",
            "revenue": 239901
        },
        "2009-04": {
            "month": "2009-04",
            "price": "390.82",
            "revenue": 222391
        },
        "2009-05": {
            "month": "2009-05",
            "price": "456.94",
            "revenue": 238650
        },
        "2009-06": {
            "month": "2009-06",
            "price": "453.41",
            "revenue": 223381
        },
        "2009-07": {
            "month": "2009-07",
            "price": "449.87",
            "revenue": 241856
        },
        "2009-08": {
            "month": "2009-08",
            "price": "403.42",
            "revenue": 270051
        },
        "2009-09": {
            "month": "2009-09",
            "price": "404.25",
            "revenue": 271094
        },
        "2009-10": {
            "month": "2009-10",
            "price": "407.68",
            "revenue": 277523
        },
        "2009-11": {
            "month": "2009-11",
            "price": "409.36",
            "revenue": 275423
        },
        "2009-12": {
            "month": "2009-12",
            "price": "408.35",
            "revenue": 293816
        },
        "2010-01": {
            "month": "2010-01",
            "price": "392.20",
            "revenue": 307365
        },
        "2010-02": {
            "month": "2010-02",
            "price": "345.64",
            "revenue": 260767
        },
        "2010-03": {
            "month": "2010-03",
            "price": "345.80",
            "revenue": 301017
        },
        "2010-04": {
            "month": "2010-04",
            "price": "370.69",
            "revenue": 291965
        },
        "2010-05": {
            "month": "2010-05",
            "price": "350.40",
            "revenue": 297076
        },
        "2010-06": {
            "month": "2010-06",
            "price": "387.26",
            "revenue": 276101
        },
        "2010-07": {
            "month": "2010-07",
            "price": "450.86",
            "revenue": 295428
        },
        "2010-08": {
            "month": "2010-08",
            "price": "510.05",
            "revenue": 276122
        },
        "2010-09": {
            "month": "2010-09",
            "price": "515.86",
            "revenue": 280423
        },
        "2010-10": {
            "month": "2010-10",
            "price": "521.05",
            "revenue": 314545
        },
        "2010-11": {
            "month": "2010-11",
            "price": "482.09",
            "revenue": 295053
        },
        "2010-12": {
            "month": "2010-12",
            "price": "510.91",
            "revenue": 322517
        },
        "2011-01": {
            "month": "2011-01",
            "price": "491.78",
            "revenue": 342892
        },
        "2011-02": {
            "month": "2011-02",
            "price": "496.07",
            "revenue": 258351
        },
        "2011-03": {
            "month": "2011-03",
            "price": "476.89",
            "revenue": 280159
        },
        "2011-04": {
            "month": "2011-04",
            "price": "515.05",
            "revenue": 300871
        },
        "2011-05": {
            "month": "2011-05",
            "price": "537.57",
            "revenue": 303645
        },
        "2011-06": {
            "month": "2011-06",
            "price": "545.48",
            "revenue": 291383
        },
        "2011-07": {
            "month": "2011-07",
            "price": "515.90",
            "revenue": 294578
        },
        "2011-08": {
            "month": "2011-08",
            "price": "460.70",
            "revenue": 272966
        },
        "2011-09": {
            "month": "2011-09",
            "price": "436.24",
            "revenue": 296699
        },
        "2011-10": {
            "month": "2011-10",
            "price": "433.12",
            "revenue": 325911
        },
        "2011-11": {
            "month": "2011-11",
            "price": "438.75",
            "revenue": 313808
        },
        "2011-12": {
            "month": "2011-12",
            "price": "391.89",
            "revenue": 346004
        },
        "2012-01": {
            "month": "2012-01",
            "price": "387.83",
            "revenue": 321959
        },
        "2012-02": {
            "month": "2012-02",
            "price": "448.40",
            "revenue": 285331
        },
        "2012-03": {
            "month": "2012-03",
            "price": "444.20",
            "revenue": 316648
        },
        "2012-04": {
            "month": "2012-04",
            "price": "403.42",
            "revenue": 292561
        },
        "2012-05": {
            "month": "2012-05",
            "price": "367.89",
            "revenue": 301322
        },
        "2012-06": {
            "month": "2012-06",
            "price": "322.05",
            "revenue": 311762
        },
        "2012-07": {
            "month": "2012-07",
            "price": "301.45",
            "revenue": 294166
        },
        "2012-08": {
            "month": "2012-08",
            "price": "330.41",
            "revenue": 296966
        },
        "2012-09": {
            "month": "2012-09",
            "price": "338.60",
            "revenue": 310130
        },
        "2012-10": {
            "month": "2012-10",
            "price": "335.64",
            "revenue": 320089
        },
        "2012-11": {
            "month": "2012-11",
            "price": "327.93",
            "revenue": 323186
        },
        "2012-12": {
            "month": "2012-12",
            "price": "365.43",
            "revenue": 339301
        },
        "2013-01": {
            "month": "2013-01",
            "price": "366.64",
            "revenue": 460630
        },
        "2013-02": {
            "month": "2013-02",
            "price": "364.88",
            "revenue": 442381
        },
        "2013-03": {
            "month": "2013-03",
            "price": "350.64",
            "revenue": 535553
        },
        "2013-04": {
            "month": "2013-04",
            "price": "324.08",
            "revenue": 448472
        },
        "2013-05": {
            "month": "2013-05",
            "price": "339.43",
            "revenue": 444952
        },
        "2013-06": {
            "month": "2013-06",
            "price": "352.95",
            "revenue": 476651
        },
        "2013-07": {
            "month": "2013-07",
            "price": "378.41",
            "revenue": 439416
        },
        "2013-08": {
            "month": "2013-08",
            "price": "349.64",
            "revenue": 431126
        },
        "2013-09": {
            "month": "2013-09",
            "price": "339.98",
            "revenue": 462588
        },
        "2013-10": {
            "month": "2013-10",
            "price": "337.61",
            "revenue": 509986
        },
        "2013-11": {
            "month": "2013-11",
            "price": "336.31",
            "revenue": 507421
        },
        "2013-12": {
            "month": "2013-12",
            "price": "336.52",
            "revenue": 568066
        },
        "2014-01": {
            "month": "2014-01",
            "price": "334.72",
            "revenue": 557883
        },
        "2014-02": {
            "month": "2014-02",
            "price": "333.91",
            "revenue": 449828
        },
        "2014-03": {
            "month": "2014-03",
            "price": "349.93",
            "revenue": 488374
        },
        "2014-04": {
            "month": "2014-04",
            "price": "366.17",
            "revenue": 434904
        },
        "2014-05": {
            "month": "2014-05",
            "price": "354.43",
            "revenue": 559880
        },
        "2014-06": {
            "month": "2014-06",
            "price": "358.82",
            "revenue": 534214
        },
        "2014-07": {
            "month": "2014-07",
            "price": "363.18",
            "revenue": 501695
        },
        "2014-08": {
            "month": "2014-08",
            "price": "340.55",
            "revenue": 510737
        },
        "2014-09": {
            "month": "2014-09",
            "price": "331.29",
            "revenue": 537558
        },
        "2014-10": {
            "month": "2014-10",
            "price": "314.61",
            "revenue": 565466
        },
        "2014-11": {
            "month": "2014-11",
            "price": "321.45",
            "revenue": 577993
        },
        "2014-12": {
            "month": "2014-12",
            "price": "319.29",
            "revenue": 610118
        },
        "2015-01": {
            "month": "2015-01",
            "price": "322.65",
            "revenue": 565860
        },
        "2015-02": {
            "month": "2015-02",
            "price": "321.23",
            "revenue": 603156
        },
        "2015-03": {
            "month": "2015-03",
            "price": "328.59",
            "revenue": 559942
        },
        "2015-04": {
            "month": "2015-04",
            "price": "328.68",
            "revenue": 508572
        },
        "2015-05": {
            "month": "2015-05",
            "price": "311.22",
            "revenue": 568566
        },
        "2015-06": {
            "month": "2015-06",
            "price": "269.07",
            "revenue": 564565
        },
        "2015-07": {
            "month": "2015-07",
            "price": "243.02",
            "revenue": 533845
        },
        "2015-08": {
            "month": "2015-08",
            "price": "218.31",
            "revenue": 509434
        },
        "2015-09": {
            "month": "2015-09",
            "price": "218.48",
            "revenue": 503449
        },
        "2015-10": {
            "month": "2015-10",
            "price": "219.00",
            "revenue": 567468
        },
        "2015-11": {
            "month": "2015-11",
            "price": "226.79",
            "revenue": 581959
        },
        "2015-12": {
            "month": "2015-12",
            "price": "224.00",
            "revenue": 604343
        },
        "2016-01": {
            "month": "2016-01",
            "price": "218.48",
            "revenue": 616044
        },
        "2016-02": {
            "month": "2016-02",
            "price": "214.85",
            "revenue": 560773
        },
        "2016-03": {
            "month": "2016-03",
            "price": "209.83",
            "revenue": 544117
        },
        "2016-04": {
            "month": "2016-04",
            "price": "191.66",
            "revenue": 518224
        },
        "2016-05": {
            "month": "2016-05",
            "price": "192.31",
            "revenue": 598778
        },
        "2016-06": {
            "month": "2016-06",
            "price": "185.55",
            "revenue": 515778
        },
        "2016-07": {
            "month": "2016-07",
            "price": "187.12",
            "revenue": 546196
        },
        "2016-08": {
            "month": "2016-08",
            "price": "180.59",
            "revenue": 549041
        },
        "2016-09": {
            "month": "2016-09",
            "price": "180.45",
            "revenue": 560795
        },
        "2016-10": {
            "month": "2016-10",
            "price": "177.85",
            "revenue": 599156
        },
        "2016-11": {
            "month": "2016-11",
            "price": "172.98",
            "revenue": 577668
        },
        "2016-12": {
            "month": "2016-12",
            "price": "169.45",
            "revenue": 670515
        },
        "2017-01": {
            "month": "2017-01",
            "price": "168.09",
            "revenue": 706875
        },
        "2017-02": {
            "month": "2017-02",
            "price": "170.69",
            "revenue": 497223
        },
        "2017-03": {
            "month": "2017-03",
            "price": "163.52",
            "revenue": 517265
        },
        "2017-04": {
            "month": "2017-04",
            "price": "155.83",
            "revenue": 526901
        },
        "2017-05": {
            "month": "2017-05",
            "price": "156.60",
            "revenue": 591668
        },
        "2017-06": {
            "month": "2017-06",
            "price": "160.30",
            "revenue": 550104
        },
        "2017-07": {
            "month": "2017-07",
            "price": "163.24",
            "revenue": 571040
        },
        "2017-08": {
            "month": "2017-08",
            "price": "154.26",
            "revenue": 578618
        },
        "2017-09": {
            "month": "2017-09",
            "price": "154.45",
            "revenue": 585551
        },
        "2017-10": {
            "month": "2017-10",
            "price": "152.87",
            "revenue": 613573
        },
        "2017-11": {
            "month": "2017-11",
            "price": "151.39",
            "revenue": 581923
        },
        "2017-12": {
            "month": "2017-12",
            "price": "153.93",
            "revenue": 683523
        },
        "2018-01": {
            "month": "2018-01",
            "price": "155.14",
            "revenue": 581057
        },
        "2018-02": {
            "month": "2018-02",
            "price": "152.27",
            "revenue": 589334
        },
        "2018-03": {
            "month": "2018-03",
            "price": "151.67",
            "revenue": 539940
        },
        "2018-04": {
            "month": "2018-04",
            "price": "153.86",
            "revenue": 512696
        },
        "2018-05": {
            "month": "2018-05",
            "price": "152.70",
            "revenue": 585932
        },
        "2018-06": {
            "month": "2018-06",
            "price": "150.80",
            "revenue": 595212
        },
        "2018-07": {
            "month": "2018-07",
            "price": "147.73",
            "revenue": 506766
        },
        "2018-08": {
            "month": "2018-08",
            "price": "140.80",
            "revenue": 537794
        },
        "2018-09": {
            "month": "2018-09",
            "price": "137.18",
            "revenue": 529391
        },
        "2018-10": {
            "month": "2018-10",
            "price": "134.14",
            "revenue": 521462
        },
        "2018-11": {
            "month": "2018-11",
            "price": "139.45",
            "revenue": 520051
        },
        "2018-12": {
            "month": "2018-12",
            "price": "139.00",
            "revenue": 654147
        },
        "2019-01": {
            "month": "2019-01",
            "price": "135.12",
            "revenue": 640177
        },
        "2019-02": {
            "month": "2019-02",
            "price": "136.96",
            "revenue": 533934
        },
        "2019-03": {
            "month": "2019-03",
            "price": "138.78",
            "revenue": 507013
        },
        "2019-04": {
            "month": "2019-04",
            "price": "155.85",
            "revenue": 478596
        },
        "2019-05": {
            "month": "2019-05",
            "price": "158.16",
            "revenue": 544474
        },
        "2019-06": {
            "month": "2019-06",
            "price": "182.24",
            "revenue": 517069
        },
        "2019-07": {
            "month": "2019-07",
            "price": "182.04",
            "revenue": 527235
        },
        "2019-08": {
            "month": "2019-08",
            "price": "158.40",
            "revenue": 561999
        },
        "2019-09": {
            "month": "2019-09",
            "price": "161.11",
            "revenue": 525866
        },
        "2019-10": {
            "month": "2019-10",
            "price": "157.31",
            "revenue": 513371
        },
        "2019-11": {
            "month": "2019-11",
            "price": "163.74",
            "revenue": 552323
        },
        "2019-12": {
            "month": "2019-12",
            "price": "169.32",
            "revenue": 641858
        },
        "2020-01": {
            "month": "2020-01",
            "price": "165.90",
            "revenue": 687689
        },
        "2020-02": {
            "month": "2020-02",
            "price": "150.63",
            "revenue": 378955
        },
        "2020-03": {
            "month": "2020-03",
            "price": "126.79",
            "revenue": 296523
        },
        "2020-04": {
            "month": "2020-04",
            "price": "122.95",
            "revenue": 267095
        },
        "2020-05": {
            "month": "2020-05",
            "price": "142.25",
            "revenue": 365932
        },
        "2020-06": {
            "month": "2020-06",
            "price": "154.00",
            "revenue": 381126
        },
        "2020-07": {
            "month": "2020-07",
            "price": "143.67",
            "revenue": 468736
        },
        "2020-08": {
            "month": "2020-08",
            "price": "132.83",
            "revenue": 526077
        },
        "2020-09": {
            "month": "2020-09",
            "price": "132.41",
            "revenue": 499371
        },
        "2020-10": {
            "month": "2020-10",
            "price": "129.97",
            "revenue": 502355
        },
        "2020-11": {
            "month": "2020-11",
            "price": "135.81",
            "revenue": 479972
        },
        "2020-12": {
            "month": "2020-12",
            "price": "137.85",
            "revenue": 576529
        },
        "2021-01": {
            "month": "2021-01",
            "price": "130.65",
            "revenue": 529298
        },
        "2021-02": {
            "month": "2021-02",
            "price": "139.77",
            "revenue": 561567
        },
        "2021-03": {
            "month": "2021-03",
            "price": "154.89",
            "revenue": 455782
        },
        "2021-04": {
            "month": "2021-04",
            "price": "151.82",
            "revenue": 470775
        },
        "2021-05": {
            "month": "2021-05",
            "price": "137.45",
            "revenue": 343316
        },
        "2021-06": {
            "month": "2021-06",
            "price": "145.07",
            "revenue": 212600
        },
        "2021-07": {
            "month": "2021-07",
            "price": "151.14",
            "revenue": 268297
        },
        "2021-08": {
            "month": "2021-08",
            "price": "146.09",
            "revenue": 381534
        },
        "2021-09": {
            "month": "2021-09",
            "price": "143.42",
            "revenue": 356811
        },
        "2021-10": {
            "month": "2021-10",
            "price": "149.50",
            "revenue": 353600
        },
        "2021-11": {
            "month": "2021-11",
            "price": "152.91",
            "revenue": 451580
        },
        "2021-12": {
            "month": "2021-12",
            "price": "149.45",
            "revenue": 546650
        },
        "2022-01": {
            "month": "2022-01",
            "price": "146.11",
            "revenue": 527147
        },
        "2022-02": {
            "month": "2022-02",
            "price": "163.23",
            "revenue": 438419
        },
        "2022-03": {
            "month": "2022-03",
            "price": "168.04",
            "revenue": 455257
        },
        "2022-04": {
            "month": "2022-04",
            "price": "173.84",
            "revenue": 397311
        },
        "2022-05": {
            "month": "2022-05",
            "price": "165.83",
            "revenue": 309364
        },
        "2022-06": {
            "month": "2022-06",
            "price": "170.33",
            "revenue": 335861
        },
        "2022-07": {
            "month": "2022-07",
            "price": "168.26",
            "revenue": 468972
        },
        "2022-08": {
            "month": "2022-08",
            "price": "167.26",
            "revenue": 525276
        },
        "2022-09": {
            "month": "2022-09",
            "price": "179.38",
            "revenue": 479907
        },
        "2022-10": {
            "month": "2022-10",
            "price": "183.88",
            "revenue": 499519
        },
        "2022-11": {
            "month": "2022-11",
            "price": "192.70",
            "revenue": 517337
        },
        "2022-12": {
            "month": "2022-12",
            "price": "255.61",
            "revenue": 646837
        },
        "2023-01": {
            "month": "2023-01",
            "price": "244.73",
            "revenue": 692830
        },
        "2023-02": {
            "month": "2023-02",
            "price": "270.17",
            "revenue": 494391
        },
        "2023-03": {
            "month": "2023-03",
            "price": "283.48",
            "revenue": 551479
        },
        "2023-04": {
            "month": "2023-04",
            "price": "283.50",
            "revenue": 536797
        }
    }
}
