{
    "summary": {
        "stock_name": "遠雄來",
        "stock_id": "2712",
        "category": "觀光",
        "main_business": "經營觀光旅館及餐廳業務<br>經營商品之銷售<br>健身房之經營",
        "website_url": "http://www.farglory-hotel.com.tw",
        "ceo": "沈建劭",
        "pe_ratio": 100,
        "report_year_from": 2001,
        "report_year_to": 2023,
        "age": 22,
        "eps_negative_percentage": 27,
        "eps_growth_avg": {
            "last_all": -47,
            "last_2y": -100,
            "last_4y": -100,
            "last_8y": -47,
            "last_12y": null,
            "last_16y": null,
            "last_20y": null,
            "at_2006_last_3y": null,
            "at_2007_last_3y": null,
            "at_2008_last_3y": null,
            "at_2009_last_3y": null,
            "at_2010_last_3y": null,
            "at_2011_last_3y": null,
            "at_2012_last_3y": null,
            "at_2013_last_3y": null,
            "at_2014_last_3y": null,
            "at_2015_last_3y": null,
            "at_2016_last_3y": null,
            "at_2017_last_3y": -20.5,
            "at_2018_last_3y": -53.14,
            "at_2019_last_3y": -67.3,
            "at_2020_last_3y": -86.67,
            "at_2021_last_3y": -100,
            "at_2022_last_3y": -100,
            "at_2023_last_3y": -100,
            "at_2006_last_all": null,
            "at_2007_last_all": null,
            "at_2008_last_all": null,
            "at_2009_last_all": null,
            "at_2010_last_all": null,
            "at_2011_last_all": null,
            "at_2012_last_all": null,
            "at_2013_last_all": null,
            "at_2014_last_all": null,
            "at_2015_last_all": 9.96,
            "at_2016_last_all": -2.88,
            "at_2017_last_all": -20.5,
            "at_2018_last_all": -36.4,
            "at_2019_last_all": -36.4,
            "at_2020_last_all": -36.4,
            "at_2021_last_all": -47,
            "at_2022_last_all": -47,
            "at_2023_last_all": -47
        },
        "latest_eps": 0.33,
        "latest_price": 42.75,
        "latest_roe": 2.86,
        "latest_gross_margin": 31.78,
        "latest_equity": 1232190,
        "latest_revenue": 157457,
        "latest_gross_profit": 50040,
        "latest_net_income": 13956,
        "latest_debt_ratio": 33.14,
        "latest_current_ratio": 59.41,
        "latest_account_receivable_turnover_ratio": 11.74,
        "latest_inventory_turnover_ratio": 20.64,
        "latest_reinvestment_rate": 219.39,
        "latest_research_to_sale_ratio": null
    },
    "eps_dividends": {
        "2001": {
            "cash": 0,
            "stock": 0,
            "eps": 0
        },
        "2002": {
            "cash": 0,
            "stock": 0,
            "eps": 0
        },
        "2003": {
            "cash": 0,
            "stock": 0,
            "eps": 0
        },
        "2004": {
            "cash": 0,
            "stock": 0,
            "eps": 0
        },
        "2005": {
            "cash": 0,
            "stock": 0,
            "eps": 0
        },
        "2006": {
            "cash": 0,
            "stock": 0,
            "eps": 0
        },
        "2007": {
            "cash": 0,
            "stock": 0,
            "eps": 0
        },
        "2008": {
            "cash": 0,
            "stock": 0,
            "eps": 0
        },
        "2009": {
            "cash": 0,
            "stock": 0,
            "eps": 0
        },
        "2010": {
            "cash": 0,
            "stock": 0,
            "eps": 0
        },
        "2011": {
            "cash": 0,
            "stock": 0,
            "eps": 0
        },
        "2012": {
            "cash": 0,
            "stock": 0,
            "eps": 0
        },
        "2013": {
            "cash": 0.4,
            "stock": 0,
            "eps": 0.72
        },
        "2014": {
            "cash": 0.55,
            "stock": 0,
            "eps": 0.94
        },
        "2015": {
            "cash": 1,
            "stock": 0,
            "eps": 0.84
        },
        "2016": {
            "cash": 0.85,
            "stock": 0,
            "eps": 0.6
        },
        "2017": {
            "cash": 0.5,
            "stock": 0,
            "eps": 0.16
        },
        "2018": {
            "cash": 0.11,
            "stock": 0,
            "eps": -0.3
        },
        "2019": {
            "cash": 0,
            "stock": 0,
            "eps": -0.15
        },
        "2020": {
            "cash": 0,
            "stock": 0,
            "eps": 0.93
        },
        "2021": {
            "cash": 0.7,
            "stock": 0,
            "eps": -0.2
        },
        "2022": {
            "cash": 0,
            "stock": 0,
            "eps": 0.23
        },
        "2023": {
            "cash": 0.09,
            "stock": 0,
            "eps": 0.13
        }
    },
    "dividends": {
        "2013-03-26": {
            "cash": 0.4,
            "stock": 0
        },
        "2014-09-25": {
            "cash": 0.55,
            "stock": 0
        },
        "2015-08-20": {
            "cash": 1,
            "stock": 0
        },
        "2016-08-23": {
            "cash": 0.85,
            "stock": 0
        },
        "2017-08-25": {
            "cash": 0.5,
            "stock": 0
        },
        "2018-08-30": {
            "cash": 0.11,
            "stock": 0
        },
        "2021-09-16": {
            "cash": 0.7,
            "stock": 0
        },
        "2023-03-10": {
            "cash": 0.09,
            "stock": 0
        }
    },
    "prices": {
        "200101": "無",
        "200102": "無",
        "200103": "無",
        "200104": "無",
        "200105": "無",
        "200106": "無",
        "200107": "無",
        "200108": "無",
        "200109": "無",
        "200110": "無",
        "200111": "無",
        "200112": "無",
        "200201": "無",
        "200202": "無",
        "200203": "無",
        "200204": "無",
        "200205": "無",
        "200206": "無",
        "200207": "無",
        "200208": "無",
        "200209": "無",
        "200210": "無",
        "200211": "無",
        "200212": "無",
        "200301": "無",
        "200302": "無",
        "200303": "無",
        "200304": "無",
        "200305": "無",
        "200306": "無",
        "200307": "無",
        "200308": "無",
        "200309": "無",
        "200310": "無",
        "200311": "無",
        "200312": "無",
        "200401": "無",
        "200402": "無",
        "200403": "無",
        "200404": "無",
        "200405": "無",
        "200406": "無",
        "200407": "無",
        "200408": "無",
        "200409": "無",
        "200410": "無",
        "200411": "無",
        "200412": "無",
        "200501": "無",
        "200502": "無",
        "200503": "無",
        "200504": "無",
        "200505": "無",
        "200506": "無",
        "200507": "無",
        "200508": "無",
        "200509": "無",
        "200510": "無",
        "200511": "無",
        "200512": "無",
        "200601": "無",
        "200602": "無",
        "200603": "無",
        "200604": "無",
        "200605": "無",
        "200606": "無",
        "200607": "無",
        "200608": "無",
        "200609": "無",
        "200610": "無",
        "200611": "無",
        "200612": "無",
        "200701": "無",
        "200702": "無",
        "200703": "無",
        "200704": "無",
        "200705": "無",
        "200706": "無",
        "200707": "無",
        "200708": "無",
        "200709": "無",
        "200710": "無",
        "200711": "無",
        "200712": "無",
        "200801": "無",
        "200802": "無",
        "200803": "無",
        "200804": "無",
        "200805": "無",
        "200806": "無",
        "200807": "無",
        "200808": "無",
        "200809": "無",
        "200810": "無",
        "200811": "無",
        "200812": "無",
        "200901": "無",
        "200902": "無",
        "200903": "無",
        "200904": "無",
        "200905": "無",
        "200906": "無",
        "200907": "無",
        "200908": "無",
        "200909": "無",
        "200910": "無",
        "200911": "無",
        "200912": "無",
        "201001": "無",
        "201002": "無",
        "201003": "無",
        "201004": "無",
        "201005": "無",
        "201006": "無",
        "201007": "無",
        "201008": "無",
        "201009": "無",
        "201010": "無",
        "201011": "無",
        "201012": "無",
        "201101": "無",
        "201102": "無",
        "201103": "無",
        "201104": "無",
        "201105": "無",
        "201106": "無",
        "201107": "無",
        "201108": "無",
        "201109": "無",
        "201110": "無",
        "201111": "無",
        "201112": "無",
        "201201": "無",
        "201202": "無",
        "201203": "無",
        "201204": "無",
        "201205": "無",
        "201206": "無",
        "201207": "無",
        "201208": "無",
        "201209": "無",
        "201210": "無",
        "201211": "無",
        "201212": "22.78",
        "201301": "22.16",
        "201302": "21.71",
        "201303": "21.85",
        "201304": "21.51",
        "201305": "20.19",
        "201306": "19.66",
        "201307": "20.13",
        "201308": "21.42",
        "201309": "23.04",
        "201310": "30.94",
        "201311": "28.93",
        "201312": "24.95",
        "201401": "23.69",
        "201402": "23.26",
        "201403": "23.22",
        "201404": "22.74",
        "201405": "21.34",
        "201406": "20.52",
        "201407": "22.08",
        "201408": "21.60",
        "201409": "21.36",
        "201410": "21.20",
        "201411": "21.72",
        "201412": "21.59",
        "201501": "21.63",
        "201502": "21.38",
        "201503": "21.83",
        "201504": "22.55",
        "201505": "23.10",
        "201506": "23.58",
        "201507": "24.48",
        "201508": "23.62",
        "201509": "24.02",
        "201510": "24.25",
        "201511": "23.92",
        "201512": "24.24",
        "201601": "25.14",
        "201602": "25.28",
        "201603": "25.56",
        "201604": "25.59",
        "201605": "25.73",
        "201606": "25.94",
        "201607": "26.02",
        "201608": "25.62",
        "201609": "25.29",
        "201610": "25.73",
        "201611": "25.62",
        "201612": "25.59",
        "201701": "25.65",
        "201702": "25.28",
        "201703": "25.39",
        "201704": "25.62",
        "201705": "25.46",
        "201706": "25.44",
        "201707": "24.70",
        "201708": "24.72",
        "201709": "25.00",
        "201710": "25.20",
        "201711": "25.11",
        "201712": "25.55",
        "201801": "25.62",
        "201802": "26.00",
        "201803": "26.04",
        "201804": "25.92",
        "201805": "26.41",
        "201806": "27.10",
        "201807": "26.96",
        "201808": "28.85",
        "201809": "31.15",
        "201810": "33.81",
        "201811": "34.25",
        "201812": "37.60",
        "201901": "39.13",
        "201902": "38.49",
        "201903": "39.36",
        "201904": "39.49",
        "201905": "42.33",
        "201906": "43.78",
        "201907": "42.70",
        "201908": "42.37",
        "201909": "54.60",
        "201910": "56.49",
        "201911": "53.66",
        "201912": "51.31",
        "202001": "50.28",
        "202002": "43.56",
        "202003": "34.24",
        "202004": "33.24",
        "202005": "39.75",
        "202006": "50.37",
        "202007": "46.90",
        "202008": "40.52",
        "202009": "42.92",
        "202010": "46.26",
        "202011": "47.34",
        "202012": "47.28",
        "202101": "45.14",
        "202102": "40.10",
        "202103": "38.38",
        "202104": "37.63",
        "202105": "33.49",
        "202106": "35.80",
        "202107": "39.88",
        "202108": "37.70",
        "202109": "37.49",
        "202110": "38.02",
        "202111": "37.89",
        "202112": "37.96",
        "202201": "38.53",
        "202202": "37.99",
        "202203": "37.52",
        "202204": "34.81",
        "202205": "34.17",
        "202206": "35.50",
        "202207": "36.37",
        "202208": "34.41",
        "202209": "33.23",
        "202210": "33.58",
        "202211": "33.51",
        "202212": "33.07",
        "202301": "32.36",
        "202302": "34.04",
        "202303": "35.60",
        "202304": "34.94",
        "202305": "35.75",
        "202306": "39.95"
    },
    "quarters": {
        "20011": {
            "year_quarter": 20011,
            "year": 2001,
            "quarter": 1,
            "eps": null,
            "eps_growth_year": null,
            "eps_4q": null,
            "eps_4q_growth_year": null,
            "roe": null,
            "roe_4q": 0,
            "gross_profit": null,
            "gross_margin": null,
            "gross_margin_4q_avg": 0,
            "net_income": null,
            "revenue": null,
            "common_shares": null,
            "book_valuer_per_share": null,
            "book_valuer_per_share_4q_avg": 0,
            "equity": null,
            "current_ratio": null,
            "debt_ratio": null,
            "inventory_turnover_ratio": null,
            "account_receivable_turnover_ratio": null,
            "reinvestment_rate": null,
            "research_to_sale_ratio": null,
            "price_fair": 0,
            "eps_avg_yearly": 0,
            "eps_latest_yearly": 0,
            "eps_growth_yearly": 0
        },
        "20012": {
            "year_quarter": 20012,
            "year": 2001,
            "quarter": 2,
            "eps": null,
            "eps_growth_year": null,
            "eps_4q": null,
            "eps_4q_growth_year": null,
            "roe": null,
            "roe_4q": 0,
            "gross_profit": null,
            "gross_margin": null,
            "gross_margin_4q_avg": 0,
            "net_income": null,
            "revenue": null,
            "common_shares": null,
            "book_valuer_per_share": null,
            "book_valuer_per_share_4q_avg": 0,
            "equity": null,
            "current_ratio": null,
            "debt_ratio": null,
            "inventory_turnover_ratio": null,
            "account_receivable_turnover_ratio": null,
            "reinvestment_rate": null,
            "research_to_sale_ratio": null,
            "price_fair": 0,
            "eps_avg_yearly": 0,
            "eps_latest_yearly": 0,
            "eps_growth_yearly": 0
        },
        "20013": {
            "year_quarter": 20013,
            "year": 2001,
            "quarter": 3,
            "eps": null,
            "eps_growth_year": null,
            "eps_4q": null,
            "eps_4q_growth_year": null,
            "roe": null,
            "roe_4q": 0,
            "gross_profit": null,
            "gross_margin": null,
            "gross_margin_4q_avg": 0,
            "net_income": null,
            "revenue": null,
            "common_shares": null,
            "book_valuer_per_share": null,
            "book_valuer_per_share_4q_avg": 0,
            "equity": null,
            "current_ratio": null,
            "debt_ratio": null,
            "inventory_turnover_ratio": null,
            "account_receivable_turnover_ratio": null,
            "reinvestment_rate": null,
            "research_to_sale_ratio": null,
            "price_fair": 0,
            "eps_avg_yearly": 0,
            "eps_latest_yearly": 0,
            "eps_growth_yearly": 0
        },
        "20014": {
            "year_quarter": 20014,
            "year": 2001,
            "quarter": 4,
            "eps": null,
            "eps_growth_year": null,
            "eps_4q": null,
            "eps_4q_growth_year": null,
            "roe": null,
            "roe_4q": 0,
            "gross_profit": null,
            "gross_margin": null,
            "gross_margin_4q_avg": 0,
            "net_income": null,
            "revenue": null,
            "common_shares": 1250000,
            "book_valuer_per_share": 9.58,
            "book_valuer_per_share_4q_avg": 2.4,
            "equity": 1198113,
            "current_ratio": 29.9,
            "debt_ratio": 65.37,
            "inventory_turnover_ratio": null,
            "account_receivable_turnover_ratio": null,
            "reinvestment_rate": null,
            "research_to_sale_ratio": null,
            "price_fair": 0,
            "eps_avg_yearly": 0,
            "eps_latest_yearly": 0,
            "eps_growth_yearly": 0
        },
        "20021": {
            "year_quarter": 20021,
            "year": 2002,
            "quarter": 1,
            "eps": null,
            "eps_growth_year": null,
            "eps_4q": null,
            "eps_4q_growth_year": null,
            "roe": null,
            "roe_4q": 0,
            "gross_profit": null,
            "gross_margin": null,
            "gross_margin_4q_avg": 0,
            "net_income": null,
            "revenue": null,
            "common_shares": null,
            "book_valuer_per_share": null,
            "book_valuer_per_share_4q_avg": 2.4,
            "equity": null,
            "current_ratio": null,
            "debt_ratio": null,
            "inventory_turnover_ratio": null,
            "account_receivable_turnover_ratio": null,
            "reinvestment_rate": null,
            "research_to_sale_ratio": null,
            "price_fair": 0,
            "eps_avg_yearly": 0,
            "eps_latest_yearly": 0,
            "eps_growth_yearly": 0
        },
        "20022": {
            "year_quarter": 20022,
            "year": 2002,
            "quarter": 2,
            "eps": null,
            "eps_growth_year": null,
            "eps_4q": null,
            "eps_4q_growth_year": null,
            "roe": null,
            "roe_4q": 0,
            "gross_profit": null,
            "gross_margin": null,
            "gross_margin_4q_avg": 0,
            "net_income": null,
            "revenue": null,
            "common_shares": null,
            "book_valuer_per_share": null,
            "book_valuer_per_share_4q_avg": 2.4,
            "equity": null,
            "current_ratio": null,
            "debt_ratio": null,
            "inventory_turnover_ratio": null,
            "account_receivable_turnover_ratio": null,
            "reinvestment_rate": null,
            "research_to_sale_ratio": null,
            "price_fair": 0,
            "eps_avg_yearly": 0,
            "eps_latest_yearly": 0,
            "eps_growth_yearly": 0
        },
        "20023": {
            "year_quarter": 20023,
            "year": 2002,
            "quarter": 3,
            "eps": null,
            "eps_growth_year": null,
            "eps_4q": null,
            "eps_4q_growth_year": null,
            "roe": null,
            "roe_4q": 0,
            "gross_profit": null,
            "gross_margin": null,
            "gross_margin_4q_avg": 0,
            "net_income": null,
            "revenue": null,
            "common_shares": null,
            "book_valuer_per_share": null,
            "book_valuer_per_share_4q_avg": 2.4,
            "equity": null,
            "current_ratio": null,
            "debt_ratio": null,
            "inventory_turnover_ratio": null,
            "account_receivable_turnover_ratio": null,
            "reinvestment_rate": null,
            "research_to_sale_ratio": null,
            "price_fair": 0,
            "eps_avg_yearly": 0,
            "eps_latest_yearly": 0,
            "eps_growth_yearly": 0
        },
        "20024": {
            "year_quarter": 20024,
            "year": 2002,
            "quarter": 4,
            "eps": null,
            "eps_growth_year": null,
            "eps_4q": null,
            "eps_4q_growth_year": null,
            "roe": null,
            "roe_4q": 0,
            "gross_profit": null,
            "gross_margin": null,
            "gross_margin_4q_avg": 0,
            "net_income": null,
            "revenue": null,
            "common_shares": 2000000,
            "book_valuer_per_share": 8.52,
            "book_valuer_per_share_4q_avg": 2.13,
            "equity": 1704652,
            "current_ratio": 10.52,
            "debt_ratio": 74.84,
            "inventory_turnover_ratio": null,
            "account_receivable_turnover_ratio": null,
            "reinvestment_rate": null,
            "research_to_sale_ratio": null,
            "price_fair": 0,
            "eps_avg_yearly": 0,
            "eps_latest_yearly": 0,
            "eps_growth_yearly": 0
        },
        "20031": {
            "year_quarter": 20031,
            "year": 2003,
            "quarter": 1,
            "eps": null,
            "eps_growth_year": null,
            "eps_4q": null,
            "eps_4q_growth_year": null,
            "roe": null,
            "roe_4q": 0,
            "gross_profit": null,
            "gross_margin": null,
            "gross_margin_4q_avg": 0,
            "net_income": null,
            "revenue": null,
            "common_shares": null,
            "book_valuer_per_share": null,
            "book_valuer_per_share_4q_avg": 2.13,
            "equity": null,
            "current_ratio": null,
            "debt_ratio": null,
            "inventory_turnover_ratio": null,
            "account_receivable_turnover_ratio": null,
            "reinvestment_rate": null,
            "research_to_sale_ratio": null,
            "price_fair": 0,
            "eps_avg_yearly": 0,
            "eps_latest_yearly": 0,
            "eps_growth_yearly": 0
        },
        "20032": {
            "year_quarter": 20032,
            "year": 2003,
            "quarter": 2,
            "eps": null,
            "eps_growth_year": null,
            "eps_4q": null,
            "eps_4q_growth_year": null,
            "roe": null,
            "roe_4q": 0,
            "gross_profit": null,
            "gross_margin": null,
            "gross_margin_4q_avg": 0,
            "net_income": null,
            "revenue": null,
            "common_shares": null,
            "book_valuer_per_share": null,
            "book_valuer_per_share_4q_avg": 2.13,
            "equity": null,
            "current_ratio": null,
            "debt_ratio": null,
            "inventory_turnover_ratio": null,
            "account_receivable_turnover_ratio": null,
            "reinvestment_rate": null,
            "research_to_sale_ratio": null,
            "price_fair": 0,
            "eps_avg_yearly": 0,
            "eps_latest_yearly": 0,
            "eps_growth_yearly": 0
        },
        "20033": {
            "year_quarter": 20033,
            "year": 2003,
            "quarter": 3,
            "eps": null,
            "eps_growth_year": null,
            "eps_4q": null,
            "eps_4q_growth_year": null,
            "roe": null,
            "roe_4q": 0,
            "gross_profit": null,
            "gross_margin": null,
            "gross_margin_4q_avg": 0,
            "net_income": null,
            "revenue": null,
            "common_shares": null,
            "book_valuer_per_share": null,
            "book_valuer_per_share_4q_avg": 2.13,
            "equity": null,
            "current_ratio": null,
            "debt_ratio": null,
            "inventory_turnover_ratio": null,
            "account_receivable_turnover_ratio": null,
            "reinvestment_rate": null,
            "research_to_sale_ratio": null,
            "price_fair": 0,
            "eps_avg_yearly": 0,
            "eps_latest_yearly": 0,
            "eps_growth_yearly": 0
        },
        "20034": {
            "year_quarter": 20034,
            "year": 2003,
            "quarter": 4,
            "eps": null,
            "eps_growth_year": null,
            "eps_4q": null,
            "eps_4q_growth_year": null,
            "roe": null,
            "roe_4q": 0,
            "gross_profit": null,
            "gross_margin": null,
            "gross_margin_4q_avg": 0,
            "net_income": null,
            "revenue": null,
            "common_shares": 2330000,
            "book_valuer_per_share": 9.96,
            "book_valuer_per_share_4q_avg": 2.49,
            "equity": 2321584,
            "current_ratio": 12.13,
            "debt_ratio": 67.62,
            "inventory_turnover_ratio": null,
            "account_receivable_turnover_ratio": null,
            "reinvestment_rate": null,
            "research_to_sale_ratio": null,
            "price_fair": 0,
            "eps_avg_yearly": 0,
            "eps_latest_yearly": 0,
            "eps_growth_yearly": 0
        },
        "20041": {
            "year_quarter": 20041,
            "year": 2004,
            "quarter": 1,
            "eps": null,
            "eps_growth_year": null,
            "eps_4q": null,
            "eps_4q_growth_year": null,
            "roe": null,
            "roe_4q": 0,
            "gross_profit": null,
            "gross_margin": null,
            "gross_margin_4q_avg": 0,
            "net_income": null,
            "revenue": null,
            "common_shares": null,
            "book_valuer_per_share": null,
            "book_valuer_per_share_4q_avg": 2.49,
            "equity": null,
            "current_ratio": null,
            "debt_ratio": null,
            "inventory_turnover_ratio": null,
            "account_receivable_turnover_ratio": null,
            "reinvestment_rate": null,
            "research_to_sale_ratio": null,
            "price_fair": 0,
            "eps_avg_yearly": 0,
            "eps_latest_yearly": 0,
            "eps_growth_yearly": 0
        },
        "20042": {
            "year_quarter": 20042,
            "year": 2004,
            "quarter": 2,
            "eps": null,
            "eps_growth_year": null,
            "eps_4q": null,
            "eps_4q_growth_year": null,
            "roe": null,
            "roe_4q": 0,
            "gross_profit": null,
            "gross_margin": null,
            "gross_margin_4q_avg": 0,
            "net_income": null,
            "revenue": null,
            "common_shares": null,
            "book_valuer_per_share": null,
            "book_valuer_per_share_4q_avg": 2.49,
            "equity": null,
            "current_ratio": null,
            "debt_ratio": null,
            "inventory_turnover_ratio": null,
            "account_receivable_turnover_ratio": null,
            "reinvestment_rate": null,
            "research_to_sale_ratio": null,
            "price_fair": 0,
            "eps_avg_yearly": 0,
            "eps_latest_yearly": 0,
            "eps_growth_yearly": 0
        },
        "20043": {
            "year_quarter": 20043,
            "year": 2004,
            "quarter": 3,
            "eps": null,
            "eps_growth_year": null,
            "eps_4q": null,
            "eps_4q_growth_year": null,
            "roe": null,
            "roe_4q": 0,
            "gross_profit": null,
            "gross_margin": null,
            "gross_margin_4q_avg": 0,
            "net_income": null,
            "revenue": null,
            "common_shares": null,
            "book_valuer_per_share": null,
            "book_valuer_per_share_4q_avg": 2.49,
            "equity": null,
            "current_ratio": null,
            "debt_ratio": null,
            "inventory_turnover_ratio": null,
            "account_receivable_turnover_ratio": null,
            "reinvestment_rate": null,
            "research_to_sale_ratio": null,
            "price_fair": 0,
            "eps_avg_yearly": 0,
            "eps_latest_yearly": 0,
            "eps_growth_yearly": 0
        },
        "20044": {
            "year_quarter": 20044,
            "year": 2004,
            "quarter": 4,
            "eps": null,
            "eps_growth_year": null,
            "eps_4q": null,
            "eps_4q_growth_year": null,
            "roe": null,
            "roe_4q": 0,
            "gross_profit": null,
            "gross_margin": null,
            "gross_margin_4q_avg": 0,
            "net_income": null,
            "revenue": null,
            "common_shares": 2330000,
            "book_valuer_per_share": 10.07,
            "book_valuer_per_share_4q_avg": 2.52,
            "equity": 2346406,
            "current_ratio": 9.28,
            "debt_ratio": 66.22,
            "inventory_turnover_ratio": null,
            "account_receivable_turnover_ratio": null,
            "reinvestment_rate": null,
            "research_to_sale_ratio": null,
            "price_fair": 0,
            "eps_avg_yearly": 0,
            "eps_latest_yearly": 0,
            "eps_growth_yearly": 0
        },
        "20051": {
            "year_quarter": 20051,
            "year": 2005,
            "quarter": 1,
            "eps": null,
            "eps_growth_year": null,
            "eps_4q": null,
            "eps_4q_growth_year": null,
            "roe": null,
            "roe_4q": 0,
            "gross_profit": null,
            "gross_margin": null,
            "gross_margin_4q_avg": 0,
            "net_income": null,
            "revenue": null,
            "common_shares": null,
            "book_valuer_per_share": null,
            "book_valuer_per_share_4q_avg": 2.52,
            "equity": null,
            "current_ratio": null,
            "debt_ratio": null,
            "inventory_turnover_ratio": null,
            "account_receivable_turnover_ratio": null,
            "reinvestment_rate": null,
            "research_to_sale_ratio": null,
            "price_fair": 0,
            "eps_avg_yearly": 0,
            "eps_latest_yearly": 0,
            "eps_growth_yearly": 0
        },
        "20052": {
            "year_quarter": 20052,
            "year": 2005,
            "quarter": 2,
            "eps": null,
            "eps_growth_year": null,
            "eps_4q": null,
            "eps_4q_growth_year": null,
            "roe": null,
            "roe_4q": 0,
            "gross_profit": null,
            "gross_margin": null,
            "gross_margin_4q_avg": 0,
            "net_income": null,
            "revenue": null,
            "common_shares": null,
            "book_valuer_per_share": null,
            "book_valuer_per_share_4q_avg": 2.52,
            "equity": null,
            "current_ratio": null,
            "debt_ratio": null,
            "inventory_turnover_ratio": null,
            "account_receivable_turnover_ratio": null,
            "reinvestment_rate": null,
            "research_to_sale_ratio": null,
            "price_fair": 0,
            "eps_avg_yearly": 0,
            "eps_latest_yearly": 0,
            "eps_growth_yearly": 0
        },
        "20053": {
            "year_quarter": 20053,
            "year": 2005,
            "quarter": 3,
            "eps": null,
            "eps_growth_year": null,
            "eps_4q": null,
            "eps_4q_growth_year": null,
            "roe": null,
            "roe_4q": 0,
            "gross_profit": null,
            "gross_margin": null,
            "gross_margin_4q_avg": 0,
            "net_income": null,
            "revenue": null,
            "common_shares": null,
            "book_valuer_per_share": null,
            "book_valuer_per_share_4q_avg": 2.52,
            "equity": null,
            "current_ratio": null,
            "debt_ratio": null,
            "inventory_turnover_ratio": null,
            "account_receivable_turnover_ratio": null,
            "reinvestment_rate": null,
            "research_to_sale_ratio": null,
            "price_fair": 0,
            "eps_avg_yearly": 0,
            "eps_latest_yearly": 0,
            "eps_growth_yearly": 0
        },
        "20054": {
            "year_quarter": 20054,
            "year": 2005,
            "quarter": 4,
            "eps": null,
            "eps_growth_year": null,
            "eps_4q": null,
            "eps_4q_growth_year": null,
            "roe": null,
            "roe_4q": 0,
            "gross_profit": null,
            "gross_margin": null,
            "gross_margin_4q_avg": 0,
            "net_income": null,
            "revenue": null,
            "common_shares": 2330000,
            "book_valuer_per_share": 10.32,
            "book_valuer_per_share_4q_avg": 2.58,
            "equity": 2405097,
            "current_ratio": 10.11,
            "debt_ratio": 63.66,
            "inventory_turnover_ratio": null,
            "account_receivable_turnover_ratio": null,
            "reinvestment_rate": null,
            "research_to_sale_ratio": null,
            "price_fair": 0,
            "eps_avg_yearly": 0,
            "eps_latest_yearly": 0,
            "eps_growth_yearly": 0
        },
        "20061": {
            "year_quarter": 20061,
            "year": 2006,
            "quarter": 1,
            "eps": null,
            "eps_growth_year": null,
            "eps_4q": null,
            "eps_4q_growth_year": null,
            "roe": null,
            "roe_4q": 0,
            "gross_profit": null,
            "gross_margin": null,
            "gross_margin_4q_avg": 0,
            "net_income": null,
            "revenue": null,
            "common_shares": null,
            "book_valuer_per_share": null,
            "book_valuer_per_share_4q_avg": 2.58,
            "equity": null,
            "current_ratio": null,
            "debt_ratio": null,
            "inventory_turnover_ratio": null,
            "account_receivable_turnover_ratio": null,
            "reinvestment_rate": null,
            "research_to_sale_ratio": null,
            "price_fair": 0,
            "eps_avg_yearly": 0,
            "eps_latest_yearly": 0,
            "eps_growth_yearly": 0
        },
        "20062": {
            "year_quarter": 20062,
            "year": 2006,
            "quarter": 2,
            "eps": null,
            "eps_growth_year": null,
            "eps_4q": null,
            "eps_4q_growth_year": null,
            "roe": null,
            "roe_4q": 0,
            "gross_profit": null,
            "gross_margin": null,
            "gross_margin_4q_avg": 0,
            "net_income": null,
            "revenue": null,
            "common_shares": null,
            "book_valuer_per_share": null,
            "book_valuer_per_share_4q_avg": 2.58,
            "equity": null,
            "current_ratio": null,
            "debt_ratio": null,
            "inventory_turnover_ratio": null,
            "account_receivable_turnover_ratio": null,
            "reinvestment_rate": null,
            "research_to_sale_ratio": null,
            "price_fair": 0,
            "eps_avg_yearly": 0,
            "eps_latest_yearly": 0,
            "eps_growth_yearly": 0
        },
        "20063": {
            "year_quarter": 20063,
            "year": 2006,
            "quarter": 3,
            "eps": null,
            "eps_growth_year": null,
            "eps_4q": null,
            "eps_4q_growth_year": null,
            "roe": null,
            "roe_4q": 0,
            "gross_profit": null,
            "gross_margin": null,
            "gross_margin_4q_avg": 0,
            "net_income": null,
            "revenue": null,
            "common_shares": null,
            "book_valuer_per_share": null,
            "book_valuer_per_share_4q_avg": 2.58,
            "equity": null,
            "current_ratio": null,
            "debt_ratio": null,
            "inventory_turnover_ratio": null,
            "account_receivable_turnover_ratio": null,
            "reinvestment_rate": null,
            "research_to_sale_ratio": null,
            "price_fair": 0,
            "eps_avg_yearly": 0,
            "eps_latest_yearly": 0,
            "eps_growth_yearly": 0
        },
        "20064": {
            "year_quarter": 20064,
            "year": 2006,
            "quarter": 4,
            "eps": null,
            "eps_growth_year": null,
            "eps_4q": null,
            "eps_4q_growth_year": null,
            "roe": null,
            "roe_4q": 0,
            "gross_profit": null,
            "gross_margin": null,
            "gross_margin_4q_avg": 0,
            "net_income": null,
            "revenue": null,
            "common_shares": 2330000,
            "book_valuer_per_share": 10.2,
            "book_valuer_per_share_4q_avg": 2.55,
            "equity": 2377761,
            "current_ratio": 15.71,
            "debt_ratio": 62.26,
            "inventory_turnover_ratio": null,
            "account_receivable_turnover_ratio": null,
            "reinvestment_rate": null,
            "research_to_sale_ratio": null,
            "price_fair": 0,
            "eps_avg_yearly": 0,
            "eps_latest_yearly": 0,
            "eps_growth_yearly": 0
        },
        "20071": {
            "year_quarter": 20071,
            "year": 2007,
            "quarter": 1,
            "eps": null,
            "eps_growth_year": null,
            "eps_4q": null,
            "eps_4q_growth_year": null,
            "roe": null,
            "roe_4q": 0,
            "gross_profit": null,
            "gross_margin": null,
            "gross_margin_4q_avg": 0,
            "net_income": null,
            "revenue": null,
            "common_shares": null,
            "book_valuer_per_share": null,
            "book_valuer_per_share_4q_avg": 2.55,
            "equity": null,
            "current_ratio": null,
            "debt_ratio": null,
            "inventory_turnover_ratio": null,
            "account_receivable_turnover_ratio": null,
            "reinvestment_rate": null,
            "research_to_sale_ratio": null,
            "price_fair": 0,
            "eps_avg_yearly": 0,
            "eps_latest_yearly": 0,
            "eps_growth_yearly": 0
        },
        "20072": {
            "year_quarter": 20072,
            "year": 2007,
            "quarter": 2,
            "eps": null,
            "eps_growth_year": null,
            "eps_4q": null,
            "eps_4q_growth_year": null,
            "roe": null,
            "roe_4q": 0,
            "gross_profit": null,
            "gross_margin": null,
            "gross_margin_4q_avg": 0,
            "net_income": null,
            "revenue": null,
            "common_shares": null,
            "book_valuer_per_share": null,
            "book_valuer_per_share_4q_avg": 2.55,
            "equity": null,
            "current_ratio": null,
            "debt_ratio": null,
            "inventory_turnover_ratio": null,
            "account_receivable_turnover_ratio": null,
            "reinvestment_rate": null,
            "research_to_sale_ratio": null,
            "price_fair": 0,
            "eps_avg_yearly": 0,
            "eps_latest_yearly": 0,
            "eps_growth_yearly": 0
        },
        "20073": {
            "year_quarter": 20073,
            "year": 2007,
            "quarter": 3,
            "eps": null,
            "eps_growth_year": null,
            "eps_4q": null,
            "eps_4q_growth_year": null,
            "roe": null,
            "roe_4q": 0,
            "gross_profit": null,
            "gross_margin": null,
            "gross_margin_4q_avg": 0,
            "net_income": null,
            "revenue": null,
            "common_shares": null,
            "book_valuer_per_share": null,
            "book_valuer_per_share_4q_avg": 2.55,
            "equity": null,
            "current_ratio": null,
            "debt_ratio": null,
            "inventory_turnover_ratio": null,
            "account_receivable_turnover_ratio": null,
            "reinvestment_rate": null,
            "research_to_sale_ratio": null,
            "price_fair": 0,
            "eps_avg_yearly": 0,
            "eps_latest_yearly": 0,
            "eps_growth_yearly": 0
        },
        "20074": {
            "year_quarter": 20074,
            "year": 2007,
            "quarter": 4,
            "eps": null,
            "eps_growth_year": null,
            "eps_4q": null,
            "eps_4q_growth_year": null,
            "roe": null,
            "roe_4q": 0,
            "gross_profit": null,
            "gross_margin": null,
            "gross_margin_4q_avg": 0,
            "net_income": null,
            "revenue": null,
            "common_shares": 3000000,
            "book_valuer_per_share": 9.86,
            "book_valuer_per_share_4q_avg": 2.47,
            "equity": 2957592,
            "current_ratio": 25.61,
            "debt_ratio": 51.49,
            "inventory_turnover_ratio": null,
            "account_receivable_turnover_ratio": null,
            "reinvestment_rate": null,
            "research_to_sale_ratio": null,
            "price_fair": 0,
            "eps_avg_yearly": 0,
            "eps_latest_yearly": 0,
            "eps_growth_yearly": 0
        },
        "20081": {
            "year_quarter": 20081,
            "year": 2008,
            "quarter": 1,
            "eps": null,
            "eps_growth_year": null,
            "eps_4q": null,
            "eps_4q_growth_year": null,
            "roe": null,
            "roe_4q": 0,
            "gross_profit": null,
            "gross_margin": null,
            "gross_margin_4q_avg": 0,
            "net_income": null,
            "revenue": null,
            "common_shares": null,
            "book_valuer_per_share": null,
            "book_valuer_per_share_4q_avg": 2.47,
            "equity": null,
            "current_ratio": null,
            "debt_ratio": null,
            "inventory_turnover_ratio": null,
            "account_receivable_turnover_ratio": null,
            "reinvestment_rate": null,
            "research_to_sale_ratio": null,
            "price_fair": 0,
            "eps_avg_yearly": 0,
            "eps_latest_yearly": 0,
            "eps_growth_yearly": 0
        },
        "20082": {
            "year_quarter": 20082,
            "year": 2008,
            "quarter": 2,
            "eps": null,
            "eps_growth_year": null,
            "eps_4q": null,
            "eps_4q_growth_year": null,
            "roe": null,
            "roe_4q": 0,
            "gross_profit": null,
            "gross_margin": null,
            "gross_margin_4q_avg": 0,
            "net_income": null,
            "revenue": null,
            "common_shares": null,
            "book_valuer_per_share": null,
            "book_valuer_per_share_4q_avg": 2.47,
            "equity": null,
            "current_ratio": null,
            "debt_ratio": null,
            "inventory_turnover_ratio": null,
            "account_receivable_turnover_ratio": null,
            "reinvestment_rate": null,
            "research_to_sale_ratio": null,
            "price_fair": 0,
            "eps_avg_yearly": 0,
            "eps_latest_yearly": 0,
            "eps_growth_yearly": 0
        },
        "20083": {
            "year_quarter": 20083,
            "year": 2008,
            "quarter": 3,
            "eps": null,
            "eps_growth_year": null,
            "eps_4q": null,
            "eps_4q_growth_year": null,
            "roe": null,
            "roe_4q": 0,
            "gross_profit": null,
            "gross_margin": null,
            "gross_margin_4q_avg": 0,
            "net_income": null,
            "revenue": null,
            "common_shares": null,
            "book_valuer_per_share": null,
            "book_valuer_per_share_4q_avg": 2.47,
            "equity": null,
            "current_ratio": null,
            "debt_ratio": null,
            "inventory_turnover_ratio": null,
            "account_receivable_turnover_ratio": null,
            "reinvestment_rate": null,
            "research_to_sale_ratio": null,
            "price_fair": 0,
            "eps_avg_yearly": 0,
            "eps_latest_yearly": 0,
            "eps_growth_yearly": 0
        },
        "20084": {
            "year_quarter": 20084,
            "year": 2008,
            "quarter": 4,
            "eps": null,
            "eps_growth_year": null,
            "eps_4q": null,
            "eps_4q_growth_year": null,
            "roe": null,
            "roe_4q": 0,
            "gross_profit": null,
            "gross_margin": null,
            "gross_margin_4q_avg": 0,
            "net_income": null,
            "revenue": null,
            "common_shares": 3000000,
            "book_valuer_per_share": 8.85,
            "book_valuer_per_share_4q_avg": 2.21,
            "equity": 2655341,
            "current_ratio": 20.32,
            "debt_ratio": 53.17,
            "inventory_turnover_ratio": null,
            "account_receivable_turnover_ratio": null,
            "reinvestment_rate": null,
            "research_to_sale_ratio": null,
            "price_fair": 0,
            "eps_avg_yearly": 0,
            "eps_latest_yearly": 0,
            "eps_growth_yearly": 0
        },
        "20091": {
            "year_quarter": 20091,
            "year": 2009,
            "quarter": 1,
            "eps": null,
            "eps_growth_year": null,
            "eps_4q": null,
            "eps_4q_growth_year": null,
            "roe": null,
            "roe_4q": 0,
            "gross_profit": null,
            "gross_margin": null,
            "gross_margin_4q_avg": 0,
            "net_income": null,
            "revenue": null,
            "common_shares": null,
            "book_valuer_per_share": null,
            "book_valuer_per_share_4q_avg": 2.21,
            "equity": null,
            "current_ratio": null,
            "debt_ratio": null,
            "inventory_turnover_ratio": null,
            "account_receivable_turnover_ratio": null,
            "reinvestment_rate": null,
            "research_to_sale_ratio": null,
            "price_fair": 0,
            "eps_avg_yearly": 0,
            "eps_latest_yearly": 0,
            "eps_growth_yearly": 0
        },
        "20092": {
            "year_quarter": 20092,
            "year": 2009,
            "quarter": 2,
            "eps": null,
            "eps_growth_year": null,
            "eps_4q": null,
            "eps_4q_growth_year": null,
            "roe": null,
            "roe_4q": 0,
            "gross_profit": null,
            "gross_margin": null,
            "gross_margin_4q_avg": 0,
            "net_income": null,
            "revenue": null,
            "common_shares": null,
            "book_valuer_per_share": null,
            "book_valuer_per_share_4q_avg": 2.21,
            "equity": null,
            "current_ratio": null,
            "debt_ratio": null,
            "inventory_turnover_ratio": null,
            "account_receivable_turnover_ratio": null,
            "reinvestment_rate": null,
            "research_to_sale_ratio": null,
            "price_fair": 0,
            "eps_avg_yearly": 0,
            "eps_latest_yearly": 0,
            "eps_growth_yearly": 0
        },
        "20093": {
            "year_quarter": 20093,
            "year": 2009,
            "quarter": 3,
            "eps": null,
            "eps_growth_year": null,
            "eps_4q": null,
            "eps_4q_growth_year": null,
            "roe": null,
            "roe_4q": 0,
            "gross_profit": null,
            "gross_margin": null,
            "gross_margin_4q_avg": 0,
            "net_income": null,
            "revenue": null,
            "common_shares": null,
            "book_valuer_per_share": null,
            "book_valuer_per_share_4q_avg": 2.21,
            "equity": null,
            "current_ratio": null,
            "debt_ratio": null,
            "inventory_turnover_ratio": null,
            "account_receivable_turnover_ratio": null,
            "reinvestment_rate": null,
            "research_to_sale_ratio": null,
            "price_fair": 0,
            "eps_avg_yearly": 0,
            "eps_latest_yearly": 0,
            "eps_growth_yearly": 0
        },
        "20094": {
            "year_quarter": 20094,
            "year": 2009,
            "quarter": 4,
            "eps": null,
            "eps_growth_year": null,
            "eps_4q": null,
            "eps_4q_growth_year": null,
            "roe": null,
            "roe_4q": 0,
            "gross_profit": null,
            "gross_margin": null,
            "gross_margin_4q_avg": 0,
            "net_income": null,
            "revenue": null,
            "common_shares": 2700000,
            "book_valuer_per_share": 10.02,
            "book_valuer_per_share_4q_avg": 2.51,
            "equity": 2705073,
            "current_ratio": 16.69,
            "debt_ratio": 48.65,
            "inventory_turnover_ratio": null,
            "account_receivable_turnover_ratio": null,
            "reinvestment_rate": null,
            "research_to_sale_ratio": null,
            "price_fair": 0,
            "eps_avg_yearly": 0,
            "eps_latest_yearly": 0,
            "eps_growth_yearly": 0
        },
        "20101": {
            "year_quarter": 20101,
            "year": 2010,
            "quarter": 1,
            "eps": null,
            "eps_growth_year": null,
            "eps_4q": null,
            "eps_4q_growth_year": null,
            "roe": null,
            "roe_4q": 0,
            "gross_profit": null,
            "gross_margin": null,
            "gross_margin_4q_avg": 0,
            "net_income": null,
            "revenue": null,
            "common_shares": null,
            "book_valuer_per_share": null,
            "book_valuer_per_share_4q_avg": 2.51,
            "equity": null,
            "current_ratio": null,
            "debt_ratio": null,
            "inventory_turnover_ratio": null,
            "account_receivable_turnover_ratio": null,
            "reinvestment_rate": null,
            "research_to_sale_ratio": null,
            "price_fair": 0,
            "eps_avg_yearly": 0,
            "eps_latest_yearly": 0,
            "eps_growth_yearly": 0
        },
        "20102": {
            "year_quarter": 20102,
            "year": 2010,
            "quarter": 2,
            "eps": null,
            "eps_growth_year": null,
            "eps_4q": null,
            "eps_4q_growth_year": null,
            "roe": null,
            "roe_4q": 0,
            "gross_profit": null,
            "gross_margin": null,
            "gross_margin_4q_avg": 0,
            "net_income": null,
            "revenue": null,
            "common_shares": null,
            "book_valuer_per_share": null,
            "book_valuer_per_share_4q_avg": 2.51,
            "equity": null,
            "current_ratio": null,
            "debt_ratio": null,
            "inventory_turnover_ratio": null,
            "account_receivable_turnover_ratio": null,
            "reinvestment_rate": null,
            "research_to_sale_ratio": null,
            "price_fair": 0,
            "eps_avg_yearly": 0,
            "eps_latest_yearly": 0,
            "eps_growth_yearly": 0
        },
        "20103": {
            "year_quarter": 20103,
            "year": 2010,
            "quarter": 3,
            "eps": null,
            "eps_growth_year": null,
            "eps_4q": null,
            "eps_4q_growth_year": null,
            "roe": null,
            "roe_4q": 0,
            "gross_profit": null,
            "gross_margin": null,
            "gross_margin_4q_avg": 0,
            "net_income": null,
            "revenue": null,
            "common_shares": null,
            "book_valuer_per_share": null,
            "book_valuer_per_share_4q_avg": 2.51,
            "equity": null,
            "current_ratio": null,
            "debt_ratio": null,
            "inventory_turnover_ratio": null,
            "account_receivable_turnover_ratio": null,
            "reinvestment_rate": null,
            "research_to_sale_ratio": null,
            "price_fair": 0,
            "eps_avg_yearly": 0,
            "eps_latest_yearly": 0,
            "eps_growth_yearly": 0
        },
        "20104": {
            "year_quarter": 20104,
            "year": 2010,
            "quarter": 4,
            "eps": null,
            "eps_growth_year": null,
            "eps_4q": null,
            "eps_4q_growth_year": null,
            "roe": null,
            "roe_4q": 0,
            "gross_profit": null,
            "gross_margin": null,
            "gross_margin_4q_avg": 0,
            "net_income": null,
            "revenue": null,
            "common_shares": 950000,
            "book_valuer_per_share": 9.3,
            "book_valuer_per_share_4q_avg": 2.33,
            "equity": 883198,
            "current_ratio": 32.53,
            "debt_ratio": 54.66,
            "inventory_turnover_ratio": null,
            "account_receivable_turnover_ratio": null,
            "reinvestment_rate": null,
            "research_to_sale_ratio": null,
            "price_fair": 0,
            "eps_avg_yearly": 0,
            "eps_latest_yearly": 0,
            "eps_growth_yearly": 0
        },
        "20111": {
            "year_quarter": 20111,
            "year": 2011,
            "quarter": 1,
            "eps": null,
            "eps_growth_year": null,
            "eps_4q": null,
            "eps_4q_growth_year": null,
            "roe": null,
            "roe_4q": 0,
            "gross_profit": null,
            "gross_margin": null,
            "gross_margin_4q_avg": 0,
            "net_income": null,
            "revenue": null,
            "common_shares": null,
            "book_valuer_per_share": null,
            "book_valuer_per_share_4q_avg": 2.33,
            "equity": null,
            "current_ratio": null,
            "debt_ratio": null,
            "inventory_turnover_ratio": null,
            "account_receivable_turnover_ratio": null,
            "reinvestment_rate": null,
            "research_to_sale_ratio": null,
            "price_fair": 0,
            "eps_avg_yearly": 0,
            "eps_latest_yearly": 0,
            "eps_growth_yearly": 0
        },
        "20112": {
            "year_quarter": 20112,
            "year": 2011,
            "quarter": 2,
            "eps": null,
            "eps_growth_year": null,
            "eps_4q": null,
            "eps_4q_growth_year": null,
            "roe": null,
            "roe_4q": 0,
            "gross_profit": null,
            "gross_margin": null,
            "gross_margin_4q_avg": 0,
            "net_income": null,
            "revenue": null,
            "common_shares": 950000,
            "book_valuer_per_share": null,
            "book_valuer_per_share_4q_avg": 2.33,
            "equity": 897240,
            "current_ratio": null,
            "debt_ratio": null,
            "inventory_turnover_ratio": null,
            "account_receivable_turnover_ratio": null,
            "reinvestment_rate": null,
            "research_to_sale_ratio": null,
            "price_fair": 0,
            "eps_avg_yearly": 0,
            "eps_latest_yearly": 0,
            "eps_growth_yearly": 0
        },
        "20113": {
            "year_quarter": 20113,
            "year": 2011,
            "quarter": 3,
            "eps": null,
            "eps_growth_year": null,
            "eps_4q": null,
            "eps_4q_growth_year": null,
            "roe": null,
            "roe_4q": 0,
            "gross_profit": null,
            "gross_margin": null,
            "gross_margin_4q_avg": 0,
            "net_income": null,
            "revenue": null,
            "common_shares": null,
            "book_valuer_per_share": null,
            "book_valuer_per_share_4q_avg": 2.33,
            "equity": null,
            "current_ratio": null,
            "debt_ratio": null,
            "inventory_turnover_ratio": null,
            "account_receivable_turnover_ratio": null,
            "reinvestment_rate": null,
            "research_to_sale_ratio": null,
            "price_fair": 0,
            "eps_avg_yearly": 0,
            "eps_latest_yearly": 0,
            "eps_growth_yearly": 0
        },
        "20114": {
            "year_quarter": 20114,
            "year": 2011,
            "quarter": 4,
            "eps": null,
            "eps_growth_year": null,
            "eps_4q": null,
            "eps_4q_growth_year": null,
            "roe": null,
            "roe_4q": 0,
            "gross_profit": null,
            "gross_margin": null,
            "gross_margin_4q_avg": 0,
            "net_income": null,
            "revenue": null,
            "common_shares": 950000,
            "book_valuer_per_share": 10.28,
            "book_valuer_per_share_4q_avg": 2.57,
            "equity": 976941,
            "current_ratio": 30.55,
            "debt_ratio": 47.76,
            "inventory_turnover_ratio": null,
            "account_receivable_turnover_ratio": null,
            "reinvestment_rate": null,
            "research_to_sale_ratio": null,
            "price_fair": 0,
            "eps_avg_yearly": 0,
            "eps_latest_yearly": 0,
            "eps_growth_yearly": 0
        },
        "20121": {
            "year_quarter": 20121,
            "year": 2012,
            "quarter": 1,
            "eps": null,
            "eps_growth_year": null,
            "eps_4q": null,
            "eps_4q_growth_year": null,
            "roe": null,
            "roe_4q": 0,
            "gross_profit": null,
            "gross_margin": null,
            "gross_margin_4q_avg": 0,
            "net_income": null,
            "revenue": null,
            "common_shares": null,
            "book_valuer_per_share": null,
            "book_valuer_per_share_4q_avg": 2.57,
            "equity": null,
            "current_ratio": null,
            "debt_ratio": null,
            "inventory_turnover_ratio": null,
            "account_receivable_turnover_ratio": null,
            "reinvestment_rate": null,
            "research_to_sale_ratio": null,
            "price_fair": 0,
            "eps_avg_yearly": 0,
            "eps_latest_yearly": 0,
            "eps_growth_yearly": 0
        },
        "20122": {
            "year_quarter": 20122,
            "year": 2012,
            "quarter": 2,
            "eps": null,
            "eps_growth_year": null,
            "eps_4q": null,
            "eps_4q_growth_year": null,
            "roe": null,
            "roe_4q": 0,
            "gross_profit": null,
            "gross_margin": null,
            "gross_margin_4q_avg": 0,
            "net_income": null,
            "revenue": null,
            "common_shares": 950000,
            "book_valuer_per_share": 10.34,
            "book_valuer_per_share_4q_avg": 5.16,
            "equity": 981852,
            "current_ratio": 20.79,
            "debt_ratio": 45.87,
            "inventory_turnover_ratio": null,
            "account_receivable_turnover_ratio": null,
            "reinvestment_rate": null,
            "research_to_sale_ratio": null,
            "price_fair": 0,
            "eps_avg_yearly": 0,
            "eps_latest_yearly": 0,
            "eps_growth_yearly": 0
        },
        "20123": {
            "year_quarter": 20123,
            "year": 2012,
            "quarter": 3,
            "eps": null,
            "eps_growth_year": null,
            "eps_4q": null,
            "eps_4q_growth_year": null,
            "roe": null,
            "roe_4q": 0,
            "gross_profit": 74638,
            "gross_margin": null,
            "gross_margin_4q_avg": 0,
            "net_income": 39290,
            "revenue": 169957,
            "common_shares": 950000,
            "book_valuer_per_share": null,
            "book_valuer_per_share_4q_avg": 5.16,
            "equity": 1022189,
            "current_ratio": null,
            "debt_ratio": null,
            "inventory_turnover_ratio": null,
            "account_receivable_turnover_ratio": null,
            "reinvestment_rate": null,
            "research_to_sale_ratio": null,
            "price_fair": 0,
            "eps_avg_yearly": 0,
            "eps_latest_yearly": 0,
            "eps_growth_yearly": 0
        },
        "20124": {
            "year_quarter": 20124,
            "year": 2012,
            "quarter": 4,
            "eps": null,
            "eps_growth_year": null,
            "eps_4q": null,
            "eps_4q_growth_year": null,
            "roe": null,
            "roe_4q": 0,
            "gross_profit": 47857,
            "gross_margin": null,
            "gross_margin_4q_avg": 0,
            "net_income": 18575,
            "revenue": 124225,
            "common_shares": 950000,
            "book_valuer_per_share": 10.94,
            "book_valuer_per_share_4q_avg": 5.32,
            "equity": 1039600,
            "current_ratio": 32.69,
            "debt_ratio": 39.74,
            "inventory_turnover_ratio": null,
            "account_receivable_turnover_ratio": null,
            "reinvestment_rate": null,
            "research_to_sale_ratio": null,
            "price_fair": 0,
            "eps_avg_yearly": 0,
            "eps_latest_yearly": 0,
            "eps_growth_yearly": 0
        },
        "20131": {
            "year_quarter": 20131,
            "year": 2013,
            "quarter": 1,
            "eps": null,
            "eps_growth_year": null,
            "eps_4q": null,
            "eps_4q_growth_year": null,
            "roe": null,
            "roe_4q": 0,
            "gross_profit": 25083,
            "gross_margin": null,
            "gross_margin_4q_avg": 0,
            "net_income": -4549,
            "revenue": 92856,
            "common_shares": 950000,
            "book_valuer_per_share": 10.9,
            "book_valuer_per_share_4q_avg": 8.05,
            "equity": 1035058,
            "current_ratio": 24.51,
            "debt_ratio": 38.71,
            "inventory_turnover_ratio": null,
            "account_receivable_turnover_ratio": null,
            "reinvestment_rate": null,
            "research_to_sale_ratio": null,
            "price_fair": 0,
            "eps_avg_yearly": 0,
            "eps_latest_yearly": 0,
            "eps_growth_yearly": 0
        },
        "20132": {
            "year_quarter": 20132,
            "year": 2013,
            "quarter": 2,
            "eps": 0.08,
            "eps_growth_year": null,
            "eps_4q": 0.08,
            "eps_4q_growth_year": null,
            "roe": 0.72,
            "roe_4q": 0.72,
            "gross_profit": 40538,
            "gross_margin": 35.19,
            "gross_margin_4q_avg": 8.8,
            "net_income": 7384,
            "revenue": 115201,
            "common_shares": 950000,
            "book_valuer_per_share": 10.57,
            "book_valuer_per_share_4q_avg": 8.1,
            "equity": 1004442,
            "current_ratio": 25.46,
            "debt_ratio": 40.89,
            "inventory_turnover_ratio": 12.33,
            "account_receivable_turnover_ratio": 13.01,
            "reinvestment_rate": null,
            "research_to_sale_ratio": null,
            "price_fair": 0,
            "eps_avg_yearly": 0,
            "eps_latest_yearly": 0,
            "eps_growth_yearly": 0
        },
        "20133": {
            "year_quarter": 20133,
            "year": 2013,
            "quarter": 3,
            "eps": 0.52,
            "eps_growth_year": null,
            "eps_4q": 0.6,
            "eps_4q_growth_year": null,
            "roe": 4.81,
            "roe_4q": 5.529999999999999,
            "gross_profit": 89033,
            "gross_margin": 46.95,
            "gross_margin_4q_avg": 20.54,
            "net_income": 49546,
            "revenue": 189646,
            "common_shares": 950000,
            "book_valuer_per_share": 11.09,
            "book_valuer_per_share_4q_avg": 10.88,
            "equity": 1053988,
            "current_ratio": 21.76,
            "debt_ratio": 36.68,
            "inventory_turnover_ratio": 16.63,
            "account_receivable_turnover_ratio": 11.36,
            "reinvestment_rate": null,
            "research_to_sale_ratio": null,
            "price_fair": 72.8,
            "eps_avg_yearly": 2.08,
            "eps_latest_yearly": 2.08,
            "eps_growth_yearly": 2200
        },
        "20134": {
            "year_quarter": 20134,
            "year": 2013,
            "quarter": 4,
            "eps": 0.12,
            "eps_growth_year": null,
            "eps_4q": 0.66,
            "eps_4q_growth_year": null,
            "roe": 1.1,
            "roe_4q": 6.63,
            "gross_profit": 41950,
            "gross_margin": 34.37,
            "gross_margin_4q_avg": 29.13,
            "net_income": 12797,
            "revenue": 122053,
            "common_shares": 1050000,
            "book_valuer_per_share": 12.21,
            "book_valuer_per_share_4q_avg": 11.19,
            "equity": 1282052,
            "current_ratio": 28.34,
            "debt_ratio": 23.33,
            "inventory_turnover_ratio": 14.26,
            "account_receivable_turnover_ratio": 8.78,
            "reinvestment_rate": null,
            "research_to_sale_ratio": null,
            "price_fair": 44.8,
            "eps_avg_yearly": 1.28,
            "eps_latest_yearly": 0.48,
            "eps_growth_yearly": 946.15
        },
        "20141": {
            "year_quarter": 20141,
            "year": 2014,
            "quarter": 1,
            "eps": 0.05,
            "eps_growth_year": null,
            "eps_4q": 0.71,
            "eps_4q_growth_year": null,
            "roe": 0.4,
            "roe_4q": 7.029999999999999,
            "gross_profit": 34045,
            "gross_margin": 29.91,
            "gross_margin_4q_avg": 36.61,
            "net_income": 5157,
            "revenue": 113825,
            "common_shares": 1050000,
            "book_valuer_per_share": 12.26,
            "book_valuer_per_share_4q_avg": 11.53,
            "equity": 1287209,
            "current_ratio": 27.41,
            "debt_ratio": 22.16,
            "inventory_turnover_ratio": 17.42,
            "account_receivable_turnover_ratio": 5.54,
            "reinvestment_rate": null,
            "research_to_sale_ratio": null,
            "price_fair": 32.2,
            "eps_avg_yearly": 0.92,
            "eps_latest_yearly": 0.2,
            "eps_growth_yearly": 552.99
        },
        "20142": {
            "year_quarter": 20142,
            "year": 2014,
            "quarter": 2,
            "eps": 0.19,
            "eps_growth_year": 137.5,
            "eps_4q": 0.83,
            "eps_4q_growth_year": 971.53,
            "roe": 1.57,
            "roe_4q": 7.88,
            "gross_profit": 56108,
            "gross_margin": 40.64,
            "gross_margin_4q_avg": 37.97,
            "net_income": 19950,
            "revenue": 138055,
            "common_shares": 1050000,
            "book_valuer_per_share": 11.9,
            "book_valuer_per_share_4q_avg": 11.87,
            "equity": 1249409,
            "current_ratio": 42.38,
            "debt_ratio": 28.63,
            "inventory_turnover_ratio": 20.99,
            "account_receivable_turnover_ratio": 4.19,
            "reinvestment_rate": null,
            "research_to_sale_ratio": null,
            "price_fair": 30.8,
            "eps_avg_yearly": 0.88,
            "eps_latest_yearly": 0.76,
            "eps_growth_yearly": 694.74
        },
        "20143": {
            "year_quarter": 20143,
            "year": 2014,
            "quarter": 3,
            "eps": 0.59,
            "eps_growth_year": 13.46,
            "eps_4q": 0.95,
            "eps_4q_growth_year": 58.03,
            "roe": 4.81,
            "roe_4q": 7.880000000000001,
            "gross_profit": 106228,
            "gross_margin": 48.21,
            "gross_margin_4q_avg": 38.28,
            "net_income": 61533,
            "revenue": 220329,
            "common_shares": 1050000,
            "book_valuer_per_share": 12.49,
            "book_valuer_per_share_4q_avg": 12.22,
            "equity": 1310942,
            "current_ratio": 26.42,
            "debt_ratio": 18.93,
            "inventory_turnover_ratio": 27.67,
            "account_receivable_turnover_ratio": 8.01,
            "reinvestment_rate": null,
            "research_to_sale_ratio": null,
            "price_fair": 41.16,
            "eps_avg_yearly": 1.18,
            "eps_latest_yearly": 2.36,
            "eps_growth_yearly": 724.22
        },
        "20144": {
            "year_quarter": 20144,
            "year": 2014,
            "quarter": 4,
            "eps": 0.11,
            "eps_growth_year": -9.15,
            "eps_4q": 0.94,
            "eps_4q_growth_year": 40.93,
            "roe": 0.88,
            "roe_4q": 7.66,
            "gross_profit": 45720,
            "gross_margin": 34.95,
            "gross_margin_4q_avg": 38.43,
            "net_income": 11626,
            "revenue": 130828,
            "common_shares": 1050000,
            "book_valuer_per_share": 12.6,
            "book_valuer_per_share_4q_avg": 12.31,
            "equity": 1322751,
            "current_ratio": 30.31,
            "debt_ratio": 17.9,
            "inventory_turnover_ratio": 19.46,
            "account_receivable_turnover_ratio": 8.64,
            "reinvestment_rate": null,
            "research_to_sale_ratio": null,
            "price_fair": 36.87,
            "eps_avg_yearly": 1.05,
            "eps_latest_yearly": 0.44,
            "eps_growth_yearly": 549.28
        },
        "20151": {
            "year_quarter": 20151,
            "year": 2015,
            "quarter": 1,
            "eps": 0.13,
            "eps_growth_year": 160,
            "eps_4q": 1.01,
            "eps_4q_growth_year": 41.95,
            "roe": 0.99,
            "roe_4q": 8.25,
            "gross_profit": 45665,
            "gross_margin": 37.2,
            "gross_margin_4q_avg": 40.25,
            "net_income": 13187,
            "revenue": 122772,
            "common_shares": 1050000,
            "book_valuer_per_share": 12.72,
            "book_valuer_per_share_4q_avg": 12.43,
            "equity": 1335938,
            "current_ratio": 27.91,
            "debt_ratio": 15.54,
            "inventory_turnover_ratio": 18.33,
            "account_receivable_turnover_ratio": 13.93,
            "reinvestment_rate": null,
            "research_to_sale_ratio": null,
            "price_fair": 34.2,
            "eps_avg_yearly": 0.98,
            "eps_latest_yearly": 0.52,
            "eps_growth_yearly": 481.2
        },
        "20152": {
            "year_quarter": 20152,
            "year": 2015,
            "quarter": 2,
            "eps": 0.16,
            "eps_growth_year": -15.79,
            "eps_4q": 0.98,
            "eps_4q_growth_year": 17.93,
            "roe": 1.3,
            "roe_4q": 7.9799999999999995,
            "gross_profit": 48090,
            "gross_margin": 37.55,
            "gross_margin_4q_avg": 39.48,
            "net_income": 16782,
            "revenue": 128082,
            "common_shares": 1050000,
            "book_valuer_per_share": 11.88,
            "book_valuer_per_share_4q_avg": 12.42,
            "equity": 1247720,
            "current_ratio": 22,
            "debt_ratio": 20.96,
            "inventory_turnover_ratio": 20.38,
            "account_receivable_turnover_ratio": 11.94,
            "reinvestment_rate": null,
            "research_to_sale_ratio": null,
            "price_fair": 32.73,
            "eps_avg_yearly": 0.94,
            "eps_latest_yearly": 0.64,
            "eps_growth_yearly": 432.59
        },
        "20153": {
            "year_quarter": 20153,
            "year": 2015,
            "quarter": 3,
            "eps": 0.43,
            "eps_growth_year": -27.12,
            "eps_4q": 0.83,
            "eps_4q_growth_year": -12.24,
            "roe": 3.59,
            "roe_4q": 6.76,
            "gross_profit": 85947,
            "gross_margin": 45.8,
            "gross_margin_4q_avg": 38.88,
            "net_income": 45667,
            "revenue": 187654,
            "common_shares": 1050000,
            "book_valuer_per_share": 12.32,
            "book_valuer_per_share_4q_avg": 12.38,
            "equity": 1293387,
            "current_ratio": 30.46,
            "debt_ratio": 18.04,
            "inventory_turnover_ratio": 24.58,
            "account_receivable_turnover_ratio": 9.78,
            "reinvestment_rate": null,
            "research_to_sale_ratio": null,
            "price_fair": 35.78,
            "eps_avg_yearly": 1.02,
            "eps_latest_yearly": 1.72,
            "eps_growth_yearly": 459.52
        },
        "20154": {
            "year_quarter": 20154,
            "year": 2015,
            "quarter": 4,
            "eps": 0.12,
            "eps_growth_year": 11.4,
            "eps_4q": 0.84,
            "eps_4q_growth_year": -9.85,
            "roe": 1,
            "roe_4q": 6.88,
            "gross_profit": 43182,
            "gross_margin": 37.07,
            "gross_margin_4q_avg": 39.41,
            "net_income": 12951,
            "revenue": 116482,
            "common_shares": 1050000,
            "book_valuer_per_share": 12.45,
            "book_valuer_per_share_4q_avg": 12.34,
            "equity": 1306775,
            "current_ratio": 32.1,
            "debt_ratio": 16.4,
            "inventory_turnover_ratio": 17.23,
            "account_receivable_turnover_ratio": 6.83,
            "reinvestment_rate": null,
            "research_to_sale_ratio": null,
            "price_fair": 33.88,
            "eps_avg_yearly": 0.97,
            "eps_latest_yearly": 0.48,
            "eps_growth_yearly": 384.73
        },
        "20161": {
            "year_quarter": 20161,
            "year": 2016,
            "quarter": 1,
            "eps": 0.11,
            "eps_growth_year": -15.38,
            "eps_4q": 0.83,
            "eps_4q_growth_year": -17.74,
            "roe": 0.92,
            "roe_4q": 6.81,
            "gross_profit": 43358,
            "gross_margin": 37.98,
            "gross_margin_4q_avg": 39.6,
            "net_income": 12037,
            "revenue": 114168,
            "common_shares": 1050000,
            "book_valuer_per_share": 12.56,
            "book_valuer_per_share_4q_avg": 12.3,
            "equity": 1318812,
            "current_ratio": 33.7,
            "debt_ratio": 14.72,
            "inventory_turnover_ratio": 17.38,
            "account_receivable_turnover_ratio": 11.77,
            "reinvestment_rate": null,
            "research_to_sale_ratio": null,
            "price_fair": 32.2,
            "eps_avg_yearly": 0.92,
            "eps_latest_yearly": 0.44,
            "eps_growth_yearly": 346.73
        },
        "20162": {
            "year_quarter": 20162,
            "year": 2016,
            "quarter": 2,
            "eps": 0.12,
            "eps_growth_year": -25,
            "eps_4q": 0.79,
            "eps_4q_growth_year": -19.77,
            "roe": 0.94,
            "roe_4q": 6.449999999999999,
            "gross_profit": 43502,
            "gross_margin": 35.88,
            "gross_margin_4q_avg": 39.18,
            "net_income": 12083,
            "revenue": 121236,
            "common_shares": 1050000,
            "book_valuer_per_share": 11.83,
            "book_valuer_per_share_4q_avg": 12.29,
            "equity": 1241645,
            "current_ratio": 31.87,
            "debt_ratio": 20.72,
            "inventory_turnover_ratio": 19.83,
            "account_receivable_turnover_ratio": 9.52,
            "reinvestment_rate": -77.36,
            "research_to_sale_ratio": null,
            "price_fair": 30.92,
            "eps_avg_yearly": 0.88,
            "eps_latest_yearly": 0.48,
            "eps_growth_yearly": 320.86
        },
        "20163": {
            "year_quarter": 20163,
            "year": 2016,
            "quarter": 3,
            "eps": 0.35,
            "eps_growth_year": -18.6,
            "eps_4q": 0.7,
            "eps_4q_growth_year": -15.87,
            "roe": 2.88,
            "roe_4q": 5.74,
            "gross_profit": 75436,
            "gross_margin": 43.54,
            "gross_margin_4q_avg": 38.62,
            "net_income": 36342,
            "revenue": 173238,
            "common_shares": 1050000,
            "book_valuer_per_share": 12.17,
            "book_valuer_per_share_4q_avg": 12.25,
            "equity": 1277987,
            "current_ratio": 29.83,
            "debt_ratio": 16.28,
            "inventory_turnover_ratio": 25.6,
            "account_receivable_turnover_ratio": 10.53,
            "reinvestment_rate": -76.96,
            "research_to_sale_ratio": null,
            "price_fair": 32.31,
            "eps_avg_yearly": 0.92,
            "eps_latest_yearly": 1.4,
            "eps_growth_yearly": 355.16
        },
        "20164": {
            "year_quarter": 20164,
            "year": 2016,
            "quarter": 4,
            "eps": 0.02,
            "eps_growth_year": -86.48,
            "eps_4q": 0.59,
            "eps_4q_growth_year": -29.77,
            "roe": 0.14,
            "roe_4q": 4.88,
            "gross_profit": 33016,
            "gross_margin": 30.58,
            "gross_margin_4q_avg": 37,
            "net_income": 1751,
            "revenue": 107956,
            "common_shares": 1050000,
            "book_valuer_per_share": 12.18,
            "book_valuer_per_share_4q_avg": 12.19,
            "equity": 1278906,
            "current_ratio": 36.72,
            "debt_ratio": 16.48,
            "inventory_turnover_ratio": 20.13,
            "account_receivable_turnover_ratio": 7.32,
            "reinvestment_rate": -55.31,
            "research_to_sale_ratio": null,
            "price_fair": 30.2,
            "eps_avg_yearly": 0.86,
            "eps_latest_yearly": 0.08,
            "eps_growth_yearly": 302.85
        },
        "20171": {
            "year_quarter": 20171,
            "year": 2017,
            "quarter": 1,
            "eps": -0.07,
            "eps_growth_year": -163.64,
            "eps_4q": 0.41,
            "eps_4q_growth_year": -51.36,
            "roe": -0.6,
            "roe_4q": 3.36,
            "gross_profit": 21528,
            "gross_margin": 23.54,
            "gross_margin_4q_avg": 33.39,
            "net_income": -7646,
            "revenue": 91472,
            "common_shares": 1050000,
            "book_valuer_per_share": 12.11,
            "book_valuer_per_share_4q_avg": 12.07,
            "equity": 1271260,
            "current_ratio": 29.93,
            "debt_ratio": 15.24,
            "inventory_turnover_ratio": 19.28,
            "account_receivable_turnover_ratio": 7.77,
            "reinvestment_rate": -55.05,
            "research_to_sale_ratio": null,
            "price_fair": 30.2,
            "eps_avg_yearly": 0.86,
            "eps_latest_yearly": 0.08,
            "eps_growth_yearly": 302.85
        },
        "20172": {
            "year_quarter": 20172,
            "year": 2017,
            "quarter": 2,
            "eps": -0.03,
            "eps_growth_year": -125,
            "eps_4q": 0.26,
            "eps_4q_growth_year": -67.59,
            "roe": -0.29,
            "roe_4q": 2.13,
            "gross_profit": 27245,
            "gross_margin": 27.09,
            "gross_margin_4q_avg": 31.19,
            "net_income": -3635,
            "revenue": 100562,
            "common_shares": 1050000,
            "book_valuer_per_share": 11.57,
            "book_valuer_per_share_4q_avg": 12.01,
            "equity": 1215125,
            "current_ratio": 26.57,
            "debt_ratio": 19.14,
            "inventory_turnover_ratio": 21.72,
            "account_receivable_turnover_ratio": 11.31,
            "reinvestment_rate": -55.55,
            "research_to_sale_ratio": null,
            "price_fair": 30.2,
            "eps_avg_yearly": 0.86,
            "eps_latest_yearly": 0.08,
            "eps_growth_yearly": 302.85
        },
        "20173": {
            "year_quarter": 20173,
            "year": 2017,
            "quarter": 3,
            "eps": 0.25,
            "eps_growth_year": -28.57,
            "eps_4q": 0.16,
            "eps_4q_growth_year": -77.24,
            "roe": 2.14,
            "roe_4q": 1.3900000000000001,
            "gross_profit": 57572,
            "gross_margin": 38.51,
            "gross_margin_4q_avg": 29.93,
            "net_income": 26239,
            "revenue": 149499,
            "common_shares": 1050000,
            "book_valuer_per_share": 11.82,
            "book_valuer_per_share_4q_avg": 11.92,
            "equity": 1241364,
            "current_ratio": 29.72,
            "debt_ratio": 16.6,
            "inventory_turnover_ratio": 29.38,
            "account_receivable_turnover_ratio": 13.04,
            "reinvestment_rate": -60.06,
            "research_to_sale_ratio": null,
            "price_fair": 26.92,
            "eps_avg_yearly": 0.77,
            "eps_latest_yearly": 0.08,
            "eps_growth_yearly": 156.91
        },
        "20174": {
            "year_quarter": 20174,
            "year": 2017,
            "quarter": 4,
            "eps": 0.01,
            "eps_growth_year": -15.76,
            "eps_4q": 0.16,
            "eps_4q_growth_year": -73.59,
            "roe": 0.12,
            "roe_4q": 1.37,
            "gross_profit": 32464,
            "gross_margin": 30.43,
            "gross_margin_4q_avg": 29.89,
            "net_income": 1475,
            "revenue": 106682,
            "common_shares": 1050000,
            "book_valuer_per_share": 11.84,
            "book_valuer_per_share_4q_avg": 11.84,
            "equity": 1242890,
            "current_ratio": 27.98,
            "debt_ratio": 15.72,
            "inventory_turnover_ratio": 26.45,
            "account_receivable_turnover_ratio": 8.13,
            "reinvestment_rate": -61.34,
            "research_to_sale_ratio": null,
            "price_fair": 25.74,
            "eps_avg_yearly": 0.74,
            "eps_latest_yearly": 0.04,
            "eps_growth_yearly": 151.04
        },
        "20181": {
            "year_quarter": 20181,
            "year": 2018,
            "quarter": 1,
            "eps": -0.39,
            "eps_growth_year": null,
            "eps_4q": -0.16,
            "eps_4q_growth_year": -139.69,
            "roe": -3.35,
            "roe_4q": -1.38,
            "gross_profit": -12938,
            "gross_margin": -27.46,
            "gross_margin_4q_avg": 17.14,
            "net_income": -40959,
            "revenue": 47120,
            "common_shares": 1050000,
            "book_valuer_per_share": 11.45,
            "book_valuer_per_share_4q_avg": 11.67,
            "equity": 1201960,
            "current_ratio": 24.11,
            "debt_ratio": 17.85,
            "inventory_turnover_ratio": 22,
            "account_receivable_turnover_ratio": 5.4,
            "reinvestment_rate": -73.63,
            "research_to_sale_ratio": null,
            "price_fair": 27.3,
            "eps_avg_yearly": 0.78,
            "eps_latest_yearly": 0.04,
            "eps_growth_yearly": 183.07
        },
        "20182": {
            "year_quarter": 20182,
            "year": 2018,
            "quarter": 2,
            "eps": -0.02,
            "eps_growth_year": null,
            "eps_4q": -0.14,
            "eps_4q_growth_year": -156.77,
            "roe": -0.17,
            "roe_4q": -1.2599999999999998,
            "gross_profit": 27253,
            "gross_margin": 27.88,
            "gross_margin_4q_avg": 17.34,
            "net_income": -1977,
            "revenue": 97758,
            "common_shares": 1050000,
            "book_valuer_per_share": 11.32,
            "book_valuer_per_share_4q_avg": 11.61,
            "equity": 1188223,
            "current_ratio": 25.11,
            "debt_ratio": 18.91,
            "inventory_turnover_ratio": 25.31,
            "account_receivable_turnover_ratio": 11.25,
            "reinvestment_rate": -80.52,
            "research_to_sale_ratio": null,
            "price_fair": 27.36,
            "eps_avg_yearly": 0.78,
            "eps_latest_yearly": 0.04,
            "eps_growth_yearly": 97.9
        },
        "20183": {
            "year_quarter": 20183,
            "year": 2018,
            "quarter": 3,
            "eps": 0.21,
            "eps_growth_year": -16,
            "eps_4q": -0.18,
            "eps_4q_growth_year": -213.41,
            "roe": 1.88,
            "roe_4q": -1.52,
            "gross_profit": 53031,
            "gross_margin": 37.36,
            "gross_margin_4q_avg": 17.05,
            "net_income": 22511,
            "revenue": 141934,
            "common_shares": 1050000,
            "book_valuer_per_share": 11.53,
            "book_valuer_per_share_4q_avg": 11.54,
            "equity": 1210734,
            "current_ratio": 28.94,
            "debt_ratio": 16.92,
            "inventory_turnover_ratio": 32.74,
            "account_receivable_turnover_ratio": 12.21,
            "reinvestment_rate": -98.13,
            "research_to_sale_ratio": null,
            "price_fair": 20.89,
            "eps_avg_yearly": 0.62,
            "eps_latest_yearly": 0.04,
            "eps_growth_yearly": 23.48
        },
        "20184": {
            "year_quarter": 20184,
            "year": 2018,
            "quarter": 4,
            "eps": -0.1,
            "eps_growth_year": -840.53,
            "eps_4q": -0.3,
            "eps_4q_growth_year": -290.76,
            "roe": -0.91,
            "roe_4q": -2.5500000000000003,
            "gross_profit": 12758,
            "gross_margin": 15.26,
            "gross_margin_4q_avg": 13.26,
            "net_income": -10923,
            "revenue": 83622,
            "common_shares": 1050000,
            "book_valuer_per_share": 11.42,
            "book_valuer_per_share_4q_avg": 11.43,
            "equity": 1199137,
            "current_ratio": 28.51,
            "debt_ratio": 18.11,
            "inventory_turnover_ratio": 24.53,
            "account_receivable_turnover_ratio": 7.26,
            "reinvestment_rate": -112.17,
            "research_to_sale_ratio": null,
            "price_fair": 22.56,
            "eps_avg_yearly": 0.64,
            "eps_latest_yearly": 0.04,
            "eps_growth_yearly": 62.25
        },
        "20191": {
            "year_quarter": 20191,
            "year": 2019,
            "quarter": 1,
            "eps": -0.11,
            "eps_growth_year": null,
            "eps_4q": -0.02,
            "eps_4q_growth_year": null,
            "roe": -1.01,
            "roe_4q": -0.21000000000000005,
            "gross_profit": 17192,
            "gross_margin": 19.87,
            "gross_margin_4q_avg": 25.09,
            "net_income": -12021,
            "revenue": 86524,
            "common_shares": 1050000,
            "book_valuer_per_share": 11.31,
            "book_valuer_per_share_4q_avg": 11.4,
            "equity": 1187116,
            "current_ratio": 25.68,
            "debt_ratio": 18.17,
            "inventory_turnover_ratio": 23.38,
            "account_receivable_turnover_ratio": 9.42,
            "reinvestment_rate": -139.7,
            "research_to_sale_ratio": null,
            "price_fair": 23.1,
            "eps_avg_yearly": 0.66,
            "eps_latest_yearly": 0.04,
            "eps_growth_yearly": 60.94
        },
        "20192": {
            "year_quarter": 20192,
            "year": 2019,
            "quarter": 2,
            "eps": -0.07,
            "eps_growth_year": null,
            "eps_4q": -0.07,
            "eps_4q_growth_year": null,
            "roe": -0.61,
            "roe_4q": -0.6500000000000004,
            "gross_profit": 23016,
            "gross_margin": 23.26,
            "gross_margin_4q_avg": 23.94,
            "net_income": -7169,
            "revenue": 98936,
            "common_shares": 1050000,
            "book_valuer_per_share": 11.24,
            "book_valuer_per_share_4q_avg": 11.38,
            "equity": 1179947,
            "current_ratio": 31.5,
            "debt_ratio": 19.1,
            "inventory_turnover_ratio": 26.76,
            "account_receivable_turnover_ratio": 9.88,
            "reinvestment_rate": -175.32,
            "research_to_sale_ratio": null,
            "price_fair": 23.2,
            "eps_avg_yearly": 0.66,
            "eps_latest_yearly": 0.04,
            "eps_growth_yearly": 56.45
        },
        "20193": {
            "year_quarter": 20193,
            "year": 2019,
            "quarter": 3,
            "eps": 0.13,
            "eps_growth_year": -38.1,
            "eps_4q": -0.15,
            "eps_4q_growth_year": null,
            "roe": 1.18,
            "roe_4q": -1.35,
            "gross_profit": 49358,
            "gross_margin": 33.59,
            "gross_margin_4q_avg": 23,
            "net_income": 13973,
            "revenue": 146928,
            "common_shares": 1050000,
            "book_valuer_per_share": 11.37,
            "book_valuer_per_share_4q_avg": 11.34,
            "equity": 1193920,
            "current_ratio": 29.3,
            "debt_ratio": 16.8,
            "inventory_turnover_ratio": 37.43,
            "account_receivable_turnover_ratio": 11.51,
            "reinvestment_rate": -267.64,
            "research_to_sale_ratio": null,
            "price_fair": 1.46,
            "eps_avg_yearly": 0.49,
            "eps_latest_yearly": 0.04,
            "eps_growth_yearly": -46.64
        },
        "20194": {
            "year_quarter": 20194,
            "year": 2019,
            "quarter": 4,
            "eps": -0.1,
            "eps_growth_year": null,
            "eps_4q": -0.15,
            "eps_4q_growth_year": null,
            "roe": -0.9,
            "roe_4q": -1.34,
            "gross_profit": 21093,
            "gross_margin": 22.72,
            "gross_margin_4q_avg": 24.86,
            "net_income": -10757,
            "revenue": 92855,
            "common_shares": 1050000,
            "book_valuer_per_share": 11.27,
            "book_valuer_per_share_4q_avg": 11.3,
            "equity": 1183585,
            "current_ratio": 44.72,
            "debt_ratio": 20.59,
            "inventory_turnover_ratio": 31.52,
            "account_receivable_turnover_ratio": 9.92,
            "reinvestment_rate": -458.43,
            "research_to_sale_ratio": null,
            "price_fair": 5.71,
            "eps_avg_yearly": 0.49,
            "eps_latest_yearly": 0.04,
            "eps_growth_yearly": 1.71
        },
        "20201": {
            "year_quarter": 20201,
            "year": 2020,
            "quarter": 1,
            "eps": 0,
            "eps_growth_year": null,
            "eps_4q": -0.04,
            "eps_4q_growth_year": null,
            "roe": -0,
            "roe_4q": -0.33000000000000007,
            "gross_profit": 26729,
            "gross_margin": 28.1,
            "gross_margin_4q_avg": 26.92,
            "net_income": -10,
            "revenue": 95114,
            "common_shares": 1050000,
            "book_valuer_per_share": 11.27,
            "book_valuer_per_share_4q_avg": 11.29,
            "equity": 1183575,
            "current_ratio": 26.82,
            "debt_ratio": 16.78,
            "inventory_turnover_ratio": 35.3,
            "account_receivable_turnover_ratio": 13.33,
            "reinvestment_rate": -675.6,
            "research_to_sale_ratio": null,
            "price_fair": 10.24,
            "eps_avg_yearly": 0.5,
            "eps_latest_yearly": 0.04,
            "eps_growth_yearly": 10.47
        },
        "20202": {
            "year_quarter": 20202,
            "year": 2020,
            "quarter": 2,
            "eps": 0.11,
            "eps_growth_year": null,
            "eps_4q": 0.14,
            "eps_4q_growth_year": null,
            "roe": 0.96,
            "roe_4q": 1.2399999999999998,
            "gross_profit": 24686,
            "gross_margin": 24.35,
            "gross_margin_4q_avg": 27.19,
            "net_income": 11458,
            "revenue": 101397,
            "common_shares": 1050000,
            "book_valuer_per_share": 11.38,
            "book_valuer_per_share_4q_avg": 11.32,
            "equity": 1195033,
            "current_ratio": 31.32,
            "debt_ratio": 16.03,
            "inventory_turnover_ratio": 34.67,
            "account_receivable_turnover_ratio": 13.32,
            "reinvestment_rate": -683.38,
            "research_to_sale_ratio": null,
            "price_fair": 6,
            "eps_avg_yearly": 0.51,
            "eps_latest_yearly": 0.04,
            "eps_growth_yearly": 1.84
        },
        "20203": {
            "year_quarter": 20203,
            "year": 2020,
            "quarter": 3,
            "eps": 0.65,
            "eps_growth_year": 400,
            "eps_4q": 0.65,
            "eps_4q_growth_year": null,
            "roe": 5.52,
            "roe_4q": 5.579999999999999,
            "gross_profit": 112758,
            "gross_margin": 52.29,
            "gross_margin_4q_avg": 31.87,
            "net_income": 67775,
            "revenue": 215656,
            "common_shares": 1050000,
            "book_valuer_per_share": 12.03,
            "book_valuer_per_share_4q_avg": 11.49,
            "equity": 1262808,
            "current_ratio": 66.05,
            "debt_ratio": 13.7,
            "inventory_turnover_ratio": 27.75,
            "account_receivable_turnover_ratio": 14.24,
            "reinvestment_rate": -252.91,
            "research_to_sale_ratio": null,
            "price_fair": 31.73,
            "eps_avg_yearly": 0.91,
            "eps_latest_yearly": 2.6,
            "eps_growth_yearly": 400.83
        },
        "20204": {
            "year_quarter": 20204,
            "year": 2020,
            "quarter": 4,
            "eps": 0.17,
            "eps_growth_year": null,
            "eps_4q": 0.93,
            "eps_4q_growth_year": null,
            "roe": 1.43,
            "roe_4q": 7.909999999999999,
            "gross_profit": 59445,
            "gross_margin": 36.93,
            "gross_margin_4q_avg": 35.42,
            "net_income": 18147,
            "revenue": 160948,
            "common_shares": 1050000,
            "book_valuer_per_share": 12.2,
            "book_valuer_per_share_4q_avg": 11.72,
            "equity": 1281367,
            "current_ratio": 81.88,
            "debt_ratio": 14.68,
            "inventory_turnover_ratio": 26.06,
            "account_receivable_turnover_ratio": 7.51,
            "reinvestment_rate": -184.6,
            "research_to_sale_ratio": null,
            "price_fair": 38.73,
            "eps_avg_yearly": 1.11,
            "eps_latest_yearly": 0.68,
            "eps_growth_yearly": 428.08
        },
        "20211": {
            "year_quarter": 20211,
            "year": 2021,
            "quarter": 1,
            "eps": 0.15,
            "eps_growth_year": null,
            "eps_4q": 1.07,
            "eps_4q_growth_year": null,
            "roe": 1.2,
            "roe_4q": 9.11,
            "gross_profit": 50524,
            "gross_margin": 38.49,
            "gross_margin_4q_avg": 38.02,
            "net_income": 15450,
            "revenue": 131264,
            "common_shares": 1050000,
            "book_valuer_per_share": 12.35,
            "book_valuer_per_share_4q_avg": 11.99,
            "equity": 1296817,
            "current_ratio": 93.01,
            "debt_ratio": 12.17,
            "inventory_turnover_ratio": 26.08,
            "account_receivable_turnover_ratio": 9.09,
            "reinvestment_rate": -138.5,
            "research_to_sale_ratio": null,
            "price_fair": 34.3,
            "eps_avg_yearly": 0.98,
            "eps_latest_yearly": 0.6,
            "eps_growth_yearly": 309.3
        },
        "20212": {
            "year_quarter": 20212,
            "year": 2021,
            "quarter": 2,
            "eps": -0.16,
            "eps_growth_year": -245.45,
            "eps_4q": 0.81,
            "eps_4q_growth_year": 479.43,
            "roe": -1.31,
            "roe_4q": 6.84,
            "gross_profit": 903,
            "gross_margin": 1.47,
            "gross_margin_4q_avg": 32.3,
            "net_income": -16405,
            "revenue": 61601,
            "common_shares": 1050000,
            "book_valuer_per_share": 11.49,
            "book_valuer_per_share_4q_avg": 12.02,
            "equity": 1206912,
            "current_ratio": 54.76,
            "debt_ratio": 15.9,
            "inventory_turnover_ratio": 20.08,
            "account_receivable_turnover_ratio": 11.95,
            "reinvestment_rate": -161.64,
            "research_to_sale_ratio": null,
            "price_fair": 34.3,
            "eps_avg_yearly": 0.98,
            "eps_latest_yearly": 0.6,
            "eps_growth_yearly": 309.3
        },
        "20213": {
            "year_quarter": 20213,
            "year": 2021,
            "quarter": 3,
            "eps": -0.14,
            "eps_growth_year": -121.54,
            "eps_4q": 0.03,
            "eps_4q_growth_year": -96.1,
            "roe": -1.21,
            "roe_4q": 0.10999999999999988,
            "gross_profit": -4150,
            "gross_margin": -6.75,
            "gross_margin_4q_avg": 17.54,
            "net_income": -14525,
            "revenue": 61472,
            "common_shares": 1050000,
            "book_valuer_per_share": 11.36,
            "book_valuer_per_share_4q_avg": 11.85,
            "equity": 1192387,
            "current_ratio": 47.34,
            "debt_ratio": 15.08,
            "inventory_turnover_ratio": 25.21,
            "account_receivable_turnover_ratio": 17.96,
            "reinvestment_rate": -299.3,
            "research_to_sale_ratio": null,
            "price_fair": 34.3,
            "eps_avg_yearly": 0.98,
            "eps_latest_yearly": 0.6,
            "eps_growth_yearly": 309.3
        },
        "20214": {
            "year_quarter": 20214,
            "year": 2021,
            "quarter": 4,
            "eps": -0.05,
            "eps_growth_year": -129,
            "eps_4q": -0.2,
            "eps_4q_growth_year": -121.3,
            "roe": -0.44,
            "roe_4q": -1.76,
            "gross_profit": 20772,
            "gross_margin": 21.5,
            "gross_margin_4q_avg": 13.68,
            "net_income": -5263,
            "revenue": 96634,
            "common_shares": 1050000,
            "book_valuer_per_share": 11.35,
            "book_valuer_per_share_4q_avg": 11.64,
            "equity": 1191946,
            "current_ratio": 46.08,
            "debt_ratio": 17.77,
            "inventory_turnover_ratio": 32.69,
            "account_receivable_turnover_ratio": 15.74,
            "reinvestment_rate": -252.36,
            "research_to_sale_ratio": null,
            "price_fair": 45.27,
            "eps_avg_yearly": 1.29,
            "eps_latest_yearly": 0.6,
            "eps_growth_yearly": 540.4
        },
        "20221": {
            "year_quarter": 20221,
            "year": 2022,
            "quarter": 1,
            "eps": 0.03,
            "eps_growth_year": -80,
            "eps_4q": -0.31,
            "eps_4q_growth_year": -129.07,
            "roe": 0.28,
            "roe_4q": -2.6799999999999997,
            "gross_profit": 28151,
            "gross_margin": 27.15,
            "gross_margin_4q_avg": 10.84,
            "net_income": 3398,
            "revenue": 103675,
            "common_shares": 1050000,
            "book_valuer_per_share": 11.38,
            "book_valuer_per_share_4q_avg": 11.4,
            "equity": 1195344,
            "current_ratio": 47.42,
            "debt_ratio": 21.26,
            "inventory_turnover_ratio": 30.04,
            "account_receivable_turnover_ratio": 13.29,
            "reinvestment_rate": -14.32,
            "research_to_sale_ratio": null,
            "price_fair": 45.27,
            "eps_avg_yearly": 1.29,
            "eps_latest_yearly": 0.6,
            "eps_growth_yearly": 540.4
        },
        "20222": {
            "year_quarter": 20222,
            "year": 2022,
            "quarter": 2,
            "eps": -0.38,
            "eps_growth_year": null,
            "eps_4q": -0.54,
            "eps_4q_growth_year": -166.37,
            "roe": -3.4,
            "roe_4q": -4.77,
            "gross_profit": -11648,
            "gross_margin": -19.02,
            "gross_margin_4q_avg": 5.72,
            "net_income": -40004,
            "revenue": 61253,
            "common_shares": 1050000,
            "book_valuer_per_share": 11,
            "book_valuer_per_share_4q_avg": 11.27,
            "equity": 1155340,
            "current_ratio": 43,
            "debt_ratio": 28.8,
            "inventory_turnover_ratio": 29.2,
            "account_receivable_turnover_ratio": 7.67,
            "reinvestment_rate": 233.2,
            "research_to_sale_ratio": null,
            "price_fair": 45.27,
            "eps_avg_yearly": 1.29,
            "eps_latest_yearly": 0.6,
            "eps_growth_yearly": 540.4
        },
        "20223": {
            "year_quarter": 20223,
            "year": 2022,
            "quarter": 3,
            "eps": 0.46,
            "eps_growth_year": null,
            "eps_4q": 0.06,
            "eps_4q_growth_year": 131.46,
            "roe": 4.07,
            "roe_4q": 0.5100000000000005,
            "gross_profit": 91526,
            "gross_margin": 43.27,
            "gross_margin_4q_avg": 18.23,
            "net_income": 48042,
            "revenue": 211512,
            "common_shares": 1050000,
            "book_valuer_per_share": 11.46,
            "book_valuer_per_share_4q_avg": 11.3,
            "equity": 1203382,
            "current_ratio": 55.75,
            "debt_ratio": 31.02,
            "inventory_turnover_ratio": 41.51,
            "account_receivable_turnover_ratio": 17.24,
            "reinvestment_rate": 286.44,
            "research_to_sale_ratio": null,
            "price_fair": 45.27,
            "eps_avg_yearly": 1.29,
            "eps_latest_yearly": 0.6,
            "eps_growth_yearly": 540.4
        },
        "20224": {
            "year_quarter": 20224,
            "year": 2022,
            "quarter": 4,
            "eps": 0.12,
            "eps_growth_year": null,
            "eps_4q": 0.23,
            "eps_4q_growth_year": null,
            "roe": 1.05,
            "roe_4q": 2,
            "gross_profit": 47807,
            "gross_margin": 30.55,
            "gross_margin_4q_avg": 20.49,
            "net_income": 12681,
            "revenue": 156504,
            "common_shares": 1050000,
            "book_valuer_per_share": 11.6,
            "book_valuer_per_share_4q_avg": 11.36,
            "equity": 1218234,
            "current_ratio": 62.52,
            "debt_ratio": 34.31,
            "inventory_turnover_ratio": 27.07,
            "account_receivable_turnover_ratio": 9.87,
            "reinvestment_rate": 258.08,
            "research_to_sale_ratio": null,
            "price_fair": 38.15,
            "eps_avg_yearly": 1.09,
            "eps_latest_yearly": 0.48,
            "eps_growth_yearly": 331.39
        },
        "20231": {
            "year_quarter": 20231,
            "year": 2023,
            "quarter": 1,
            "eps": 0.13,
            "eps_growth_year": 333.33,
            "eps_4q": 0.33,
            "eps_4q_growth_year": null,
            "roe": 1.14,
            "roe_4q": 2.86,
            "gross_profit": 50040,
            "gross_margin": 31.78,
            "gross_margin_4q_avg": 21.65,
            "net_income": 13956,
            "revenue": 157457,
            "common_shares": 1050000,
            "book_valuer_per_share": 11.74,
            "book_valuer_per_share_4q_avg": 11.45,
            "equity": 1232190,
            "current_ratio": 59.41,
            "debt_ratio": 33.14,
            "inventory_turnover_ratio": 20.64,
            "account_receivable_turnover_ratio": 11.74,
            "reinvestment_rate": 219.39,
            "research_to_sale_ratio": null,
            "price_fair": 34.16,
            "eps_avg_yearly": 0.98,
            "eps_latest_yearly": 0.52,
            "eps_growth_yearly": 271.77
        }
    },
    "months": {
        "2012-12": {
            "month": "2012-12",
            "price": "22.78",
            "revenue": 36202
        },
        "2013-01": {
            "month": "2013-01",
            "price": "22.16",
            "revenue": 19103
        },
        "2013-02": {
            "month": "2013-02",
            "price": "21.71",
            "revenue": 44261
        },
        "2013-03": {
            "month": "2013-03",
            "price": "21.85",
            "revenue": 29679
        },
        "2013-04": {
            "month": "2013-04",
            "price": "21.51",
            "revenue": 30594
        },
        "2013-05": {
            "month": "2013-05",
            "price": "20.19",
            "revenue": 34666
        },
        "2013-06": {
            "month": "2013-06",
            "price": "19.66",
            "revenue": 49866
        },
        "2013-07": {
            "month": "2013-07",
            "price": "20.13",
            "revenue": 66619
        },
        "2013-08": {
            "month": "2013-08",
            "price": "21.42",
            "revenue": 70837
        },
        "2013-09": {
            "month": "2013-09",
            "price": "23.04",
            "revenue": 52178
        },
        "2013-10": {
            "month": "2013-10",
            "price": "30.94",
            "revenue": 48511
        },
        "2013-11": {
            "month": "2013-11",
            "price": "28.93",
            "revenue": 40263
        },
        "2013-12": {
            "month": "2013-12",
            "price": "24.95",
            "revenue": 33235
        },
        "2014-01": {
            "month": "2014-01",
            "price": "23.69",
            "revenue": 37875
        },
        "2014-02": {
            "month": "2014-02",
            "price": "23.26",
            "revenue": 42248
        },
        "2014-03": {
            "month": "2014-03",
            "price": "23.22",
            "revenue": 33702
        },
        "2014-04": {
            "month": "2014-04",
            "price": "22.74",
            "revenue": 39375
        },
        "2014-05": {
            "month": "2014-05",
            "price": "21.34",
            "revenue": 43900
        },
        "2014-06": {
            "month": "2014-06",
            "price": "20.52",
            "revenue": 54781
        },
        "2014-07": {
            "month": "2014-07",
            "price": "22.08",
            "revenue": 82737
        },
        "2014-08": {
            "month": "2014-08",
            "price": "21.60",
            "revenue": 84740
        },
        "2014-09": {
            "month": "2014-09",
            "price": "21.36",
            "revenue": 52839
        },
        "2014-10": {
            "month": "2014-10",
            "price": "21.20",
            "revenue": 54721
        },
        "2014-11": {
            "month": "2014-11",
            "price": "21.72",
            "revenue": 40720
        },
        "2014-12": {
            "month": "2014-12",
            "price": "21.59",
            "revenue": 35387
        },
        "2015-01": {
            "month": "2015-01",
            "price": "21.63",
            "revenue": 29279
        },
        "2015-02": {
            "month": "2015-02",
            "price": "21.38",
            "revenue": 60296
        },
        "2015-03": {
            "month": "2015-03",
            "price": "21.83",
            "revenue": 33197
        },
        "2015-04": {
            "month": "2015-04",
            "price": "22.55",
            "revenue": 37141
        },
        "2015-05": {
            "month": "2015-05",
            "price": "23.10",
            "revenue": 38865
        },
        "2015-06": {
            "month": "2015-06",
            "price": "23.58",
            "revenue": 52076
        },
        "2015-07": {
            "month": "2015-07",
            "price": "24.48",
            "revenue": 75370
        },
        "2015-08": {
            "month": "2015-08",
            "price": "23.62",
            "revenue": 61650
        },
        "2015-09": {
            "month": "2015-09",
            "price": "24.02",
            "revenue": 50634
        },
        "2015-10": {
            "month": "2015-10",
            "price": "24.25",
            "revenue": 46752
        },
        "2015-11": {
            "month": "2015-11",
            "price": "23.92",
            "revenue": 36349
        },
        "2015-12": {
            "month": "2015-12",
            "price": "24.24",
            "revenue": 33382
        },
        "2016-01": {
            "month": "2016-01",
            "price": "25.14",
            "revenue": 34146
        },
        "2016-02": {
            "month": "2016-02",
            "price": "25.28",
            "revenue": 50976
        },
        "2016-03": {
            "month": "2016-03",
            "price": "25.56",
            "revenue": 29046
        },
        "2016-04": {
            "month": "2016-04",
            "price": "25.59",
            "revenue": 32613
        },
        "2016-05": {
            "month": "2016-05",
            "price": "25.73",
            "revenue": 38080
        },
        "2016-06": {
            "month": "2016-06",
            "price": "25.94",
            "revenue": 50543
        },
        "2016-07": {
            "month": "2016-07",
            "price": "26.02",
            "revenue": 67652
        },
        "2016-08": {
            "month": "2016-08",
            "price": "25.62",
            "revenue": 64622
        },
        "2016-09": {
            "month": "2016-09",
            "price": "25.29",
            "revenue": 40964
        },
        "2016-10": {
            "month": "2016-10",
            "price": "25.73",
            "revenue": 39352
        },
        "2016-11": {
            "month": "2016-11",
            "price": "25.62",
            "revenue": 32337
        },
        "2016-12": {
            "month": "2016-12",
            "price": "25.59",
            "revenue": 36266
        },
        "2017-01": {
            "month": "2017-01",
            "price": "25.65",
            "revenue": 31818
        },
        "2017-02": {
            "month": "2017-02",
            "price": "25.28",
            "revenue": 36682
        },
        "2017-03": {
            "month": "2017-03",
            "price": "25.39",
            "revenue": 22970
        },
        "2017-04": {
            "month": "2017-04",
            "price": "25.62",
            "revenue": 33328
        },
        "2017-05": {
            "month": "2017-05",
            "price": "25.46",
            "revenue": 33261
        },
        "2017-06": {
            "month": "2017-06",
            "price": "25.44",
            "revenue": 33972
        },
        "2017-07": {
            "month": "2017-07",
            "price": "24.70",
            "revenue": 52431
        },
        "2017-08": {
            "month": "2017-08",
            "price": "24.72",
            "revenue": 58425
        },
        "2017-09": {
            "month": "2017-09",
            "price": "25.00",
            "revenue": 38641
        },
        "2017-10": {
            "month": "2017-10",
            "price": "25.20",
            "revenue": 47004
        },
        "2017-11": {
            "month": "2017-11",
            "price": "25.11",
            "revenue": 31655
        },
        "2017-12": {
            "month": "2017-12",
            "price": "25.55",
            "revenue": 28021
        },
        "2018-01": {
            "month": "2018-01",
            "price": "25.62",
            "revenue": 20910
        },
        "2018-02": {
            "month": "2018-02",
            "price": "26.00",
            "revenue": 12981
        },
        "2018-03": {
            "month": "2018-03",
            "price": "26.04",
            "revenue": 13229
        },
        "2018-04": {
            "month": "2018-04",
            "price": "25.92",
            "revenue": 32282
        },
        "2018-05": {
            "month": "2018-05",
            "price": "26.41",
            "revenue": 27345
        },
        "2018-06": {
            "month": "2018-06",
            "price": "27.10",
            "revenue": 38131
        },
        "2018-07": {
            "month": "2018-07",
            "price": "26.96",
            "revenue": 50145
        },
        "2018-08": {
            "month": "2018-08",
            "price": "28.85",
            "revenue": 56078
        },
        "2018-09": {
            "month": "2018-09",
            "price": "31.15",
            "revenue": 35712
        },
        "2018-10": {
            "month": "2018-10",
            "price": "33.81",
            "revenue": 31227
        },
        "2018-11": {
            "month": "2018-11",
            "price": "34.25",
            "revenue": 19923
        },
        "2018-12": {
            "month": "2018-12",
            "price": "37.60",
            "revenue": 32472
        },
        "2019-01": {
            "month": "2019-01",
            "price": "39.13",
            "revenue": 25327
        },
        "2019-02": {
            "month": "2019-02",
            "price": "38.49",
            "revenue": 38784
        },
        "2019-03": {
            "month": "2019-03",
            "price": "39.36",
            "revenue": 22413
        },
        "2019-04": {
            "month": "2019-04",
            "price": "39.49",
            "revenue": 28008
        },
        "2019-05": {
            "month": "2019-05",
            "price": "42.33",
            "revenue": 29515
        },
        "2019-06": {
            "month": "2019-06",
            "price": "43.78",
            "revenue": 41413
        },
        "2019-07": {
            "month": "2019-07",
            "price": "42.70",
            "revenue": 57299
        },
        "2019-08": {
            "month": "2019-08",
            "price": "42.37",
            "revenue": 54224
        },
        "2019-09": {
            "month": "2019-09",
            "price": "54.60",
            "revenue": 35405
        },
        "2019-10": {
            "month": "2019-10",
            "price": "56.49",
            "revenue": 38381
        },
        "2019-11": {
            "month": "2019-11",
            "price": "53.66",
            "revenue": 29352
        },
        "2019-12": {
            "month": "2019-12",
            "price": "51.31",
            "revenue": 25120
        },
        "2020-01": {
            "month": "2020-01",
            "price": "50.28",
            "revenue": 46650
        },
        "2020-02": {
            "month": "2020-02",
            "price": "43.56",
            "revenue": 30925
        },
        "2020-03": {
            "month": "2020-03",
            "price": "34.24",
            "revenue": 17539
        },
        "2020-04": {
            "month": "2020-04",
            "price": "33.24",
            "revenue": 18908
        },
        "2020-05": {
            "month": "2020-05",
            "price": "39.75",
            "revenue": 33731
        },
        "2020-06": {
            "month": "2020-06",
            "price": "50.37",
            "revenue": 48758
        },
        "2020-07": {
            "month": "2020-07",
            "price": "46.90",
            "revenue": 74280
        },
        "2020-08": {
            "month": "2020-08",
            "price": "40.52",
            "revenue": 84933
        },
        "2020-09": {
            "month": "2020-09",
            "price": "42.92",
            "revenue": 56442
        },
        "2020-10": {
            "month": "2020-10",
            "price": "46.26",
            "revenue": 63796
        },
        "2020-11": {
            "month": "2020-11",
            "price": "47.34",
            "revenue": 54767
        },
        "2020-12": {
            "month": "2020-12",
            "price": "47.28",
            "revenue": 42384
        },
        "2021-01": {
            "month": "2021-01",
            "price": "45.14",
            "revenue": 42979
        },
        "2021-02": {
            "month": "2021-02",
            "price": "40.10",
            "revenue": 56254
        },
        "2021-03": {
            "month": "2021-03",
            "price": "38.38",
            "revenue": 32030
        },
        "2021-04": {
            "month": "2021-04",
            "price": "37.63",
            "revenue": 40586
        },
        "2021-05": {
            "month": "2021-05",
            "price": "33.49",
            "revenue": 18940
        },
        "2021-06": {
            "month": "2021-06",
            "price": "35.80",
            "revenue": 2076
        },
        "2021-07": {
            "month": "2021-07",
            "price": "39.88",
            "revenue": 6188
        },
        "2021-08": {
            "month": "2021-08",
            "price": "37.70",
            "revenue": 32924
        },
        "2021-09": {
            "month": "2021-09",
            "price": "37.49",
            "revenue": 22359
        },
        "2021-10": {
            "month": "2021-10",
            "price": "38.02",
            "revenue": 33615
        },
        "2021-11": {
            "month": "2021-11",
            "price": "37.89",
            "revenue": 31928
        },
        "2021-12": {
            "month": "2021-12",
            "price": "37.96",
            "revenue": 31091
        },
        "2022-01": {
            "month": "2022-01",
            "price": "38.53",
            "revenue": 40356
        },
        "2022-02": {
            "month": "2022-02",
            "price": "37.99",
            "revenue": 42157
        },
        "2022-03": {
            "month": "2022-03",
            "price": "37.52",
            "revenue": 21162
        },
        "2022-04": {
            "month": "2022-04",
            "price": "34.81",
            "revenue": 24985
        },
        "2022-05": {
            "month": "2022-05",
            "price": "34.17",
            "revenue": 9292
        },
        "2022-06": {
            "month": "2022-06",
            "price": "35.50",
            "revenue": 26976
        },
        "2022-07": {
            "month": "2022-07",
            "price": "36.37",
            "revenue": 68203
        },
        "2022-08": {
            "month": "2022-08",
            "price": "34.41",
            "revenue": 90289
        },
        "2022-09": {
            "month": "2022-09",
            "price": "33.23",
            "revenue": 53019
        },
        "2022-10": {
            "month": "2022-10",
            "price": "33.58",
            "revenue": 54157
        },
        "2022-11": {
            "month": "2022-11",
            "price": "33.51",
            "revenue": 47280
        },
        "2022-12": {
            "month": "2022-12",
            "price": "33.07",
            "revenue": 55067
        },
        "2023-01": {
            "month": "2023-01",
            "price": "32.36",
            "revenue": 74674
        },
        "2023-02": {
            "month": "2023-02",
            "price": "34.04",
            "revenue": 45007
        },
        "2023-03": {
            "month": "2023-03",
            "price": "35.60",
            "revenue": 37775
        },
        "2023-04": {
            "month": "2023-04",
            "price": "34.94",
            "revenue": 51674
        },
        "2023-05": {
            "month": "2023-05",
            "price": "35.75",
            "revenue": 37708
        }
    }
}
