{
    "summary": {
        "stock_name": "晶悅",
        "stock_id": "2718",
        "category": "建材營造",
        "main_business": "住宅及大樓開發租售",
        "website_url": "http://www.pleasanthotels.com.tw/zh-tw",
        "ceo": "劉書宏",
        "pe_ratio": 11,
        "report_year_from": 2006,
        "report_year_to": 2023,
        "age": 18,
        "eps_negative_percentage": 27,
        "eps_growth_avg": {
            "last_all": -15.59,
            "last_2y": null,
            "last_4y": -100,
            "last_8y": -61.59,
            "last_12y": -28.43,
            "last_16y": null,
            "last_20y": null,
            "at_2006_last_3y": null,
            "at_2007_last_3y": null,
            "at_2008_last_3y": null,
            "at_2009_last_3y": null,
            "at_2010_last_3y": null,
            "at_2011_last_3y": null,
            "at_2012_last_3y": null,
            "at_2013_last_3y": 13.02,
            "at_2014_last_3y": 13.02,
            "at_2015_last_3y": 11.93,
            "at_2016_last_3y": -3.45,
            "at_2017_last_3y": -1.99,
            "at_2018_last_3y": -51.99,
            "at_2019_last_3y": -81.81,
            "at_2020_last_3y": -94.15,
            "at_2021_last_3y": -100,
            "at_2022_last_3y": -100,
            "at_2023_last_3y": -100,
            "at_2024_last_3y": -100,
            "at_2006_last_all": null,
            "at_2007_last_all": null,
            "at_2008_last_all": null,
            "at_2009_last_all": null,
            "at_2010_last_all": null,
            "at_2011_last_all": 70.92,
            "at_2012_last_all": 46.8,
            "at_2013_last_all": 13.02,
            "at_2014_last_all": 30.42,
            "at_2015_last_all": 31.6,
            "at_2016_last_all": 18.08,
            "at_2017_last_all": 5.52,
            "at_2018_last_all": -6.21,
            "at_2019_last_all": -6.21,
            "at_2020_last_all": -15.59,
            "at_2021_last_all": -15.59,
            "at_2022_last_all": -15.59,
            "at_2023_last_all": -15.59,
            "at_2024_last_all": -15.59
        },
        "latest_eps": 7.78,
        "latest_price": 85.4,
        "latest_roe": 34.88,
        "latest_gross_margin": 56.63,
        "latest_equity": 2367795,
        "latest_revenue": 230668,
        "latest_gross_profit": 130637,
        "latest_net_income": 44848,
        "latest_debt_ratio": 46.51,
        "latest_current_ratio": 221.34,
        "latest_account_receivable_turnover_ratio": 56.34,
        "latest_inventory_turnover_ratio": 0.04,
        "latest_reinvestment_rate": -92,
        "latest_research_to_sale_ratio": null
    },
    "eps_dividends": {
        "2001": {
            "cash": 0,
            "stock": 0,
            "eps": 0
        },
        "2002": {
            "cash": 0,
            "stock": 0,
            "eps": 0
        },
        "2003": {
            "cash": 0,
            "stock": 0,
            "eps": 0
        },
        "2004": {
            "cash": 0,
            "stock": 0,
            "eps": 0
        },
        "2005": {
            "cash": 0,
            "stock": 0,
            "eps": 0
        },
        "2006": {
            "cash": 0,
            "stock": 0,
            "eps": 0
        },
        "2007": {
            "cash": 2,
            "stock": 0,
            "eps": 0
        },
        "2008": {
            "cash": 1.36,
            "stock": 0,
            "eps": 0
        },
        "2009": {
            "cash": 0.93,
            "stock": 0,
            "eps": 0.22
        },
        "2010": {
            "cash": 0.45,
            "stock": 0,
            "eps": 0.98
        },
        "2011": {
            "cash": 0.95,
            "stock": 0,
            "eps": 1.39
        },
        "2012": {
            "cash": 1.5,
            "stock": 0,
            "eps": 1.37
        },
        "2013": {
            "cash": 1,
            "stock": 0,
            "eps": 0.16
        },
        "2014": {
            "cash": 0,
            "stock": 0,
            "eps": 1.12
        },
        "2015": {
            "cash": 0.5,
            "stock": 0,
            "eps": 1.54
        },
        "2016": {
            "cash": 0.7,
            "stock": 0,
            "eps": 0.57
        },
        "2017": {
            "cash": 0.5,
            "stock": 0,
            "eps": 0.1
        },
        "2018": {
            "cash": 0.2,
            "stock": 0,
            "eps": -0.48
        },
        "2019": {
            "cash": 0,
            "stock": 0,
            "eps": 0.03
        },
        "2020": {
            "cash": 0,
            "stock": 0,
            "eps": -2.86
        },
        "2021": {
            "cash": 0,
            "stock": 0,
            "eps": -0.55
        },
        "2022": {
            "cash": 0,
            "stock": 0,
            "eps": -0.6
        },
        "2023": {
            "cash": 0,
            "stock": 0,
            "eps": 7.98
        }
    },
    "dividends": {
        "2007-04-02": {
            "cash": 2,
            "stock": 0
        },
        "2008-04-01": {
            "cash": 1.36,
            "stock": 0
        },
        "2009-06-26": {
            "cash": 0.93,
            "stock": 0
        },
        "2010-03-26": {
            "cash": 0.45,
            "stock": 0
        },
        "2011-04-21": {
            "cash": 0.95,
            "stock": 0
        },
        "2012-03-16": {
            "cash": 1.5,
            "stock": 0
        },
        "2013-06-24": {
            "cash": 1,
            "stock": 0
        },
        "2015-09-30": {
            "cash": 0.5,
            "stock": 0
        },
        "2016-09-19": {
            "cash": 0.7,
            "stock": 0
        },
        "2017-09-18": {
            "cash": 0.5,
            "stock": 0
        },
        "2018-10-11": {
            "cash": 0.2,
            "stock": 0
        }
    },
    "prices": {
        "200101": "無",
        "200102": "無",
        "200103": "無",
        "200104": "無",
        "200105": "無",
        "200106": "無",
        "200107": "無",
        "200108": "無",
        "200109": "無",
        "200110": "無",
        "200111": "無",
        "200112": "無",
        "200201": "無",
        "200202": "無",
        "200203": "無",
        "200204": "無",
        "200205": "無",
        "200206": "無",
        "200207": "無",
        "200208": "無",
        "200209": "無",
        "200210": "無",
        "200211": "無",
        "200212": "無",
        "200301": "無",
        "200302": "無",
        "200303": "無",
        "200304": "無",
        "200305": "無",
        "200306": "無",
        "200307": "無",
        "200308": "無",
        "200309": "無",
        "200310": "無",
        "200311": "無",
        "200312": "無",
        "200401": "無",
        "200402": "無",
        "200403": "無",
        "200404": "無",
        "200405": "無",
        "200406": "無",
        "200407": "無",
        "200408": "無",
        "200409": "無",
        "200410": "無",
        "200411": "無",
        "200412": "無",
        "200501": "無",
        "200502": "無",
        "200503": "無",
        "200504": "無",
        "200505": "無",
        "200506": "無",
        "200507": "無",
        "200508": "無",
        "200509": "無",
        "200510": "無",
        "200511": "無",
        "200512": "無",
        "200601": "無",
        "200602": "無",
        "200603": "無",
        "200604": "無",
        "200605": "無",
        "200606": "無",
        "200607": "無",
        "200608": "無",
        "200609": "無",
        "200610": "無",
        "200611": "無",
        "200612": "無",
        "200701": "39.13",
        "200702": "43.18",
        "200703": "41.65",
        "200704": "40.80",
        "200705": "40.60",
        "200706": "無",
        "200707": "34.74",
        "200708": "37.40",
        "200709": "無",
        "200710": "無",
        "200711": "36.33",
        "200712": "34.76",
        "200801": "32.98",
        "200802": "33.04",
        "200803": "33.45",
        "200804": "33.25",
        "200805": "32.00",
        "200806": "34.30",
        "200807": "無",
        "200808": "30.64",
        "200809": "29.19",
        "200810": "無",
        "200811": "無",
        "200812": "無",
        "200901": "無",
        "200902": "16.92",
        "200903": "21.88",
        "200904": "25.30",
        "200905": "23.80",
        "200906": "無",
        "200907": "26.13",
        "200908": "28.20",
        "200909": "27.70",
        "200910": "無",
        "200911": "無",
        "200912": "無",
        "201001": "26.12",
        "201002": "23.48",
        "201003": "23.56",
        "201004": "22.33",
        "201005": "無",
        "201006": "23.00",
        "201007": "22.89",
        "201008": "26.60",
        "201009": "29.83",
        "201010": "35.24",
        "201011": "36.52",
        "201012": "38.26",
        "201101": "40.03",
        "201102": "42.54",
        "201103": "37.17",
        "201104": "37.89",
        "201105": "39.96",
        "201106": "39.44",
        "201107": "38.14",
        "201108": "37.53",
        "201109": "36.48",
        "201110": "36.58",
        "201111": "36.78",
        "201112": "36.88",
        "201201": "37.10",
        "201202": "37.75",
        "201203": "37.69",
        "201204": "45.96",
        "201205": "43.83",
        "201206": "43.39",
        "201207": "43.99",
        "201208": "45.12",
        "201209": "46.68",
        "201210": "46.09",
        "201211": "45.36",
        "201212": "44.34",
        "201301": "44.54",
        "201302": "54.50",
        "201303": "53.99",
        "201304": "51.67",
        "201305": "53.10",
        "201306": "46.55",
        "201307": "45.09",
        "201308": "50.60",
        "201309": "49.77",
        "201310": "48.94",
        "201311": "46.66",
        "201312": "45.60",
        "201401": "46.63",
        "201402": "46.90",
        "201403": "46.52",
        "201404": "45.49",
        "201405": "43.39",
        "201406": "43.04",
        "201407": "43.31",
        "201408": "38.36",
        "201409": "37.66",
        "201410": "38.95",
        "201411": "39.38",
        "201412": "39.30",
        "201501": "39.14",
        "201502": "39.93",
        "201503": "39.76",
        "201504": "39.79",
        "201505": "41.52",
        "201506": "40.37",
        "201507": "37.99",
        "201508": "36.78",
        "201509": "32.60",
        "201510": "34.74",
        "201511": "35.42",
        "201512": "34.95",
        "201601": "32.95",
        "201602": "33.62",
        "201603": "32.11",
        "201604": "31.66",
        "201605": "30.47",
        "201606": "29.74",
        "201607": "29.04",
        "201608": "27.04",
        "201609": "27.63",
        "201610": "27.62",
        "201611": "27.93",
        "201612": "26.67",
        "201701": "26.35",
        "201702": "無",
        "201703": "26.67",
        "201704": "無",
        "201705": "26.00",
        "201706": "24.40",
        "201707": "23.28",
        "201708": "22.18",
        "201709": "23.26",
        "201710": "22.62",
        "201711": "24.67",
        "201712": "24.77",
        "201801": "25.23",
        "201802": "27.02",
        "201803": "27.05",
        "201804": "22.90",
        "201805": "20.77",
        "201806": "21.85",
        "201807": "24.13",
        "201808": "23.65",
        "201809": "22.03",
        "201810": "21.81",
        "201811": "20.85",
        "201812": "18.44",
        "201901": "16.23",
        "201902": "15.36",
        "201903": "16.55",
        "201904": "18.34",
        "201905": "19.08",
        "201906": "24.00",
        "201907": "22.48",
        "201908": "22.41",
        "201909": "22.63",
        "201910": "22.15",
        "201911": "21.75",
        "201912": "19.89",
        "202001": "19.91",
        "202002": "18.19",
        "202003": "14.82",
        "202004": "16.58",
        "202005": "16.98",
        "202006": "17.74",
        "202007": "19.36",
        "202008": "19.82",
        "202009": "20.71",
        "202010": "21.98",
        "202011": "22.10",
        "202012": "22.81",
        "202101": "21.78",
        "202102": "19.50",
        "202103": "27.31",
        "202104": "31.39",
        "202105": "28.94",
        "202106": "27.50",
        "202107": "27.78",
        "202108": "28.14",
        "202109": "27.85",
        "202110": "27.56",
        "202111": "30.18",
        "202112": "34.36",
        "202201": "33.80",
        "202202": "34.84",
        "202203": "34.55",
        "202204": "33.50",
        "202205": "32.93",
        "202206": "33.52",
        "202207": "30.64",
        "202208": "33.41",
        "202209": "34.39",
        "202210": "33.89",
        "202211": "33.37",
        "202212": "33.58",
        "202301": "33.50",
        "202302": "35.11",
        "202303": "40.81",
        "202304": "48.59",
        "202305": "47.95",
        "202306": "48.47",
        "202307": "46.59",
        "202308": "46.79",
        "202309": "46.15",
        "202310": "45.19",
        "202311": "49.35",
        "202312": "52.54",
        "202401": "52.84",
        "202402": "62.20",
        "202403": "81.11",
        "202404": "無"
    },
    "quarters": {
        "20011": {
            "year_quarter": 20011,
            "year": 2001,
            "quarter": 1,
            "eps": null,
            "eps_growth_year": null,
            "eps_4q": null,
            "eps_4q_growth_year": null,
            "roe": null,
            "roe_4q": 0,
            "gross_profit": null,
            "gross_margin": null,
            "gross_margin_4q_avg": 0,
            "net_income": null,
            "net_income_4q": null,
            "revenue": null,
            "revenue_4q": null,
            "common_shares": null,
            "book_valuer_per_share": null,
            "book_valuer_per_share_4q_avg": 0,
            "equity": null,
            "current_ratio": null,
            "debt_ratio": null,
            "inventory_turnover_ratio": null,
            "account_receivable_turnover_ratio": null,
            "reinvestment_rate": null,
            "research_to_sale_ratio": null,
            "price_fair": 0,
            "eps_avg_yearly": 0,
            "eps_latest_yearly": 0,
            "eps_growth_yearly": 0
        },
        "20012": {
            "year_quarter": 20012,
            "year": 2001,
            "quarter": 2,
            "eps": null,
            "eps_growth_year": null,
            "eps_4q": null,
            "eps_4q_growth_year": null,
            "roe": null,
            "roe_4q": 0,
            "gross_profit": null,
            "gross_margin": null,
            "gross_margin_4q_avg": 0,
            "net_income": null,
            "net_income_4q": null,
            "revenue": null,
            "revenue_4q": null,
            "common_shares": null,
            "book_valuer_per_share": null,
            "book_valuer_per_share_4q_avg": 0,
            "equity": null,
            "current_ratio": null,
            "debt_ratio": null,
            "inventory_turnover_ratio": null,
            "account_receivable_turnover_ratio": null,
            "reinvestment_rate": null,
            "research_to_sale_ratio": null,
            "price_fair": 0,
            "eps_avg_yearly": 0,
            "eps_latest_yearly": 0,
            "eps_growth_yearly": 0
        },
        "20013": {
            "year_quarter": 20013,
            "year": 2001,
            "quarter": 3,
            "eps": null,
            "eps_growth_year": null,
            "eps_4q": null,
            "eps_4q_growth_year": null,
            "roe": null,
            "roe_4q": 0,
            "gross_profit": null,
            "gross_margin": null,
            "gross_margin_4q_avg": 0,
            "net_income": null,
            "net_income_4q": null,
            "revenue": null,
            "revenue_4q": null,
            "common_shares": null,
            "book_valuer_per_share": null,
            "book_valuer_per_share_4q_avg": 0,
            "equity": null,
            "current_ratio": null,
            "debt_ratio": null,
            "inventory_turnover_ratio": null,
            "account_receivable_turnover_ratio": null,
            "reinvestment_rate": null,
            "research_to_sale_ratio": null,
            "price_fair": 0,
            "eps_avg_yearly": 0,
            "eps_latest_yearly": 0,
            "eps_growth_yearly": 0
        },
        "20014": {
            "year_quarter": 20014,
            "year": 2001,
            "quarter": 4,
            "eps": null,
            "eps_growth_year": null,
            "eps_4q": null,
            "eps_4q_growth_year": null,
            "roe": null,
            "roe_4q": 0,
            "gross_profit": null,
            "gross_margin": null,
            "gross_margin_4q_avg": 0,
            "net_income": null,
            "net_income_4q": null,
            "revenue": null,
            "revenue_4q": null,
            "common_shares": 199200,
            "book_valuer_per_share": 16.34,
            "book_valuer_per_share_4q_avg": 4.09,
            "equity": 325443,
            "current_ratio": 315.96,
            "debt_ratio": 16.07,
            "inventory_turnover_ratio": null,
            "account_receivable_turnover_ratio": null,
            "reinvestment_rate": null,
            "research_to_sale_ratio": null,
            "price_fair": 0,
            "eps_avg_yearly": 0,
            "eps_latest_yearly": 0,
            "eps_growth_yearly": 0
        },
        "20021": {
            "year_quarter": 20021,
            "year": 2002,
            "quarter": 1,
            "eps": null,
            "eps_growth_year": null,
            "eps_4q": null,
            "eps_4q_growth_year": null,
            "roe": null,
            "roe_4q": 0,
            "gross_profit": null,
            "gross_margin": null,
            "gross_margin_4q_avg": 0,
            "net_income": null,
            "net_income_4q": null,
            "revenue": null,
            "revenue_4q": null,
            "common_shares": null,
            "book_valuer_per_share": null,
            "book_valuer_per_share_4q_avg": 4.09,
            "equity": null,
            "current_ratio": null,
            "debt_ratio": null,
            "inventory_turnover_ratio": null,
            "account_receivable_turnover_ratio": null,
            "reinvestment_rate": null,
            "research_to_sale_ratio": null,
            "price_fair": 0,
            "eps_avg_yearly": 0,
            "eps_latest_yearly": 0,
            "eps_growth_yearly": 0
        },
        "20022": {
            "year_quarter": 20022,
            "year": 2002,
            "quarter": 2,
            "eps": null,
            "eps_growth_year": null,
            "eps_4q": null,
            "eps_4q_growth_year": null,
            "roe": null,
            "roe_4q": 0,
            "gross_profit": null,
            "gross_margin": null,
            "gross_margin_4q_avg": 0,
            "net_income": null,
            "net_income_4q": null,
            "revenue": null,
            "revenue_4q": null,
            "common_shares": null,
            "book_valuer_per_share": null,
            "book_valuer_per_share_4q_avg": 4.09,
            "equity": null,
            "current_ratio": null,
            "debt_ratio": null,
            "inventory_turnover_ratio": null,
            "account_receivable_turnover_ratio": null,
            "reinvestment_rate": null,
            "research_to_sale_ratio": null,
            "price_fair": 0,
            "eps_avg_yearly": 0,
            "eps_latest_yearly": 0,
            "eps_growth_yearly": 0
        },
        "20023": {
            "year_quarter": 20023,
            "year": 2002,
            "quarter": 3,
            "eps": null,
            "eps_growth_year": null,
            "eps_4q": null,
            "eps_4q_growth_year": null,
            "roe": null,
            "roe_4q": 0,
            "gross_profit": null,
            "gross_margin": null,
            "gross_margin_4q_avg": 0,
            "net_income": null,
            "net_income_4q": null,
            "revenue": null,
            "revenue_4q": null,
            "common_shares": null,
            "book_valuer_per_share": null,
            "book_valuer_per_share_4q_avg": 4.09,
            "equity": null,
            "current_ratio": null,
            "debt_ratio": null,
            "inventory_turnover_ratio": null,
            "account_receivable_turnover_ratio": null,
            "reinvestment_rate": null,
            "research_to_sale_ratio": null,
            "price_fair": 0,
            "eps_avg_yearly": 0,
            "eps_latest_yearly": 0,
            "eps_growth_yearly": 0
        },
        "20024": {
            "year_quarter": 20024,
            "year": 2002,
            "quarter": 4,
            "eps": null,
            "eps_growth_year": null,
            "eps_4q": null,
            "eps_4q_growth_year": null,
            "roe": null,
            "roe_4q": 0,
            "gross_profit": null,
            "gross_margin": null,
            "gross_margin_4q_avg": 0,
            "net_income": null,
            "net_income_4q": null,
            "revenue": null,
            "revenue_4q": null,
            "common_shares": 199200,
            "book_valuer_per_share": 15.54,
            "book_valuer_per_share_4q_avg": 3.89,
            "equity": 309530,
            "current_ratio": 354.25,
            "debt_ratio": 15.26,
            "inventory_turnover_ratio": null,
            "account_receivable_turnover_ratio": null,
            "reinvestment_rate": null,
            "research_to_sale_ratio": null,
            "price_fair": 0,
            "eps_avg_yearly": 0,
            "eps_latest_yearly": 0,
            "eps_growth_yearly": 0
        },
        "20031": {
            "year_quarter": 20031,
            "year": 2003,
            "quarter": 1,
            "eps": null,
            "eps_growth_year": null,
            "eps_4q": null,
            "eps_4q_growth_year": null,
            "roe": null,
            "roe_4q": 0,
            "gross_profit": null,
            "gross_margin": null,
            "gross_margin_4q_avg": 0,
            "net_income": null,
            "net_income_4q": null,
            "revenue": null,
            "revenue_4q": null,
            "common_shares": null,
            "book_valuer_per_share": null,
            "book_valuer_per_share_4q_avg": 3.89,
            "equity": null,
            "current_ratio": null,
            "debt_ratio": null,
            "inventory_turnover_ratio": null,
            "account_receivable_turnover_ratio": null,
            "reinvestment_rate": null,
            "research_to_sale_ratio": null,
            "price_fair": 0,
            "eps_avg_yearly": 0,
            "eps_latest_yearly": 0,
            "eps_growth_yearly": 0
        },
        "20032": {
            "year_quarter": 20032,
            "year": 2003,
            "quarter": 2,
            "eps": null,
            "eps_growth_year": null,
            "eps_4q": null,
            "eps_4q_growth_year": null,
            "roe": null,
            "roe_4q": 0,
            "gross_profit": null,
            "gross_margin": null,
            "gross_margin_4q_avg": 0,
            "net_income": null,
            "net_income_4q": null,
            "revenue": null,
            "revenue_4q": null,
            "common_shares": null,
            "book_valuer_per_share": null,
            "book_valuer_per_share_4q_avg": 3.89,
            "equity": null,
            "current_ratio": null,
            "debt_ratio": null,
            "inventory_turnover_ratio": null,
            "account_receivable_turnover_ratio": null,
            "reinvestment_rate": null,
            "research_to_sale_ratio": null,
            "price_fair": 0,
            "eps_avg_yearly": 0,
            "eps_latest_yearly": 0,
            "eps_growth_yearly": 0
        },
        "20033": {
            "year_quarter": 20033,
            "year": 2003,
            "quarter": 3,
            "eps": null,
            "eps_growth_year": null,
            "eps_4q": null,
            "eps_4q_growth_year": null,
            "roe": null,
            "roe_4q": 0,
            "gross_profit": null,
            "gross_margin": null,
            "gross_margin_4q_avg": 0,
            "net_income": null,
            "net_income_4q": null,
            "revenue": null,
            "revenue_4q": null,
            "common_shares": null,
            "book_valuer_per_share": null,
            "book_valuer_per_share_4q_avg": 3.89,
            "equity": null,
            "current_ratio": null,
            "debt_ratio": null,
            "inventory_turnover_ratio": null,
            "account_receivable_turnover_ratio": null,
            "reinvestment_rate": null,
            "research_to_sale_ratio": null,
            "price_fair": 0,
            "eps_avg_yearly": 0,
            "eps_latest_yearly": 0,
            "eps_growth_yearly": 0
        },
        "20034": {
            "year_quarter": 20034,
            "year": 2003,
            "quarter": 4,
            "eps": null,
            "eps_growth_year": null,
            "eps_4q": null,
            "eps_4q_growth_year": null,
            "roe": null,
            "roe_4q": 0,
            "gross_profit": null,
            "gross_margin": null,
            "gross_margin_4q_avg": 0,
            "net_income": null,
            "net_income_4q": null,
            "revenue": null,
            "revenue_4q": null,
            "common_shares": 199200,
            "book_valuer_per_share": 15.44,
            "book_valuer_per_share_4q_avg": 3.86,
            "equity": 307555,
            "current_ratio": 345.96,
            "debt_ratio": 16.4,
            "inventory_turnover_ratio": null,
            "account_receivable_turnover_ratio": null,
            "reinvestment_rate": null,
            "research_to_sale_ratio": null,
            "price_fair": 0,
            "eps_avg_yearly": 0,
            "eps_latest_yearly": 0,
            "eps_growth_yearly": 0
        },
        "20041": {
            "year_quarter": 20041,
            "year": 2004,
            "quarter": 1,
            "eps": null,
            "eps_growth_year": null,
            "eps_4q": null,
            "eps_4q_growth_year": null,
            "roe": null,
            "roe_4q": 0,
            "gross_profit": null,
            "gross_margin": null,
            "gross_margin_4q_avg": 0,
            "net_income": null,
            "net_income_4q": null,
            "revenue": null,
            "revenue_4q": null,
            "common_shares": null,
            "book_valuer_per_share": null,
            "book_valuer_per_share_4q_avg": 3.86,
            "equity": null,
            "current_ratio": null,
            "debt_ratio": null,
            "inventory_turnover_ratio": null,
            "account_receivable_turnover_ratio": null,
            "reinvestment_rate": null,
            "research_to_sale_ratio": null,
            "price_fair": 0,
            "eps_avg_yearly": 0,
            "eps_latest_yearly": 0,
            "eps_growth_yearly": 0
        },
        "20042": {
            "year_quarter": 20042,
            "year": 2004,
            "quarter": 2,
            "eps": null,
            "eps_growth_year": null,
            "eps_4q": null,
            "eps_4q_growth_year": null,
            "roe": null,
            "roe_4q": 0,
            "gross_profit": null,
            "gross_margin": null,
            "gross_margin_4q_avg": 0,
            "net_income": null,
            "net_income_4q": null,
            "revenue": null,
            "revenue_4q": null,
            "common_shares": null,
            "book_valuer_per_share": null,
            "book_valuer_per_share_4q_avg": 3.86,
            "equity": null,
            "current_ratio": null,
            "debt_ratio": null,
            "inventory_turnover_ratio": null,
            "account_receivable_turnover_ratio": null,
            "reinvestment_rate": null,
            "research_to_sale_ratio": null,
            "price_fair": 0,
            "eps_avg_yearly": 0,
            "eps_latest_yearly": 0,
            "eps_growth_yearly": 0
        },
        "20043": {
            "year_quarter": 20043,
            "year": 2004,
            "quarter": 3,
            "eps": null,
            "eps_growth_year": null,
            "eps_4q": null,
            "eps_4q_growth_year": null,
            "roe": null,
            "roe_4q": 0,
            "gross_profit": null,
            "gross_margin": null,
            "gross_margin_4q_avg": 0,
            "net_income": null,
            "net_income_4q": null,
            "revenue": null,
            "revenue_4q": null,
            "common_shares": null,
            "book_valuer_per_share": null,
            "book_valuer_per_share_4q_avg": 3.86,
            "equity": null,
            "current_ratio": null,
            "debt_ratio": null,
            "inventory_turnover_ratio": null,
            "account_receivable_turnover_ratio": null,
            "reinvestment_rate": null,
            "research_to_sale_ratio": null,
            "price_fair": 0,
            "eps_avg_yearly": 0,
            "eps_latest_yearly": 0,
            "eps_growth_yearly": 0
        },
        "20044": {
            "year_quarter": 20044,
            "year": 2004,
            "quarter": 4,
            "eps": null,
            "eps_growth_year": null,
            "eps_4q": null,
            "eps_4q_growth_year": null,
            "roe": null,
            "roe_4q": 0,
            "gross_profit": null,
            "gross_margin": null,
            "gross_margin_4q_avg": 0,
            "net_income": null,
            "net_income_4q": null,
            "revenue": null,
            "revenue_4q": null,
            "common_shares": 199200,
            "book_valuer_per_share": 14.73,
            "book_valuer_per_share_4q_avg": 3.68,
            "equity": 293387,
            "current_ratio": 272.35,
            "debt_ratio": 19.06,
            "inventory_turnover_ratio": null,
            "account_receivable_turnover_ratio": null,
            "reinvestment_rate": null,
            "research_to_sale_ratio": null,
            "price_fair": 0,
            "eps_avg_yearly": 0,
            "eps_latest_yearly": 0,
            "eps_growth_yearly": 0
        },
        "20051": {
            "year_quarter": 20051,
            "year": 2005,
            "quarter": 1,
            "eps": null,
            "eps_growth_year": null,
            "eps_4q": null,
            "eps_4q_growth_year": null,
            "roe": null,
            "roe_4q": 0,
            "gross_profit": null,
            "gross_margin": null,
            "gross_margin_4q_avg": 0,
            "net_income": null,
            "net_income_4q": null,
            "revenue": null,
            "revenue_4q": null,
            "common_shares": null,
            "book_valuer_per_share": null,
            "book_valuer_per_share_4q_avg": 3.68,
            "equity": null,
            "current_ratio": null,
            "debt_ratio": null,
            "inventory_turnover_ratio": null,
            "account_receivable_turnover_ratio": null,
            "reinvestment_rate": null,
            "research_to_sale_ratio": null,
            "price_fair": 0,
            "eps_avg_yearly": 0,
            "eps_latest_yearly": 0,
            "eps_growth_yearly": 0
        },
        "20052": {
            "year_quarter": 20052,
            "year": 2005,
            "quarter": 2,
            "eps": null,
            "eps_growth_year": null,
            "eps_4q": null,
            "eps_4q_growth_year": null,
            "roe": null,
            "roe_4q": 0,
            "gross_profit": null,
            "gross_margin": null,
            "gross_margin_4q_avg": 0,
            "net_income": null,
            "net_income_4q": null,
            "revenue": null,
            "revenue_4q": null,
            "common_shares": null,
            "book_valuer_per_share": null,
            "book_valuer_per_share_4q_avg": 3.68,
            "equity": null,
            "current_ratio": null,
            "debt_ratio": null,
            "inventory_turnover_ratio": null,
            "account_receivable_turnover_ratio": null,
            "reinvestment_rate": null,
            "research_to_sale_ratio": null,
            "price_fair": 0,
            "eps_avg_yearly": 0,
            "eps_latest_yearly": 0,
            "eps_growth_yearly": 0
        },
        "20053": {
            "year_quarter": 20053,
            "year": 2005,
            "quarter": 3,
            "eps": null,
            "eps_growth_year": null,
            "eps_4q": null,
            "eps_4q_growth_year": null,
            "roe": null,
            "roe_4q": 0,
            "gross_profit": null,
            "gross_margin": null,
            "gross_margin_4q_avg": 0,
            "net_income": null,
            "net_income_4q": null,
            "revenue": null,
            "revenue_4q": null,
            "common_shares": null,
            "book_valuer_per_share": null,
            "book_valuer_per_share_4q_avg": 3.68,
            "equity": null,
            "current_ratio": null,
            "debt_ratio": null,
            "inventory_turnover_ratio": null,
            "account_receivable_turnover_ratio": null,
            "reinvestment_rate": null,
            "research_to_sale_ratio": null,
            "price_fair": 0,
            "eps_avg_yearly": 0,
            "eps_latest_yearly": 0,
            "eps_growth_yearly": 0
        },
        "20054": {
            "year_quarter": 20054,
            "year": 2005,
            "quarter": 4,
            "eps": null,
            "eps_growth_year": null,
            "eps_4q": null,
            "eps_4q_growth_year": null,
            "roe": null,
            "roe_4q": 0,
            "gross_profit": null,
            "gross_margin": null,
            "gross_margin_4q_avg": 0,
            "net_income": null,
            "net_income_4q": null,
            "revenue": null,
            "revenue_4q": null,
            "common_shares": 199200,
            "book_valuer_per_share": 16.77,
            "book_valuer_per_share_4q_avg": 4.19,
            "equity": 334037,
            "current_ratio": 296.5,
            "debt_ratio": 22.08,
            "inventory_turnover_ratio": null,
            "account_receivable_turnover_ratio": null,
            "reinvestment_rate": null,
            "research_to_sale_ratio": null,
            "price_fair": 0,
            "eps_avg_yearly": 0,
            "eps_latest_yearly": 0,
            "eps_growth_yearly": 0
        },
        "20061": {
            "year_quarter": 20061,
            "year": 2006,
            "quarter": 1,
            "eps": null,
            "eps_growth_year": null,
            "eps_4q": null,
            "eps_4q_growth_year": null,
            "roe": null,
            "roe_4q": 0,
            "gross_profit": null,
            "gross_margin": null,
            "gross_margin_4q_avg": 0,
            "net_income": null,
            "net_income_4q": null,
            "revenue": null,
            "revenue_4q": null,
            "common_shares": null,
            "book_valuer_per_share": null,
            "book_valuer_per_share_4q_avg": 4.19,
            "equity": null,
            "current_ratio": null,
            "debt_ratio": null,
            "inventory_turnover_ratio": null,
            "account_receivable_turnover_ratio": null,
            "reinvestment_rate": null,
            "research_to_sale_ratio": null,
            "price_fair": 0,
            "eps_avg_yearly": 0,
            "eps_latest_yearly": 0,
            "eps_growth_yearly": 0
        },
        "20062": {
            "year_quarter": 20062,
            "year": 2006,
            "quarter": 2,
            "eps": null,
            "eps_growth_year": null,
            "eps_4q": null,
            "eps_4q_growth_year": null,
            "roe": null,
            "roe_4q": 0,
            "gross_profit": null,
            "gross_margin": null,
            "gross_margin_4q_avg": 0,
            "net_income": null,
            "net_income_4q": null,
            "revenue": null,
            "revenue_4q": null,
            "common_shares": null,
            "book_valuer_per_share": null,
            "book_valuer_per_share_4q_avg": 4.19,
            "equity": null,
            "current_ratio": null,
            "debt_ratio": null,
            "inventory_turnover_ratio": null,
            "account_receivable_turnover_ratio": null,
            "reinvestment_rate": null,
            "research_to_sale_ratio": null,
            "price_fair": 0,
            "eps_avg_yearly": 0,
            "eps_latest_yearly": 0,
            "eps_growth_yearly": 0
        },
        "20063": {
            "year_quarter": 20063,
            "year": 2006,
            "quarter": 3,
            "eps": null,
            "eps_growth_year": null,
            "eps_4q": null,
            "eps_4q_growth_year": null,
            "roe": null,
            "roe_4q": 0,
            "gross_profit": null,
            "gross_margin": null,
            "gross_margin_4q_avg": 0,
            "net_income": null,
            "net_income_4q": null,
            "revenue": null,
            "revenue_4q": null,
            "common_shares": null,
            "book_valuer_per_share": null,
            "book_valuer_per_share_4q_avg": 4.19,
            "equity": null,
            "current_ratio": null,
            "debt_ratio": null,
            "inventory_turnover_ratio": null,
            "account_receivable_turnover_ratio": null,
            "reinvestment_rate": null,
            "research_to_sale_ratio": null,
            "price_fair": 0,
            "eps_avg_yearly": 0,
            "eps_latest_yearly": 0,
            "eps_growth_yearly": 0
        },
        "20064": {
            "year_quarter": 20064,
            "year": 2006,
            "quarter": 4,
            "eps": null,
            "eps_growth_year": null,
            "eps_4q": null,
            "eps_4q_growth_year": null,
            "roe": null,
            "roe_4q": 0,
            "gross_profit": null,
            "gross_margin": null,
            "gross_margin_4q_avg": 0,
            "net_income": null,
            "net_income_4q": null,
            "revenue": null,
            "revenue_4q": null,
            "common_shares": 199200,
            "book_valuer_per_share": 16.85,
            "book_valuer_per_share_4q_avg": 4.21,
            "equity": 335724,
            "current_ratio": 359.17,
            "debt_ratio": 19.2,
            "inventory_turnover_ratio": null,
            "account_receivable_turnover_ratio": null,
            "reinvestment_rate": null,
            "research_to_sale_ratio": null,
            "price_fair": 0,
            "eps_avg_yearly": 0,
            "eps_latest_yearly": 0,
            "eps_growth_yearly": 0
        },
        "20071": {
            "year_quarter": 20071,
            "year": 2007,
            "quarter": 1,
            "eps": null,
            "eps_growth_year": null,
            "eps_4q": null,
            "eps_4q_growth_year": null,
            "roe": null,
            "roe_4q": 0,
            "gross_profit": null,
            "gross_margin": null,
            "gross_margin_4q_avg": 0,
            "net_income": null,
            "net_income_4q": null,
            "revenue": null,
            "revenue_4q": null,
            "common_shares": null,
            "book_valuer_per_share": null,
            "book_valuer_per_share_4q_avg": 4.21,
            "equity": null,
            "current_ratio": null,
            "debt_ratio": null,
            "inventory_turnover_ratio": null,
            "account_receivable_turnover_ratio": null,
            "reinvestment_rate": null,
            "research_to_sale_ratio": null,
            "price_fair": 0,
            "eps_avg_yearly": 0,
            "eps_latest_yearly": 0,
            "eps_growth_yearly": 0
        },
        "20072": {
            "year_quarter": 20072,
            "year": 2007,
            "quarter": 2,
            "eps": null,
            "eps_growth_year": null,
            "eps_4q": null,
            "eps_4q_growth_year": null,
            "roe": null,
            "roe_4q": 0,
            "gross_profit": null,
            "gross_margin": null,
            "gross_margin_4q_avg": 0,
            "net_income": null,
            "net_income_4q": null,
            "revenue": null,
            "revenue_4q": null,
            "common_shares": null,
            "book_valuer_per_share": null,
            "book_valuer_per_share_4q_avg": 4.21,
            "equity": null,
            "current_ratio": null,
            "debt_ratio": null,
            "inventory_turnover_ratio": null,
            "account_receivable_turnover_ratio": null,
            "reinvestment_rate": null,
            "research_to_sale_ratio": null,
            "price_fair": 0,
            "eps_avg_yearly": 0,
            "eps_latest_yearly": 0,
            "eps_growth_yearly": 0
        },
        "20073": {
            "year_quarter": 20073,
            "year": 2007,
            "quarter": 3,
            "eps": null,
            "eps_growth_year": null,
            "eps_4q": null,
            "eps_4q_growth_year": null,
            "roe": null,
            "roe_4q": 0,
            "gross_profit": null,
            "gross_margin": null,
            "gross_margin_4q_avg": 0,
            "net_income": null,
            "net_income_4q": null,
            "revenue": null,
            "revenue_4q": null,
            "common_shares": null,
            "book_valuer_per_share": null,
            "book_valuer_per_share_4q_avg": 4.21,
            "equity": null,
            "current_ratio": null,
            "debt_ratio": null,
            "inventory_turnover_ratio": null,
            "account_receivable_turnover_ratio": null,
            "reinvestment_rate": null,
            "research_to_sale_ratio": null,
            "price_fair": 0,
            "eps_avg_yearly": 0,
            "eps_latest_yearly": 0,
            "eps_growth_yearly": 0
        },
        "20074": {
            "year_quarter": 20074,
            "year": 2007,
            "quarter": 4,
            "eps": null,
            "eps_growth_year": null,
            "eps_4q": null,
            "eps_4q_growth_year": null,
            "roe": null,
            "roe_4q": 0,
            "gross_profit": null,
            "gross_margin": null,
            "gross_margin_4q_avg": 0,
            "net_income": null,
            "net_income_4q": null,
            "revenue": null,
            "revenue_4q": null,
            "common_shares": 199200,
            "book_valuer_per_share": 16.47,
            "book_valuer_per_share_4q_avg": 4.12,
            "equity": 328043,
            "current_ratio": 417.35,
            "debt_ratio": 18.54,
            "inventory_turnover_ratio": null,
            "account_receivable_turnover_ratio": null,
            "reinvestment_rate": null,
            "research_to_sale_ratio": null,
            "price_fair": 0,
            "eps_avg_yearly": 0,
            "eps_latest_yearly": 0,
            "eps_growth_yearly": 0
        },
        "20081": {
            "year_quarter": 20081,
            "year": 2008,
            "quarter": 1,
            "eps": null,
            "eps_growth_year": null,
            "eps_4q": null,
            "eps_4q_growth_year": null,
            "roe": null,
            "roe_4q": 0,
            "gross_profit": null,
            "gross_margin": null,
            "gross_margin_4q_avg": 0,
            "net_income": null,
            "net_income_4q": null,
            "revenue": null,
            "revenue_4q": null,
            "common_shares": null,
            "book_valuer_per_share": null,
            "book_valuer_per_share_4q_avg": 4.12,
            "equity": null,
            "current_ratio": null,
            "debt_ratio": null,
            "inventory_turnover_ratio": null,
            "account_receivable_turnover_ratio": null,
            "reinvestment_rate": null,
            "research_to_sale_ratio": null,
            "price_fair": 0,
            "eps_avg_yearly": 0,
            "eps_latest_yearly": 0,
            "eps_growth_yearly": 0
        },
        "20082": {
            "year_quarter": 20082,
            "year": 2008,
            "quarter": 2,
            "eps": null,
            "eps_growth_year": null,
            "eps_4q": null,
            "eps_4q_growth_year": null,
            "roe": null,
            "roe_4q": 0,
            "gross_profit": null,
            "gross_margin": null,
            "gross_margin_4q_avg": 0,
            "net_income": null,
            "net_income_4q": null,
            "revenue": null,
            "revenue_4q": null,
            "common_shares": null,
            "book_valuer_per_share": null,
            "book_valuer_per_share_4q_avg": 4.12,
            "equity": null,
            "current_ratio": null,
            "debt_ratio": null,
            "inventory_turnover_ratio": null,
            "account_receivable_turnover_ratio": null,
            "reinvestment_rate": null,
            "research_to_sale_ratio": null,
            "price_fair": 0,
            "eps_avg_yearly": 0,
            "eps_latest_yearly": 0,
            "eps_growth_yearly": 0
        },
        "20083": {
            "year_quarter": 20083,
            "year": 2008,
            "quarter": 3,
            "eps": null,
            "eps_growth_year": null,
            "eps_4q": null,
            "eps_4q_growth_year": null,
            "roe": null,
            "roe_4q": 0,
            "gross_profit": null,
            "gross_margin": null,
            "gross_margin_4q_avg": 0,
            "net_income": null,
            "net_income_4q": null,
            "revenue": null,
            "revenue_4q": null,
            "common_shares": null,
            "book_valuer_per_share": null,
            "book_valuer_per_share_4q_avg": 4.12,
            "equity": null,
            "current_ratio": null,
            "debt_ratio": null,
            "inventory_turnover_ratio": null,
            "account_receivable_turnover_ratio": null,
            "reinvestment_rate": null,
            "research_to_sale_ratio": null,
            "price_fair": 0,
            "eps_avg_yearly": 0,
            "eps_latest_yearly": 0,
            "eps_growth_yearly": 0
        },
        "20084": {
            "year_quarter": 20084,
            "year": 2008,
            "quarter": 4,
            "eps": null,
            "eps_growth_year": null,
            "eps_4q": null,
            "eps_4q_growth_year": null,
            "roe": null,
            "roe_4q": 0,
            "gross_profit": null,
            "gross_margin": null,
            "gross_margin_4q_avg": 0,
            "net_income": null,
            "net_income_4q": null,
            "revenue": null,
            "revenue_4q": null,
            "common_shares": 199200,
            "book_valuer_per_share": 16.13,
            "book_valuer_per_share_4q_avg": 4.03,
            "equity": 321292,
            "current_ratio": 451.2,
            "debt_ratio": 16.13,
            "inventory_turnover_ratio": null,
            "account_receivable_turnover_ratio": null,
            "reinvestment_rate": null,
            "research_to_sale_ratio": null,
            "price_fair": 0,
            "eps_avg_yearly": 0,
            "eps_latest_yearly": 0,
            "eps_growth_yearly": 0
        },
        "20091": {
            "year_quarter": 20091,
            "year": 2009,
            "quarter": 1,
            "eps": null,
            "eps_growth_year": null,
            "eps_4q": null,
            "eps_4q_growth_year": null,
            "roe": null,
            "roe_4q": 0,
            "gross_profit": null,
            "gross_margin": null,
            "gross_margin_4q_avg": 0,
            "net_income": null,
            "net_income_4q": null,
            "revenue": null,
            "revenue_4q": null,
            "common_shares": null,
            "book_valuer_per_share": null,
            "book_valuer_per_share_4q_avg": 4.03,
            "equity": null,
            "current_ratio": null,
            "debt_ratio": null,
            "inventory_turnover_ratio": null,
            "account_receivable_turnover_ratio": null,
            "reinvestment_rate": null,
            "research_to_sale_ratio": null,
            "price_fair": 0,
            "eps_avg_yearly": 0,
            "eps_latest_yearly": 0,
            "eps_growth_yearly": 0
        },
        "20092": {
            "year_quarter": 20092,
            "year": 2009,
            "quarter": 2,
            "eps": null,
            "eps_growth_year": null,
            "eps_4q": null,
            "eps_4q_growth_year": null,
            "roe": null,
            "roe_4q": 0,
            "gross_profit": null,
            "gross_margin": null,
            "gross_margin_4q_avg": 0,
            "net_income": null,
            "net_income_4q": null,
            "revenue": null,
            "revenue_4q": null,
            "common_shares": 199200,
            "book_valuer_per_share": null,
            "book_valuer_per_share_4q_avg": 4.03,
            "equity": 306269,
            "current_ratio": null,
            "debt_ratio": null,
            "inventory_turnover_ratio": null,
            "account_receivable_turnover_ratio": null,
            "reinvestment_rate": null,
            "research_to_sale_ratio": null,
            "price_fair": 0,
            "eps_avg_yearly": 0,
            "eps_latest_yearly": 0,
            "eps_growth_yearly": 0
        },
        "20093": {
            "year_quarter": 20093,
            "year": 2009,
            "quarter": 3,
            "eps": -0.1,
            "eps_growth_year": null,
            "eps_4q": null,
            "eps_4q_growth_year": null,
            "roe": -0.63,
            "roe_4q": -0.63,
            "gross_profit": 4308,
            "gross_margin": 10.59,
            "gross_margin_4q_avg": 2.65,
            "net_income": -1930,
            "net_income_4q": null,
            "revenue": 40664,
            "revenue_4q": null,
            "common_shares": 199200,
            "book_valuer_per_share": 15.28,
            "book_valuer_per_share_4q_avg": 7.85,
            "equity": 304340,
            "current_ratio": 414.55,
            "debt_ratio": 16.95,
            "inventory_turnover_ratio": 219.01,
            "account_receivable_turnover_ratio": 3.84,
            "reinvestment_rate": null,
            "research_to_sale_ratio": null,
            "price_fair": 0,
            "eps_avg_yearly": 0,
            "eps_latest_yearly": 0,
            "eps_growth_yearly": 0
        },
        "20094": {
            "year_quarter": 20094,
            "year": 2009,
            "quarter": 4,
            "eps": 0.32,
            "eps_growth_year": null,
            "eps_4q": null,
            "eps_4q_growth_year": null,
            "roe": 2.09,
            "roe_4q": 1.46,
            "gross_profit": 14944,
            "gross_margin": 26.06,
            "gross_margin_4q_avg": 9.16,
            "net_income": 6435,
            "net_income_4q": null,
            "revenue": 57337,
            "revenue_4q": null,
            "common_shares": 199200,
            "book_valuer_per_share": 15.6,
            "book_valuer_per_share_4q_avg": 7.72,
            "equity": 310774,
            "current_ratio": 443.73,
            "debt_ratio": 16.7,
            "inventory_turnover_ratio": 413.59,
            "account_receivable_turnover_ratio": 8.57,
            "reinvestment_rate": null,
            "research_to_sale_ratio": null,
            "price_fair": 0,
            "eps_avg_yearly": 0,
            "eps_latest_yearly": 0,
            "eps_growth_yearly": 0
        },
        "20101": {
            "year_quarter": 20101,
            "year": 2010,
            "quarter": 1,
            "eps": null,
            "eps_growth_year": null,
            "eps_4q": null,
            "eps_4q_growth_year": null,
            "roe": null,
            "roe_4q": 1.46,
            "gross_profit": 11580,
            "gross_margin": null,
            "gross_margin_4q_avg": 9.16,
            "net_income": 4354,
            "net_income_4q": null,
            "revenue": 56334,
            "revenue_4q": null,
            "common_shares": 199200,
            "book_valuer_per_share": 15.82,
            "book_valuer_per_share_4q_avg": 11.68,
            "equity": 315128,
            "current_ratio": 439.48,
            "debt_ratio": 16.98,
            "inventory_turnover_ratio": null,
            "account_receivable_turnover_ratio": null,
            "reinvestment_rate": null,
            "research_to_sale_ratio": null,
            "price_fair": 0,
            "eps_avg_yearly": 0,
            "eps_latest_yearly": 0,
            "eps_growth_yearly": 0
        },
        "20102": {
            "year_quarter": 20102,
            "year": 2010,
            "quarter": 2,
            "eps": 0.44,
            "eps_growth_year": null,
            "eps_4q": 0.67,
            "eps_4q_growth_year": null,
            "roe": 2.79,
            "roe_4q": 4.25,
            "gross_profit": 16710,
            "gross_margin": 28.24,
            "gross_margin_4q_avg": 16.22,
            "net_income": 8778,
            "net_income_4q": null,
            "revenue": 59162,
            "revenue_4q": null,
            "common_shares": 199200,
            "book_valuer_per_share": 15.81,
            "book_valuer_per_share_4q_avg": 15.63,
            "equity": 314941,
            "current_ratio": 340.85,
            "debt_ratio": 19.36,
            "inventory_turnover_ratio": 633.61,
            "account_receivable_turnover_ratio": 9.17,
            "reinvestment_rate": null,
            "research_to_sale_ratio": null,
            "price_fair": 0,
            "eps_avg_yearly": 0,
            "eps_latest_yearly": 0,
            "eps_growth_yearly": 0
        },
        "20103": {
            "year_quarter": 20103,
            "year": 2010,
            "quarter": 3,
            "eps": 0.06,
            "eps_growth_year": null,
            "eps_4q": 0.83,
            "eps_4q_growth_year": null,
            "roe": 0.4,
            "roe_4q": 5.279999999999999,
            "gross_profit": 7829,
            "gross_margin": 15.46,
            "gross_margin_4q_avg": 17.44,
            "net_income": 1269,
            "net_income_4q": null,
            "revenue": 50636,
            "revenue_4q": null,
            "common_shares": 199200,
            "book_valuer_per_share": 15.87,
            "book_valuer_per_share_4q_avg": 15.78,
            "equity": 316210,
            "current_ratio": 333.52,
            "debt_ratio": 19.02,
            "inventory_turnover_ratio": 713.45,
            "account_receivable_turnover_ratio": 4.48,
            "reinvestment_rate": null,
            "research_to_sale_ratio": null,
            "price_fair": 0.72,
            "eps_avg_yearly": 0.24,
            "eps_latest_yearly": 0.24,
            "eps_growth_yearly": -345.45
        },
        "20104": {
            "year_quarter": 20104,
            "year": 2010,
            "quarter": 4,
            "eps": 0.48,
            "eps_growth_year": 50.35,
            "eps_4q": 0.99,
            "eps_4q_growth_year": null,
            "roe": 2.99,
            "roe_4q": 6.18,
            "gross_profit": 19566,
            "gross_margin": 30.45,
            "gross_margin_4q_avg": 18.54,
            "net_income": 9584,
            "net_income_4q": null,
            "revenue": 64253,
            "revenue_4q": null,
            "common_shares": 199200,
            "book_valuer_per_share": 16.36,
            "book_valuer_per_share_4q_avg": 15.97,
            "equity": 325795,
            "current_ratio": 314.63,
            "debt_ratio": 20.01,
            "inventory_turnover_ratio": 790.92,
            "account_receivable_turnover_ratio": 6.5,
            "reinvestment_rate": null,
            "research_to_sale_ratio": null,
            "price_fair": 37.8,
            "eps_avg_yearly": 1.08,
            "eps_latest_yearly": 1.92,
            "eps_growth_yearly": 1227.27
        },
        "20111": {
            "year_quarter": 20111,
            "year": 2011,
            "quarter": 1,
            "eps": 0.42,
            "eps_growth_year": null,
            "eps_4q": 1.24,
            "eps_4q_growth_year": null,
            "roe": 2.27,
            "roe_4q": 8.45,
            "gross_profit": 16553,
            "gross_margin": 26.37,
            "gross_margin_4q_avg": 25.13,
            "net_income": 8466,
            "net_income_4q": null,
            "revenue": 62766,
            "revenue_4q": null,
            "common_shares": 225760,
            "book_valuer_per_share": 18.65,
            "book_valuer_per_share_4q_avg": 16.67,
            "equity": 421030,
            "current_ratio": 647.22,
            "debt_ratio": 14.68,
            "inventory_turnover_ratio": 983.26,
            "account_receivable_turnover_ratio": 6.78,
            "reinvestment_rate": null,
            "research_to_sale_ratio": null,
            "price_fair": 44.8,
            "eps_avg_yearly": 1.28,
            "eps_latest_yearly": 1.68,
            "eps_growth_yearly": 801.52
        },
        "20112": {
            "year_quarter": 20112,
            "year": 2011,
            "quarter": 2,
            "eps": 0.24,
            "eps_growth_year": -45.31,
            "eps_4q": 1.1,
            "eps_4q_growth_year": 64.47,
            "roe": 1.32,
            "roe_4q": 6.98,
            "gross_profit": 17579,
            "gross_margin": 28.89,
            "gross_margin_4q_avg": 25.29,
            "net_income": 5441,
            "net_income_4q": null,
            "revenue": 60852,
            "revenue_4q": null,
            "common_shares": 225760,
            "book_valuer_per_share": 17.94,
            "book_valuer_per_share_4q_avg": 17.21,
            "equity": 405024,
            "current_ratio": 401.81,
            "debt_ratio": 19.19,
            "inventory_turnover_ratio": 1018.19,
            "account_receivable_turnover_ratio": 6.2,
            "reinvestment_rate": null,
            "research_to_sale_ratio": null,
            "price_fair": 42,
            "eps_avg_yearly": 1.2,
            "eps_latest_yearly": 0.96,
            "eps_growth_yearly": 558.28
        },
        "20113": {
            "year_quarter": 20113,
            "year": 2011,
            "quarter": 3,
            "eps": 0.09,
            "eps_growth_year": 38.09,
            "eps_4q": 1.13,
            "eps_4q_growth_year": 36.39,
            "roe": 0.49,
            "roe_4q": 7.07,
            "gross_profit": 7328,
            "gross_margin": 14.24,
            "gross_margin_4q_avg": 24.99,
            "net_income": 1986,
            "net_income_4q": null,
            "revenue": 51473,
            "revenue_4q": null,
            "common_shares": 225760,
            "book_valuer_per_share": 18.03,
            "book_valuer_per_share_4q_avg": 17.75,
            "equity": 407010,
            "current_ratio": 601.35,
            "debt_ratio": 15.33,
            "inventory_turnover_ratio": 1014.83,
            "account_receivable_turnover_ratio": 5.11,
            "reinvestment_rate": null,
            "research_to_sale_ratio": null,
            "price_fair": 36.12,
            "eps_avg_yearly": 1.03,
            "eps_latest_yearly": 0.36,
            "eps_growth_yearly": 396.62
        },
        "20114": {
            "year_quarter": 20114,
            "year": 2011,
            "quarter": 4,
            "eps": 0.64,
            "eps_growth_year": 32.69,
            "eps_4q": 1.34,
            "eps_4q_growth_year": 36.22,
            "roe": 2.92,
            "roe_4q": 7,
            "gross_profit": 23287,
            "gross_margin": 31.15,
            "gross_margin_4q_avg": 25.16,
            "net_income": 14413,
            "net_income_4q": null,
            "revenue": 74758,
            "revenue_4q": null,
            "common_shares": 225760,
            "book_valuer_per_share": 25.69,
            "book_valuer_per_share_4q_avg": 20.08,
            "equity": 580090,
            "current_ratio": 538.21,
            "debt_ratio": 23.14,
            "inventory_turnover_ratio": 1061.26,
            "account_receivable_turnover_ratio": 6.49,
            "reinvestment_rate": null,
            "research_to_sale_ratio": null,
            "price_fair": 45.03,
            "eps_avg_yearly": 1.29,
            "eps_latest_yearly": 2.56,
            "eps_growth_yearly": 737.93
        },
        "20121": {
            "year_quarter": 20121,
            "year": 2012,
            "quarter": 1,
            "eps": 0.38,
            "eps_growth_year": -9.52,
            "eps_4q": 1.34,
            "eps_4q_growth_year": 7.87,
            "roe": 1.45,
            "roe_4q": 6.180000000000001,
            "gross_profit": 16395,
            "gross_margin": 26.72,
            "gross_margin_4q_avg": 25.25,
            "net_income": 8469,
            "net_income_4q": null,
            "revenue": 61367,
            "revenue_4q": null,
            "common_shares": 225760,
            "book_valuer_per_share": 26.07,
            "book_valuer_per_share_4q_avg": 21.93,
            "equity": 588559,
            "current_ratio": 641.47,
            "debt_ratio": 22.26,
            "inventory_turnover_ratio": 803.07,
            "account_receivable_turnover_ratio": 4.62,
            "reinvestment_rate": null,
            "research_to_sale_ratio": null,
            "price_fair": 46.2,
            "eps_avg_yearly": 1.32,
            "eps_latest_yearly": 1.52,
            "eps_growth_yearly": 609.29
        },
        "20122": {
            "year_quarter": 20122,
            "year": 2012,
            "quarter": 2,
            "eps": 0.27,
            "eps_growth_year": 11.96,
            "eps_4q": 1.37,
            "eps_4q_growth_year": 25.04,
            "roe": 1.06,
            "roe_4q": 5.92,
            "gross_profit": 13083,
            "gross_margin": 21.73,
            "gross_margin_4q_avg": 23.46,
            "net_income": 6092,
            "net_income_4q": null,
            "revenue": 60217,
            "revenue_4q": null,
            "common_shares": 225760,
            "book_valuer_per_share": 24.84,
            "book_valuer_per_share_4q_avg": 23.66,
            "equity": 560787,
            "current_ratio": 324.62,
            "debt_ratio": 27.14,
            "inventory_turnover_ratio": 1346.69,
            "account_receivable_turnover_ratio": 4.83,
            "reinvestment_rate": null,
            "research_to_sale_ratio": null,
            "price_fair": 45.15,
            "eps_avg_yearly": 1.29,
            "eps_latest_yearly": 1.08,
            "eps_growth_yearly": 518.66
        },
        "20123": {
            "year_quarter": 20123,
            "year": 2012,
            "quarter": 3,
            "eps": 0.05,
            "eps_growth_year": -44.97,
            "eps_4q": 1.33,
            "eps_4q_growth_year": 18.02,
            "roe": 0.19,
            "roe_4q": 5.62,
            "gross_profit": 7132,
            "gross_margin": 12.37,
            "gross_margin_4q_avg": 22.99,
            "net_income": 1093,
            "net_income_4q": null,
            "revenue": 57672,
            "revenue_4q": null,
            "common_shares": 225760,
            "book_valuer_per_share": 24.89,
            "book_valuer_per_share_4q_avg": 25.37,
            "equity": 561880,
            "current_ratio": 466.88,
            "debt_ratio": 24.11,
            "inventory_turnover_ratio": 2150.64,
            "account_receivable_turnover_ratio": 5.33,
            "reinvestment_rate": null,
            "research_to_sale_ratio": null,
            "price_fair": 40.91,
            "eps_avg_yearly": 1.17,
            "eps_latest_yearly": 0.2,
            "eps_growth_yearly": 424.82
        },
        "20124": {
            "year_quarter": 20124,
            "year": 2012,
            "quarter": 4,
            "eps": 0.67,
            "eps_growth_year": 4.97,
            "eps_4q": 1.36,
            "eps_4q_growth_year": 1.58,
            "roe": 2.66,
            "roe_4q": 5.36,
            "gross_profit": 26633,
            "gross_margin": 33.39,
            "gross_margin_4q_avg": 23.55,
            "net_income": 15130,
            "net_income_4q": null,
            "revenue": 79768,
            "revenue_4q": null,
            "common_shares": 225760,
            "book_valuer_per_share": 25.56,
            "book_valuer_per_share_4q_avg": 25.34,
            "equity": 577010,
            "current_ratio": 427.75,
            "debt_ratio": 24.37,
            "inventory_turnover_ratio": 1295.98,
            "account_receivable_turnover_ratio": 6.65,
            "reinvestment_rate": null,
            "research_to_sale_ratio": null,
            "price_fair": 46.2,
            "eps_avg_yearly": 1.32,
            "eps_latest_yearly": 2.68,
            "eps_growth_yearly": 878.33
        },
        "20131": {
            "year_quarter": 20131,
            "year": 2013,
            "quarter": 1,
            "eps": 0.17,
            "eps_growth_year": -55.26,
            "eps_4q": 1.16,
            "eps_4q_growth_year": -13.76,
            "roe": 0.67,
            "roe_4q": 4.58,
            "gross_profit": 11939,
            "gross_margin": 19.49,
            "gross_margin_4q_avg": 21.75,
            "net_income": 3823,
            "net_income_4q": null,
            "revenue": 61248,
            "revenue_4q": null,
            "common_shares": 225760,
            "book_valuer_per_share": 25.07,
            "book_valuer_per_share_4q_avg": 25.09,
            "equity": 565896,
            "current_ratio": 467.11,
            "debt_ratio": 24.77,
            "inventory_turnover_ratio": 1408.83,
            "account_receivable_turnover_ratio": 4.33,
            "reinvestment_rate": null,
            "research_to_sale_ratio": null,
            "price_fair": 44.16,
            "eps_avg_yearly": 1.26,
            "eps_latest_yearly": 0.68,
            "eps_growth_yearly": 771.35
        },
        "20132": {
            "year_quarter": 20132,
            "year": 2013,
            "quarter": 2,
            "eps": 0.32,
            "eps_growth_year": 18.59,
            "eps_4q": 1.21,
            "eps_4q_growth_year": -11.82,
            "roe": 1.3,
            "roe_4q": 4.820000000000001,
            "gross_profit": 16959,
            "gross_margin": 26.2,
            "gross_margin_4q_avg": 22.86,
            "net_income": 7254,
            "net_income_4q": null,
            "revenue": 64735,
            "revenue_4q": null,
            "common_shares": 225760,
            "book_valuer_per_share": 24.39,
            "book_valuer_per_share_4q_avg": 24.98,
            "equity": 550574,
            "current_ratio": 345.59,
            "debt_ratio": 27.21,
            "inventory_turnover_ratio": 1365.03,
            "account_receivable_turnover_ratio": 5.41,
            "reinvestment_rate": 255.36,
            "research_to_sale_ratio": null,
            "price_fair": 44.22,
            "eps_avg_yearly": 1.26,
            "eps_latest_yearly": 1.28,
            "eps_growth_yearly": 736.48
        },
        "20133": {
            "year_quarter": 20133,
            "year": 2013,
            "quarter": 3,
            "eps": 0.06,
            "eps_growth_year": 23.93,
            "eps_4q": 1.22,
            "eps_4q_growth_year": -8.6,
            "roe": 0.23,
            "roe_4q": 4.86,
            "gross_profit": 9460,
            "gross_margin": 16.39,
            "gross_margin_4q_avg": 23.87,
            "net_income": 1275,
            "net_income_4q": null,
            "revenue": 57715,
            "revenue_4q": null,
            "common_shares": 225760,
            "book_valuer_per_share": 24.44,
            "book_valuer_per_share_4q_avg": 24.87,
            "equity": 551849,
            "current_ratio": 489.63,
            "debt_ratio": 24.83,
            "inventory_turnover_ratio": 107.23,
            "account_receivable_turnover_ratio": 6.42,
            "reinvestment_rate": 246.92,
            "research_to_sale_ratio": null,
            "price_fair": 41.46,
            "eps_avg_yearly": 1.18,
            "eps_latest_yearly": 0.24,
            "eps_growth_yearly": 654.83
        },
        "20134": {
            "year_quarter": 20134,
            "year": 2013,
            "quarter": 4,
            "eps": -0.39,
            "eps_growth_year": -158.94,
            "eps_4q": 0.15,
            "eps_4q_growth_year": -88.84,
            "roe": -1.62,
            "roe_4q": 0.58,
            "gross_profit": 13513,
            "gross_margin": 20.09,
            "gross_margin_4q_avg": 20.54,
            "net_income": -8917,
            "net_income_4q": null,
            "revenue": 67251,
            "revenue_4q": null,
            "common_shares": 225760,
            "book_valuer_per_share": 24.25,
            "book_valuer_per_share_4q_avg": 24.54,
            "equity": 547575,
            "current_ratio": 306.83,
            "debt_ratio": 27.15,
            "inventory_turnover_ratio": 59.18,
            "account_receivable_turnover_ratio": 8.18,
            "reinvestment_rate": 312.52,
            "research_to_sale_ratio": null,
            "price_fair": 41.46,
            "eps_avg_yearly": 1.18,
            "eps_latest_yearly": 0.24,
            "eps_growth_yearly": 654.83
        },
        "20141": {
            "year_quarter": 20141,
            "year": 2014,
            "quarter": 1,
            "eps": 0.27,
            "eps_growth_year": 58.82,
            "eps_4q": 0.25,
            "eps_4q_growth_year": -78.42,
            "roe": 1.1,
            "roe_4q": 1.01,
            "gross_profit": 18860,
            "gross_margin": 28.62,
            "gross_margin_4q_avg": 22.83,
            "net_income": 6029,
            "net_income_4q": null,
            "revenue": 65902,
            "revenue_4q": null,
            "common_shares": 225760,
            "book_valuer_per_share": 24.52,
            "book_valuer_per_share_4q_avg": 24.4,
            "equity": 553604,
            "current_ratio": 296.15,
            "debt_ratio": 26.57,
            "inventory_turnover_ratio": 47.11,
            "account_receivable_turnover_ratio": 6.34,
            "reinvestment_rate": 331.94,
            "research_to_sale_ratio": null,
            "price_fair": 41.46,
            "eps_avg_yearly": 1.18,
            "eps_latest_yearly": 0.24,
            "eps_growth_yearly": 654.83
        },
        "20142": {
            "year_quarter": 20142,
            "year": 2014,
            "quarter": 2,
            "eps": 0.28,
            "eps_growth_year": -12.5,
            "eps_4q": 0.21,
            "eps_4q_growth_year": -82.92,
            "roe": 1.13,
            "roe_4q": 0.8399999999999999,
            "gross_profit": 19035,
            "gross_margin": 28.22,
            "gross_margin_4q_avg": 23.33,
            "net_income": 6275,
            "net_income_4q": null,
            "revenue": 67448,
            "revenue_4q": null,
            "common_shares": 225760,
            "book_valuer_per_share": 24.8,
            "book_valuer_per_share_4q_avg": 24.5,
            "equity": 559879,
            "current_ratio": 241.06,
            "debt_ratio": 27.33,
            "inventory_turnover_ratio": 48.8,
            "account_receivable_turnover_ratio": 5.76,
            "reinvestment_rate": 374.15,
            "research_to_sale_ratio": null,
            "price_fair": 41.3,
            "eps_avg_yearly": 1.18,
            "eps_latest_yearly": 1.12,
            "eps_growth_yearly": 609.11
        },
        "20143": {
            "year_quarter": 20143,
            "year": 2014,
            "quarter": 3,
            "eps": 0.09,
            "eps_growth_year": 50,
            "eps_4q": 0.24,
            "eps_4q_growth_year": -79.95,
            "roe": 0.38,
            "roe_4q": 0.9899999999999998,
            "gross_profit": 14395,
            "gross_margin": 22.61,
            "gross_margin_4q_avg": 24.89,
            "net_income": 2122,
            "net_income_4q": null,
            "revenue": 63668,
            "revenue_4q": null,
            "common_shares": 225760,
            "book_valuer_per_share": 24.89,
            "book_valuer_per_share_4q_avg": 24.62,
            "equity": 562001,
            "current_ratio": 303.06,
            "debt_ratio": 35.73,
            "inventory_turnover_ratio": 52.95,
            "account_receivable_turnover_ratio": 6.3,
            "reinvestment_rate": 386.59,
            "research_to_sale_ratio": null,
            "price_fair": 41.6,
            "eps_avg_yearly": 1.19,
            "eps_latest_yearly": 0.36,
            "eps_growth_yearly": 614.4
        },
        "20144": {
            "year_quarter": 20144,
            "year": 2014,
            "quarter": 4,
            "eps": 0.48,
            "eps_growth_year": null,
            "eps_4q": 1.12,
            "eps_4q_growth_year": 636.1,
            "roe": 1.91,
            "roe_4q": 4.52,
            "gross_profit": 23574,
            "gross_margin": 31.95,
            "gross_margin_4q_avg": 27.85,
            "net_income": 10859,
            "net_income_4q": null,
            "revenue": 73788,
            "revenue_4q": null,
            "common_shares": 225760,
            "book_valuer_per_share": 25.56,
            "book_valuer_per_share_4q_avg": 24.94,
            "equity": 576962,
            "current_ratio": 321.64,
            "debt_ratio": 34.05,
            "inventory_turnover_ratio": 55.39,
            "account_receivable_turnover_ratio": 6.76,
            "reinvestment_rate": 371.56,
            "research_to_sale_ratio": null,
            "price_fair": 41.6,
            "eps_avg_yearly": 1.19,
            "eps_latest_yearly": 1.92,
            "eps_growth_yearly": 538.21
        },
        "20151": {
            "year_quarter": 20151,
            "year": 2015,
            "quarter": 1,
            "eps": 0.51,
            "eps_growth_year": 88.89,
            "eps_4q": 1.36,
            "eps_4q_growth_year": 445.05,
            "roe": 1.98,
            "roe_4q": 5.3999999999999995,
            "gross_profit": 24040,
            "gross_margin": 35.12,
            "gross_margin_4q_avg": 29.48,
            "net_income": 11490,
            "net_income_4q": null,
            "revenue": 68445,
            "revenue_4q": null,
            "common_shares": 225760,
            "book_valuer_per_share": 25.87,
            "book_valuer_per_share_4q_avg": 25.28,
            "equity": 584133,
            "current_ratio": 352.76,
            "debt_ratio": 33.21,
            "inventory_turnover_ratio": 45.94,
            "account_receivable_turnover_ratio": 6.52,
            "reinvestment_rate": 347.46,
            "research_to_sale_ratio": null,
            "price_fair": 42.5,
            "eps_avg_yearly": 1.21,
            "eps_latest_yearly": 2.04,
            "eps_growth_yearly": 543.57
        },
        "20152": {
            "year_quarter": 20152,
            "year": 2015,
            "quarter": 2,
            "eps": 0.26,
            "eps_growth_year": -7.14,
            "eps_4q": 1.35,
            "eps_4q_growth_year": 552.25,
            "roe": 1.02,
            "roe_4q": 5.29,
            "gross_profit": 19617,
            "gross_margin": 28.6,
            "gross_margin_4q_avg": 29.57,
            "net_income": 5937,
            "net_income_4q": null,
            "revenue": 68583,
            "revenue_4q": null,
            "common_shares": 225760,
            "book_valuer_per_share": 25.64,
            "book_valuer_per_share_4q_avg": 25.49,
            "equity": 578782,
            "current_ratio": 282.77,
            "debt_ratio": 34.88,
            "inventory_turnover_ratio": 46.84,
            "account_receivable_turnover_ratio": 9.64,
            "reinvestment_rate": 346.18,
            "research_to_sale_ratio": null,
            "price_fair": 42.7,
            "eps_avg_yearly": 1.22,
            "eps_latest_yearly": 1.04,
            "eps_growth_yearly": 541.81
        },
        "20153": {
            "year_quarter": 20153,
            "year": 2015,
            "quarter": 3,
            "eps": 0.26,
            "eps_growth_year": 188.89,
            "eps_4q": 1.51,
            "eps_4q_growth_year": 518.17,
            "roe": 0.99,
            "roe_4q": 5.8999999999999995,
            "gross_profit": 16633,
            "gross_margin": 24.81,
            "gross_margin_4q_avg": 30.12,
            "net_income": 5769,
            "net_income_4q": null,
            "revenue": 67038,
            "revenue_4q": null,
            "common_shares": 225760,
            "book_valuer_per_share": 25.84,
            "book_valuer_per_share_4q_avg": 25.73,
            "equity": 583273,
            "current_ratio": 291.29,
            "debt_ratio": 33.53,
            "inventory_turnover_ratio": 56.89,
            "account_receivable_turnover_ratio": 8.66,
            "reinvestment_rate": 342.79,
            "research_to_sale_ratio": null,
            "price_fair": 44.4,
            "eps_avg_yearly": 1.27,
            "eps_latest_yearly": 1.04,
            "eps_growth_yearly": 559.66
        },
        "20154": {
            "year_quarter": 20154,
            "year": 2015,
            "quarter": 4,
            "eps": 0.51,
            "eps_growth_year": 5.16,
            "eps_4q": 1.53,
            "eps_4q_growth_year": 36.9,
            "roe": 1.94,
            "roe_4q": 5.93,
            "gross_profit": 24266,
            "gross_margin": 32.73,
            "gross_margin_4q_avg": 30.32,
            "net_income": 11419,
            "net_income_4q": null,
            "revenue": 74147,
            "revenue_4q": null,
            "common_shares": 225760,
            "book_valuer_per_share": 26.24,
            "book_valuer_per_share_4q_avg": 25.9,
            "equity": 592487,
            "current_ratio": 282.61,
            "debt_ratio": 33.26,
            "inventory_turnover_ratio": 54.1,
            "account_receivable_turnover_ratio": 6.4,
            "reinvestment_rate": 83.99,
            "research_to_sale_ratio": null,
            "price_fair": 43.1,
            "eps_avg_yearly": 1.23,
            "eps_latest_yearly": 2.04,
            "eps_growth_yearly": 412.53
        },
        "20161": {
            "year_quarter": 20161,
            "year": 2016,
            "quarter": 1,
            "eps": 0.43,
            "eps_growth_year": -15.69,
            "eps_4q": 1.45,
            "eps_4q_growth_year": 6.46,
            "roe": 1.61,
            "roe_4q": 5.5600000000000005,
            "gross_profit": 21168,
            "gross_margin": 29.28,
            "gross_margin_4q_avg": 28.86,
            "net_income": 9607,
            "net_income_4q": null,
            "revenue": 72297,
            "revenue_4q": null,
            "common_shares": 225760,
            "book_valuer_per_share": 26.72,
            "book_valuer_per_share_4q_avg": 26.11,
            "equity": 603339,
            "current_ratio": 303.5,
            "debt_ratio": 31.27,
            "inventory_turnover_ratio": 45.19,
            "account_receivable_turnover_ratio": 6.85,
            "reinvestment_rate": 81.27,
            "research_to_sale_ratio": null,
            "price_fair": 43.6,
            "eps_avg_yearly": 1.25,
            "eps_latest_yearly": 1.72,
            "eps_growth_yearly": 419.66
        },
        "20162": {
            "year_quarter": 20162,
            "year": 2016,
            "quarter": 2,
            "eps": 0.07,
            "eps_growth_year": -73.08,
            "eps_4q": 1.26,
            "eps_4q_growth_year": -6.8,
            "roe": 0.26,
            "roe_4q": 4.8,
            "gross_profit": 11663,
            "gross_margin": 18.4,
            "gross_margin_4q_avg": 26.31,
            "net_income": 1545,
            "net_income_4q": null,
            "revenue": 63400,
            "revenue_4q": null,
            "common_shares": 225760,
            "book_valuer_per_share": 26.04,
            "book_valuer_per_share_4q_avg": 26.21,
            "equity": 587937,
            "current_ratio": 259.89,
            "debt_ratio": 32.23,
            "inventory_turnover_ratio": 44.22,
            "account_receivable_turnover_ratio": 9.05,
            "reinvestment_rate": 88.07,
            "research_to_sale_ratio": null,
            "price_fair": 41.6,
            "eps_avg_yearly": 1.19,
            "eps_latest_yearly": 0.28,
            "eps_growth_yearly": 404.01
        },
        "20163": {
            "year_quarter": 20163,
            "year": 2016,
            "quarter": 3,
            "eps": -0.15,
            "eps_growth_year": -157.69,
            "eps_4q": 0.85,
            "eps_4q_growth_year": -43.92,
            "roe": -0.59,
            "roe_4q": 3.22,
            "gross_profit": 2498,
            "gross_margin": 5.03,
            "gross_margin_4q_avg": 21.36,
            "net_income": -3474,
            "net_income_4q": null,
            "revenue": 49637,
            "revenue_4q": null,
            "common_shares": 225760,
            "book_valuer_per_share": 25.81,
            "book_valuer_per_share_4q_avg": 26.2,
            "equity": 582718,
            "current_ratio": 312.12,
            "debt_ratio": 29.61,
            "inventory_turnover_ratio": 36.21,
            "account_receivable_turnover_ratio": 6.93,
            "reinvestment_rate": 87.82,
            "research_to_sale_ratio": null,
            "price_fair": 44.26,
            "eps_avg_yearly": 1.26,
            "eps_latest_yearly": 0.28,
            "eps_growth_yearly": 460.16
        },
        "20164": {
            "year_quarter": 20164,
            "year": 2016,
            "quarter": 4,
            "eps": 0.22,
            "eps_growth_year": -56.68,
            "eps_4q": 0.56,
            "eps_4q_growth_year": -63.53,
            "roe": 0.85,
            "roe_4q": 2.13,
            "gross_profit": 14686,
            "gross_margin": 21.06,
            "gross_margin_4q_avg": 18.44,
            "net_income": 4947,
            "net_income_4q": null,
            "revenue": 69719,
            "revenue_4q": null,
            "common_shares": 225760,
            "book_valuer_per_share": 26.04,
            "book_valuer_per_share_4q_avg": 26.15,
            "equity": 587936,
            "current_ratio": 305.93,
            "debt_ratio": 29.23,
            "inventory_turnover_ratio": 38.98,
            "account_receivable_turnover_ratio": 7.55,
            "reinvestment_rate": 87.6,
            "research_to_sale_ratio": null,
            "price_fair": 40.13,
            "eps_avg_yearly": 1.15,
            "eps_latest_yearly": 0.28,
            "eps_growth_yearly": 85.17
        },
        "20171": {
            "year_quarter": 20171,
            "year": 2017,
            "quarter": 1,
            "eps": 0.02,
            "eps_growth_year": -95.35,
            "eps_4q": 0.15,
            "eps_4q_growth_year": -89.36,
            "roe": 0.08,
            "roe_4q": 0.6,
            "gross_profit": 6879,
            "gross_margin": 12.52,
            "gross_margin_4q_avg": 14.25,
            "net_income": 464,
            "net_income_4q": null,
            "revenue": 54958,
            "revenue_4q": null,
            "common_shares": 225760,
            "book_valuer_per_share": 26.14,
            "book_valuer_per_share_4q_avg": 26.01,
            "equity": 590099,
            "current_ratio": 426.87,
            "debt_ratio": 23.09,
            "inventory_turnover_ratio": 34.53,
            "account_receivable_turnover_ratio": 6.28,
            "reinvestment_rate": 82.57,
            "research_to_sale_ratio": null,
            "price_fair": 38.38,
            "eps_avg_yearly": 1.1,
            "eps_latest_yearly": 0.08,
            "eps_growth_yearly": 79.74
        },
        "20172": {
            "year_quarter": 20172,
            "year": 2017,
            "quarter": 2,
            "eps": -0.08,
            "eps_growth_year": -214.29,
            "eps_4q": 0,
            "eps_4q_growth_year": -99.67,
            "roe": -0.32,
            "roe_4q": 0.020000000000000018,
            "gross_profit": 2617,
            "gross_margin": 5.3,
            "gross_margin_4q_avg": 10.98,
            "net_income": -1844,
            "net_income_4q": null,
            "revenue": 49340,
            "revenue_4q": null,
            "common_shares": 225760,
            "book_valuer_per_share": 25.56,
            "book_valuer_per_share_4q_avg": 25.89,
            "equity": 576991,
            "current_ratio": 400.41,
            "debt_ratio": 23.74,
            "inventory_turnover_ratio": 33.22,
            "account_receivable_turnover_ratio": 7.84,
            "reinvestment_rate": 72.19,
            "research_to_sale_ratio": null,
            "price_fair": 37.8,
            "eps_avg_yearly": 1.08,
            "eps_latest_yearly": 0.08,
            "eps_growth_yearly": 54.91
        },
        "20173": {
            "year_quarter": 20173,
            "year": 2017,
            "quarter": 3,
            "eps": 0.01,
            "eps_growth_year": null,
            "eps_4q": 0.17,
            "eps_4q_growth_year": -79.78,
            "roe": 0.05,
            "roe_4q": 0.6599999999999999,
            "gross_profit": -783,
            "gross_margin": -1.51,
            "gross_margin_4q_avg": 9.34,
            "net_income": 294,
            "net_income_4q": null,
            "revenue": 52019,
            "revenue_4q": null,
            "common_shares": 225760,
            "book_valuer_per_share": 25.47,
            "book_valuer_per_share_4q_avg": 25.8,
            "equity": 574971,
            "current_ratio": 449.36,
            "debt_ratio": 22.91,
            "inventory_turnover_ratio": 35.8,
            "account_receivable_turnover_ratio": 8.16,
            "reinvestment_rate": 65.19,
            "research_to_sale_ratio": null,
            "price_fair": 40.74,
            "eps_avg_yearly": 1.16,
            "eps_latest_yearly": 0.08,
            "eps_growth_yearly": 92.9
        },
        "20174": {
            "year_quarter": 20174,
            "year": 2017,
            "quarter": 4,
            "eps": 0.15,
            "eps_growth_year": -32.63,
            "eps_4q": 0.1,
            "eps_4q_growth_year": -82.2,
            "roe": 0.58,
            "roe_4q": 0.39,
            "gross_profit": 10454,
            "gross_margin": 15.94,
            "gross_margin_4q_avg": 8.06,
            "net_income": 3333,
            "net_income_4q": null,
            "revenue": 65575,
            "revenue_4q": null,
            "common_shares": 225760,
            "book_valuer_per_share": 25.77,
            "book_valuer_per_share_4q_avg": 25.74,
            "equity": 581807,
            "current_ratio": 452.72,
            "debt_ratio": 22.97,
            "inventory_turnover_ratio": 35.7,
            "account_receivable_turnover_ratio": 7.11,
            "reinvestment_rate": 34.93,
            "research_to_sale_ratio": null,
            "price_fair": 38.95,
            "eps_avg_yearly": 1.11,
            "eps_latest_yearly": 0.6,
            "eps_growth_yearly": 593.54
        },
        "20181": {
            "year_quarter": 20181,
            "year": 2018,
            "quarter": 1,
            "eps": -0.03,
            "eps_growth_year": -250,
            "eps_4q": 0.05,
            "eps_4q_growth_year": -65.51,
            "roe": -0.1,
            "roe_4q": 0.21000000000000002,
            "gross_profit": 4698,
            "gross_margin": 8.57,
            "gross_margin_4q_avg": 7.08,
            "net_income": -582,
            "net_income_4q": null,
            "revenue": 54810,
            "revenue_4q": null,
            "common_shares": 225760,
            "book_valuer_per_share": 25.79,
            "book_valuer_per_share_4q_avg": 25.65,
            "equity": 582126,
            "current_ratio": 356.97,
            "debt_ratio": 22.2,
            "inventory_turnover_ratio": 33.67,
            "account_receivable_turnover_ratio": 6.35,
            "reinvestment_rate": -45.92,
            "research_to_sale_ratio": null,
            "price_fair": 38.95,
            "eps_avg_yearly": 1.11,
            "eps_latest_yearly": 0.6,
            "eps_growth_yearly": 593.54
        },
        "20182": {
            "year_quarter": 20182,
            "year": 2018,
            "quarter": 2,
            "eps": -0.3,
            "eps_growth_year": null,
            "eps_4q": -0.16,
            "eps_4q_growth_year": -4078.9,
            "roe": -1.17,
            "roe_4q": -0.64,
            "gross_profit": -3399,
            "gross_margin": -7.29,
            "gross_margin_4q_avg": 3.93,
            "net_income": -6745,
            "net_income_4q": null,
            "revenue": 46609,
            "revenue_4q": null,
            "common_shares": 225760,
            "book_valuer_per_share": 25.4,
            "book_valuer_per_share_4q_avg": 25.61,
            "equity": 573325,
            "current_ratio": 129.4,
            "debt_ratio": 53.19,
            "inventory_turnover_ratio": 0.16,
            "account_receivable_turnover_ratio": 8.72,
            "reinvestment_rate": -123.83,
            "research_to_sale_ratio": null,
            "price_fair": 38.92,
            "eps_avg_yearly": 1.11,
            "eps_latest_yearly": 0.6,
            "eps_growth_yearly": 651.42
        },
        "20183": {
            "year_quarter": 20183,
            "year": 2018,
            "quarter": 3,
            "eps": -0.29,
            "eps_growth_year": -3000,
            "eps_4q": -0.47,
            "eps_4q_growth_year": -372.52,
            "roe": -1.15,
            "roe_4q": -1.8399999999999999,
            "gross_profit": -1367,
            "gross_margin": -2.55,
            "gross_margin_4q_avg": 3.67,
            "net_income": -6528,
            "net_income_4q": null,
            "revenue": 53672,
            "revenue_4q": null,
            "common_shares": 225760,
            "book_valuer_per_share": 25.08,
            "book_valuer_per_share_4q_avg": 25.51,
            "equity": 566297,
            "current_ratio": 170.01,
            "debt_ratio": 64.49,
            "inventory_turnover_ratio": 0.07,
            "account_receivable_turnover_ratio": 7.45,
            "reinvestment_rate": -217.09,
            "research_to_sale_ratio": null,
            "price_fair": 41.84,
            "eps_avg_yearly": 1.2,
            "eps_latest_yearly": 0.6,
            "eps_growth_yearly": 753.96
        },
        "20184": {
            "year_quarter": 20184,
            "year": 2018,
            "quarter": 4,
            "eps": 0.14,
            "eps_growth_year": -2.72,
            "eps_4q": -0.47,
            "eps_4q_growth_year": -569.9,
            "roe": 0.57,
            "roe_4q": -1.85,
            "gross_profit": 10583,
            "gross_margin": 16.38,
            "gross_margin_4q_avg": 3.78,
            "net_income": 3255,
            "net_income_4q": null,
            "revenue": 64601,
            "revenue_4q": null,
            "common_shares": 225760,
            "book_valuer_per_share": 25.14,
            "book_valuer_per_share_4q_avg": 25.35,
            "equity": 568896,
            "current_ratio": 117.93,
            "debt_ratio": 64.45,
            "inventory_turnover_ratio": 0.06,
            "account_receivable_turnover_ratio": 5.62,
            "reinvestment_rate": -275.82,
            "research_to_sale_ratio": null,
            "price_fair": 38.68,
            "eps_avg_yearly": 1.11,
            "eps_latest_yearly": 0.6,
            "eps_growth_yearly": 631.53
        },
        "20191": {
            "year_quarter": 20191,
            "year": 2019,
            "quarter": 1,
            "eps": 0.05,
            "eps_growth_year": null,
            "eps_4q": -0.19,
            "eps_4q_growth_year": -462.26,
            "roe": 0.24,
            "roe_4q": -1.5099999999999998,
            "gross_profit": 7949,
            "gross_margin": 14.04,
            "gross_margin_4q_avg": 5.15,
            "net_income": 1813,
            "net_income_4q": null,
            "revenue": 56614,
            "revenue_4q": null,
            "common_shares": 425760,
            "book_valuer_per_share": 21.46,
            "book_valuer_per_share_4q_avg": 24.27,
            "equity": 913674,
            "current_ratio": 161.26,
            "debt_ratio": 51.02,
            "inventory_turnover_ratio": 0.05,
            "account_receivable_turnover_ratio": 5.55,
            "reinvestment_rate": -355.74,
            "research_to_sale_ratio": null,
            "price_fair": 30.63,
            "eps_avg_yearly": 0.88,
            "eps_latest_yearly": 0.2,
            "eps_growth_yearly": 596.27
        },
        "20192": {
            "year_quarter": 20192,
            "year": 2019,
            "quarter": 2,
            "eps": 0,
            "eps_growth_year": null,
            "eps_4q": -0.03,
            "eps_4q_growth_year": null,
            "roe": 0.01,
            "roe_4q": -0.32999999999999996,
            "gross_profit": 5106,
            "gross_margin": 9.7,
            "gross_margin_4q_avg": 9.39,
            "net_income": 71,
            "net_income_4q": null,
            "revenue": 52665,
            "revenue_4q": null,
            "common_shares": 425760,
            "book_valuer_per_share": 21.7,
            "book_valuer_per_share_4q_avg": 23.35,
            "equity": 923860,
            "current_ratio": 164.79,
            "debt_ratio": 50.32,
            "inventory_turnover_ratio": 0.05,
            "account_receivable_turnover_ratio": 9.32,
            "reinvestment_rate": -473.13,
            "research_to_sale_ratio": null,
            "price_fair": 29.8,
            "eps_avg_yearly": 0.85,
            "eps_latest_yearly": 0.2,
            "eps_growth_yearly": 709.46
        },
        "20193": {
            "year_quarter": 20193,
            "year": 2019,
            "quarter": 3,
            "eps": -0.13,
            "eps_growth_year": null,
            "eps_4q": -0.01,
            "eps_4q_growth_year": null,
            "roe": -0.61,
            "roe_4q": 0.20999999999999996,
            "gross_profit": 3348,
            "gross_margin": 5.9,
            "gross_margin_4q_avg": 11.51,
            "net_income": -5617,
            "net_income_4q": null,
            "revenue": 56757,
            "revenue_4q": null,
            "common_shares": 425760,
            "book_valuer_per_share": 21.73,
            "book_valuer_per_share_4q_avg": 22.51,
            "equity": 924985,
            "current_ratio": 165.52,
            "debt_ratio": 50.14,
            "inventory_turnover_ratio": 0.05,
            "account_receivable_turnover_ratio": 8.95,
            "reinvestment_rate": -1063.85,
            "research_to_sale_ratio": null,
            "price_fair": 28.7,
            "eps_avg_yearly": 0.82,
            "eps_latest_yearly": 0.2,
            "eps_growth_yearly": 827.7
        },
        "20194": {
            "year_quarter": 20194,
            "year": 2019,
            "quarter": 4,
            "eps": 0.11,
            "eps_growth_year": -26.37,
            "eps_4q": 0.02,
            "eps_4q_growth_year": null,
            "roe": 0.48,
            "roe_4q": 0.11999999999999998,
            "gross_profit": 12260,
            "gross_margin": 19.19,
            "gross_margin_4q_avg": 12.21,
            "net_income": 4502,
            "net_income_4q": null,
            "revenue": 63872,
            "revenue_4q": null,
            "common_shares": 425760,
            "book_valuer_per_share": 22.02,
            "book_valuer_per_share_4q_avg": 21.73,
            "equity": 937651,
            "current_ratio": 165.18,
            "debt_ratio": 50.41,
            "inventory_turnover_ratio": 0.05,
            "account_receivable_turnover_ratio": 5.74,
            "reinvestment_rate": -2591.25,
            "research_to_sale_ratio": null,
            "price_fair": 20.16,
            "eps_avg_yearly": 0.58,
            "eps_latest_yearly": 0.2,
            "eps_growth_yearly": 916.32
        },
        "20201": {
            "year_quarter": 20201,
            "year": 2020,
            "quarter": 1,
            "eps": -1.88,
            "eps_growth_year": -3860,
            "eps_4q": -1.91,
            "eps_4q_growth_year": null,
            "roe": -9.08,
            "roe_4q": -9.2,
            "gross_profit": -1844,
            "gross_margin": -8.38,
            "gross_margin_4q_avg": 6.6,
            "net_income": -80217,
            "net_income_4q": null,
            "revenue": 22013,
            "revenue_4q": null,
            "common_shares": 425760,
            "book_valuer_per_share": 19.5,
            "book_valuer_per_share_4q_avg": 21.24,
            "equity": 830035,
            "current_ratio": 161.43,
            "debt_ratio": 53.86,
            "inventory_turnover_ratio": 0.02,
            "account_receivable_turnover_ratio": 2.8,
            "reinvestment_rate": null,
            "research_to_sale_ratio": null,
            "price_fair": 10.15,
            "eps_avg_yearly": 0.29,
            "eps_latest_yearly": 0.2,
            "eps_growth_yearly": 1161.08
        },
        "20202": {
            "year_quarter": 20202,
            "year": 2020,
            "quarter": 2,
            "eps": -0.64,
            "eps_growth_year": null,
            "eps_4q": -2.55,
            "eps_4q_growth_year": null,
            "roe": -3.34,
            "roe_4q": -12.549999999999999,
            "gross_profit": -412,
            "gross_margin": -55.98,
            "gross_margin_4q_avg": -9.82,
            "net_income": -27363,
            "net_income_4q": null,
            "revenue": 736,
            "revenue_4q": null,
            "common_shares": 425760,
            "book_valuer_per_share": 18.95,
            "book_valuer_per_share_4q_avg": 20.55,
            "equity": 806865,
            "current_ratio": 155.97,
            "debt_ratio": 55.83,
            "inventory_turnover_ratio": 0,
            "account_receivable_turnover_ratio": 0.47,
            "reinvestment_rate": null,
            "research_to_sale_ratio": null,
            "price_fair": 10.27,
            "eps_avg_yearly": 0.29,
            "eps_latest_yearly": 0.2,
            "eps_growth_yearly": 1659.74
        },
        "20203": {
            "year_quarter": 20203,
            "year": 2020,
            "quarter": 3,
            "eps": -0.09,
            "eps_growth_year": null,
            "eps_4q": -2.52,
            "eps_4q_growth_year": null,
            "roe": -0.51,
            "roe_4q": -12.45,
            "gross_profit": -274,
            "gross_margin": -219.2,
            "gross_margin_4q_avg": -66.09,
            "net_income": -4087,
            "net_income_4q": null,
            "revenue": 125,
            "revenue_4q": null,
            "common_shares": 425760,
            "book_valuer_per_share": 19,
            "book_valuer_per_share_4q_avg": 19.87,
            "equity": 809116,
            "current_ratio": 152.38,
            "debt_ratio": 57.05,
            "inventory_turnover_ratio": 0,
            "account_receivable_turnover_ratio": 0.11,
            "reinvestment_rate": null,
            "research_to_sale_ratio": null,
            "price_fair": 10.27,
            "eps_avg_yearly": 0.29,
            "eps_latest_yearly": 0.2,
            "eps_growth_yearly": 1659.74
        },
        "20204": {
            "year_quarter": 20204,
            "year": 2020,
            "quarter": 4,
            "eps": -0.25,
            "eps_growth_year": -340.97,
            "eps_4q": -2.79,
            "eps_4q_growth_year": -15538.1,
            "roe": -1.38,
            "roe_4q": -14.309999999999999,
            "gross_profit": -277,
            "gross_margin": -346.25,
            "gross_margin_4q_avg": -157.45,
            "net_income": -11230,
            "net_income_4q": null,
            "revenue": 80,
            "revenue_4q": null,
            "common_shares": 425760,
            "book_valuer_per_share": 18.66,
            "book_valuer_per_share_4q_avg": 19.03,
            "equity": 822358,
            "current_ratio": 149.11,
            "debt_ratio": 58.55,
            "inventory_turnover_ratio": 0,
            "account_receivable_turnover_ratio": 0.28,
            "reinvestment_rate": null,
            "research_to_sale_ratio": null,
            "price_fair": 10.27,
            "eps_avg_yearly": 0.29,
            "eps_latest_yearly": 0.2,
            "eps_growth_yearly": 1659.74
        },
        "20211": {
            "year_quarter": 20211,
            "year": 2021,
            "quarter": 1,
            "eps": -0.1,
            "eps_growth_year": null,
            "eps_4q": -0.68,
            "eps_4q_growth_year": null,
            "roe": -0.6,
            "roe_4q": -5.83,
            "gross_profit": 632,
            "gross_margin": 4.84,
            "gross_margin_4q_avg": -154.15,
            "net_income": -6400,
            "net_income_4q": null,
            "revenue": 13050,
            "revenue_4q": null,
            "common_shares": 725760,
            "book_valuer_per_share": 17.95,
            "book_valuer_per_share_4q_avg": 18.64,
            "equity": 1302969,
            "current_ratio": 192.43,
            "debt_ratio": 47.67,
            "inventory_turnover_ratio": 0.01,
            "account_receivable_turnover_ratio": null,
            "reinvestment_rate": null,
            "research_to_sale_ratio": null,
            "price_fair": 14,
            "eps_avg_yearly": 0.4,
            "eps_latest_yearly": 0.2,
            "eps_growth_yearly": 2671.43
        },
        "20212": {
            "year_quarter": 20212,
            "year": 2021,
            "quarter": 2,
            "eps": -0.11,
            "eps_growth_year": null,
            "eps_4q": -0.41,
            "eps_4q_growth_year": null,
            "roe": -0.63,
            "roe_4q": -3.12,
            "gross_profit": 486,
            "gross_margin": 4.75,
            "gross_margin_4q_avg": -138.97,
            "net_income": -8210,
            "net_income_4q": null,
            "revenue": 10229,
            "revenue_4q": null,
            "common_shares": 725760,
            "book_valuer_per_share": 17.76,
            "book_valuer_per_share_4q_avg": 18.34,
            "equity": 1289164,
            "current_ratio": 183.09,
            "debt_ratio": 50.15,
            "inventory_turnover_ratio": 0.01,
            "account_receivable_turnover_ratio": 1.04,
            "reinvestment_rate": null,
            "research_to_sale_ratio": null,
            "price_fair": 14,
            "eps_avg_yearly": 0.4,
            "eps_latest_yearly": 0.2,
            "eps_growth_yearly": 2671.43
        },
        "20213": {
            "year_quarter": 20213,
            "year": 2021,
            "quarter": 3,
            "eps": -0.07,
            "eps_growth_year": null,
            "eps_4q": -0.42,
            "eps_4q_growth_year": null,
            "roe": -0.38,
            "roe_4q": -2.9899999999999998,
            "gross_profit": 761,
            "gross_margin": 4.76,
            "gross_margin_4q_avg": -82.98,
            "net_income": -4903,
            "net_income_4q": null,
            "revenue": 16000,
            "revenue_4q": null,
            "common_shares": 725760,
            "book_valuer_per_share": 17.72,
            "book_valuer_per_share_4q_avg": 18.02,
            "equity": 1285875,
            "current_ratio": 165.44,
            "debt_ratio": 55.59,
            "inventory_turnover_ratio": 0.01,
            "account_receivable_turnover_ratio": 0.67,
            "reinvestment_rate": null,
            "research_to_sale_ratio": null,
            "price_fair": 14,
            "eps_avg_yearly": 0.4,
            "eps_latest_yearly": 0.2,
            "eps_growth_yearly": 2671.43
        },
        "20214": {
            "year_quarter": 20214,
            "year": 2021,
            "quarter": 4,
            "eps": -0.27,
            "eps_growth_year": null,
            "eps_4q": -0.53,
            "eps_4q_growth_year": null,
            "roe": -1.51,
            "roe_4q": -3.12,
            "gross_profit": 1278,
            "gross_margin": 4.77,
            "gross_margin_4q_avg": 4.78,
            "net_income": -19259,
            "net_income_4q": null,
            "revenue": 26809,
            "revenue_4q": null,
            "common_shares": 725760,
            "book_valuer_per_share": 17.46,
            "book_valuer_per_share_4q_avg": 17.72,
            "equity": 1267488,
            "current_ratio": 166.65,
            "debt_ratio": 55.06,
            "inventory_turnover_ratio": 0.01,
            "account_receivable_turnover_ratio": 1.62,
            "reinvestment_rate": null,
            "research_to_sale_ratio": null,
            "price_fair": 0.6,
            "eps_avg_yearly": 0.2,
            "eps_latest_yearly": 0.2,
            "eps_growth_yearly": -257.14
        },
        "20221": {
            "year_quarter": 20221,
            "year": 2022,
            "quarter": 1,
            "eps": -0.12,
            "eps_growth_year": null,
            "eps_4q": -0.5,
            "eps_4q_growth_year": null,
            "roe": -0.68,
            "roe_4q": -3.1999999999999997,
            "gross_profit": 1050,
            "gross_margin": 4.76,
            "gross_margin_4q_avg": 4.76,
            "net_income": -9680,
            "net_income_4q": null,
            "revenue": 22050,
            "revenue_4q": null,
            "common_shares": 845760,
            "book_valuer_per_share": 18.72,
            "book_valuer_per_share_4q_avg": 17.92,
            "equity": 1583027,
            "current_ratio": 187.97,
            "debt_ratio": 48.68,
            "inventory_turnover_ratio": 0.01,
            "account_receivable_turnover_ratio": 4.48,
            "reinvestment_rate": null,
            "research_to_sale_ratio": null,
            "price_fair": 0.6,
            "eps_avg_yearly": 0.2,
            "eps_latest_yearly": 0.2,
            "eps_growth_yearly": -257.14
        },
        "20222": {
            "year_quarter": 20222,
            "year": 2022,
            "quarter": 2,
            "eps": -0.1,
            "eps_growth_year": null,
            "eps_4q": -0.5,
            "eps_4q_growth_year": null,
            "roe": -0.53,
            "roe_4q": -3.0999999999999996,
            "gross_profit": 1246,
            "gross_margin": 4.76,
            "gross_margin_4q_avg": 4.76,
            "net_income": -8427,
            "net_income_4q": null,
            "revenue": 26161,
            "revenue_4q": null,
            "common_shares": 845760,
            "book_valuer_per_share": 18.6,
            "book_valuer_per_share_4q_avg": 18.13,
            "equity": 1573044,
            "current_ratio": 155.53,
            "debt_ratio": 58.74,
            "inventory_turnover_ratio": 0.01,
            "account_receivable_turnover_ratio": 2.28,
            "reinvestment_rate": null,
            "research_to_sale_ratio": null,
            "price_fair": 0.6,
            "eps_avg_yearly": 0.2,
            "eps_latest_yearly": 0.2,
            "eps_growth_yearly": -257.14
        },
        "20223": {
            "year_quarter": 20223,
            "year": 2022,
            "quarter": 3,
            "eps": -0.19,
            "eps_growth_year": null,
            "eps_4q": -0.61,
            "eps_4q_growth_year": null,
            "roe": -0.89,
            "roe_4q": -3.6100000000000003,
            "gross_profit": 769,
            "gross_margin": 3.24,
            "gross_margin_4q_avg": 4.38,
            "net_income": -13904,
            "net_income_4q": null,
            "revenue": 23749,
            "revenue_4q": null,
            "common_shares": 845760,
            "book_valuer_per_share": 18.4,
            "book_valuer_per_share_4q_avg": 18.3,
            "equity": 1556557,
            "current_ratio": 145.87,
            "debt_ratio": 62.92,
            "inventory_turnover_ratio": 0.01,
            "account_receivable_turnover_ratio": 1.33,
            "reinvestment_rate": null,
            "research_to_sale_ratio": null,
            "price_fair": 0.6,
            "eps_avg_yearly": 0.2,
            "eps_latest_yearly": 0.2,
            "eps_growth_yearly": -257.14
        },
        "20224": {
            "year_quarter": 20224,
            "year": 2022,
            "quarter": 4,
            "eps": -0.19,
            "eps_growth_year": null,
            "eps_4q": -0.57,
            "eps_4q_growth_year": null,
            "roe": -1.03,
            "roe_4q": -3.1300000000000003,
            "gross_profit": 930,
            "gross_margin": 4.5,
            "gross_margin_4q_avg": 4.32,
            "net_income": -15923,
            "net_income_4q": null,
            "revenue": 20653,
            "revenue_4q": null,
            "common_shares": 845760,
            "book_valuer_per_share": 18.22,
            "book_valuer_per_share_4q_avg": 18.49,
            "equity": 1540828,
            "current_ratio": 144.78,
            "debt_ratio": 63.37,
            "inventory_turnover_ratio": 0.01,
            "account_receivable_turnover_ratio": 1.52,
            "reinvestment_rate": null,
            "research_to_sale_ratio": null,
            "price_fair": 0.6,
            "eps_avg_yearly": 0.2,
            "eps_latest_yearly": 0.2,
            "eps_growth_yearly": -257.14
        },
        "20231": {
            "year_quarter": 20231,
            "year": 2023,
            "quarter": 1,
            "eps": 3.03,
            "eps_growth_year": null,
            "eps_4q": 2.58,
            "eps_4q_growth_year": null,
            "roe": 15.35,
            "roe_4q": 12.9,
            "gross_profit": 374294,
            "gross_margin": 46.65,
            "gross_margin_4q_avg": 14.79,
            "net_income": 256093,
            "net_income_4q": null,
            "revenue": 802260,
            "revenue_4q": null,
            "common_shares": 845760,
            "book_valuer_per_share": 21.24,
            "book_valuer_per_share_4q_avg": 19.12,
            "equity": 1796170,
            "current_ratio": 160.81,
            "debt_ratio": 57.5,
            "inventory_turnover_ratio": 0.17,
            "account_receivable_turnover_ratio": 72.97,
            "reinvestment_rate": -218.3,
            "research_to_sale_ratio": null,
            "price_fair": 0,
            "eps_avg_yearly": 0,
            "eps_latest_yearly": 0,
            "eps_growth_yearly": 0
        },
        "20232": {
            "year_quarter": 20232,
            "year": 2023,
            "quarter": 2,
            "eps": 3.4,
            "eps_growth_year": null,
            "eps_4q": 5.89,
            "eps_4q_growth_year": null,
            "roe": 14.45,
            "roe_4q": 27.879999999999995,
            "gross_profit": 427321,
            "gross_margin": 47.2,
            "gross_margin_4q_avg": 25.4,
            "net_income": 289445,
            "net_income_4q": null,
            "revenue": 905345,
            "revenue_4q": null,
            "common_shares": 875760,
            "book_valuer_per_share": 25.22,
            "book_valuer_per_share_4q_avg": 20.77,
            "equity": 2208850,
            "current_ratio": 232.83,
            "debt_ratio": 40.85,
            "inventory_turnover_ratio": 0.21,
            "account_receivable_turnover_ratio": 73.1,
            "reinvestment_rate": -27.5,
            "research_to_sale_ratio": null,
            "price_fair": 476,
            "eps_avg_yearly": 13.6,
            "eps_latest_yearly": 13.6,
            "eps_growth_yearly": 48.84
        },
        "20233": {
            "year_quarter": 20233,
            "year": 2023,
            "quarter": 3,
            "eps": 1.04,
            "eps_growth_year": null,
            "eps_4q": 7.09,
            "eps_4q_growth_year": null,
            "roe": 4.04,
            "roe_4q": 32.809999999999995,
            "gross_profit": 138351,
            "gross_margin": 58.3,
            "gross_margin_4q_avg": 39.16,
            "net_income": 91196,
            "net_income_4q": null,
            "revenue": 237303,
            "revenue_4q": null,
            "common_shares": 875760,
            "book_valuer_per_share": 26.3,
            "book_valuer_per_share_4q_avg": 22.75,
            "equity": 2303049,
            "current_ratio": 192.91,
            "debt_ratio": 48.84,
            "inventory_turnover_ratio": 0.05,
            "account_receivable_turnover_ratio": 24.28,
            "reinvestment_rate": -19.54,
            "research_to_sale_ratio": null,
            "price_fair": 26.64,
            "eps_avg_yearly": 8.88,
            "eps_latest_yearly": 4.16,
            "eps_growth_yearly": -114.4
        },
        "20234": {
            "year_quarter": 20234,
            "year": 2023,
            "quarter": 4,
            "eps": 0.51,
            "eps_growth_year": null,
            "eps_4q": 7.78,
            "eps_4q_growth_year": null,
            "roe": 1.92,
            "roe_4q": 35.76,
            "gross_profit": 130637,
            "gross_margin": 56.63,
            "gross_margin_4q_avg": 52.2,
            "net_income": 44848,
            "net_income_4q": null,
            "revenue": 230668,
            "revenue_4q": null,
            "common_shares": 875760,
            "book_valuer_per_share": 27.04,
            "book_valuer_per_share_4q_avg": 24.95,
            "equity": 2367795,
            "current_ratio": 221.34,
            "debt_ratio": 46.51,
            "inventory_turnover_ratio": 0.04,
            "account_receivable_turnover_ratio": 56.34,
            "reinvestment_rate": -92,
            "research_to_sale_ratio": null,
            "price_fair": 19.8,
            "eps_avg_yearly": 6.6,
            "eps_latest_yearly": 2.04,
            "eps_growth_yearly": -144.22
        }
    },
    "months": {
        "2007-01": {
            "month": "2007-01",
            "price": "39.13",
            "revenue": 18191
        },
        "2007-02": {
            "month": "2007-02",
            "price": "43.18",
            "revenue": 18058
        },
        "2007-03": {
            "month": "2007-03",
            "price": "41.65",
            "revenue": 19644
        },
        "2007-04": {
            "month": "2007-04",
            "price": "40.80",
            "revenue": 18929
        },
        "2007-05": {
            "month": "2007-05",
            "price": "40.60",
            "revenue": 17732
        },
        "2007-07": {
            "month": "2007-07",
            "price": "34.74",
            "revenue": 14164
        },
        "2007-08": {
            "month": "2007-08",
            "price": "37.40",
            "revenue": 12671
        },
        "2007-11": {
            "month": "2007-11",
            "price": "36.33",
            "revenue": 17806
        },
        "2007-12": {
            "month": "2007-12",
            "price": "34.76",
            "revenue": 22637
        },
        "2008-01": {
            "month": "2008-01",
            "price": "32.98",
            "revenue": 26601
        },
        "2008-02": {
            "month": "2008-02",
            "price": "33.04",
            "revenue": 16608
        },
        "2008-03": {
            "month": "2008-03",
            "price": "33.45",
            "revenue": 14484
        },
        "2008-04": {
            "month": "2008-04",
            "price": "33.25",
            "revenue": 15975
        },
        "2008-05": {
            "month": "2008-05",
            "price": "32.00",
            "revenue": 19520
        },
        "2008-06": {
            "month": "2008-06",
            "price": "34.30",
            "revenue": 17021
        },
        "2008-08": {
            "month": "2008-08",
            "price": "30.64",
            "revenue": 14168
        },
        "2008-09": {
            "month": "2008-09",
            "price": "29.19",
            "revenue": 17606
        },
        "2009-02": {
            "month": "2009-02",
            "price": "16.92",
            "revenue": 11571
        },
        "2009-03": {
            "month": "2009-03",
            "price": "21.88",
            "revenue": 19210
        },
        "2009-04": {
            "month": "2009-04",
            "price": "25.30",
            "revenue": 16984
        },
        "2009-05": {
            "month": "2009-05",
            "price": "23.80",
            "revenue": 17479
        },
        "2009-07": {
            "month": "2009-07",
            "price": "26.13",
            "revenue": 11575
        },
        "2009-08": {
            "month": "2009-08",
            "price": "28.20",
            "revenue": 15624
        },
        "2009-09": {
            "month": "2009-09",
            "price": "27.70",
            "revenue": 13943
        },
        "2010-01": {
            "month": "2010-01",
            "price": "26.12",
            "revenue": 21595
        },
        "2010-02": {
            "month": "2010-02",
            "price": "23.48",
            "revenue": 15884
        },
        "2010-03": {
            "month": "2010-03",
            "price": "23.56",
            "revenue": 18854
        },
        "2010-04": {
            "month": "2010-04",
            "price": "22.33",
            "revenue": 17998
        },
        "2010-06": {
            "month": "2010-06",
            "price": "23.00",
            "revenue": 19119
        },
        "2010-07": {
            "month": "2010-07",
            "price": "22.89",
            "revenue": 17860
        },
        "2010-08": {
            "month": "2010-08",
            "price": "26.60",
            "revenue": 13835
        },
        "2010-09": {
            "month": "2010-09",
            "price": "29.83",
            "revenue": 18939
        },
        "2010-10": {
            "month": "2010-10",
            "price": "35.24",
            "revenue": 21813
        },
        "2010-11": {
            "month": "2010-11",
            "price": "36.52",
            "revenue": 20491
        },
        "2010-12": {
            "month": "2010-12",
            "price": "38.26",
            "revenue": 21962
        },
        "2011-01": {
            "month": "2011-01",
            "price": "40.03",
            "revenue": 23982
        },
        "2011-02": {
            "month": "2011-02",
            "price": "42.54",
            "revenue": 18094
        },
        "2011-03": {
            "month": "2011-03",
            "price": "37.17",
            "revenue": 20688
        },
        "2011-04": {
            "month": "2011-04",
            "price": "37.89",
            "revenue": 19519
        },
        "2011-05": {
            "month": "2011-05",
            "price": "39.96",
            "revenue": 20360
        },
        "2011-06": {
            "month": "2011-06",
            "price": "39.44",
            "revenue": 21021
        },
        "2011-07": {
            "month": "2011-07",
            "price": "38.14",
            "revenue": 18029
        },
        "2011-08": {
            "month": "2011-08",
            "price": "37.53",
            "revenue": 16309
        },
        "2011-09": {
            "month": "2011-09",
            "price": "36.48",
            "revenue": 17133
        },
        "2011-10": {
            "month": "2011-10",
            "price": "36.58",
            "revenue": 25798
        },
        "2011-11": {
            "month": "2011-11",
            "price": "36.78",
            "revenue": 26719
        },
        "2011-12": {
            "month": "2011-12",
            "price": "36.88",
            "revenue": 22240
        },
        "2012-01": {
            "month": "2012-01",
            "price": "37.10",
            "revenue": 20332
        },
        "2012-02": {
            "month": "2012-02",
            "price": "37.75",
            "revenue": 18621
        },
        "2012-03": {
            "month": "2012-03",
            "price": "37.69",
            "revenue": 22413
        },
        "2012-04": {
            "month": "2012-04",
            "price": "45.96",
            "revenue": 18792
        },
        "2012-05": {
            "month": "2012-05",
            "price": "43.83",
            "revenue": 19828
        },
        "2012-06": {
            "month": "2012-06",
            "price": "43.39",
            "revenue": 21594
        },
        "2012-07": {
            "month": "2012-07",
            "price": "43.99",
            "revenue": 20972
        },
        "2012-08": {
            "month": "2012-08",
            "price": "45.12",
            "revenue": 19709
        },
        "2012-09": {
            "month": "2012-09",
            "price": "46.68",
            "revenue": 16992
        },
        "2012-10": {
            "month": "2012-10",
            "price": "46.09",
            "revenue": 24500
        },
        "2012-11": {
            "month": "2012-11",
            "price": "45.36",
            "revenue": 27370
        },
        "2012-12": {
            "month": "2012-12",
            "price": "44.34",
            "revenue": 27901
        },
        "2013-01": {
            "month": "2013-01",
            "price": "44.54",
            "revenue": 20351
        },
        "2013-02": {
            "month": "2013-02",
            "price": "54.50",
            "revenue": 19018
        },
        "2013-03": {
            "month": "2013-03",
            "price": "53.99",
            "revenue": 21877
        },
        "2013-04": {
            "month": "2013-04",
            "price": "51.67",
            "revenue": 22391
        },
        "2013-05": {
            "month": "2013-05",
            "price": "53.10",
            "revenue": 20983
        },
        "2013-06": {
            "month": "2013-06",
            "price": "46.55",
            "revenue": 21362
        },
        "2013-07": {
            "month": "2013-07",
            "price": "45.09",
            "revenue": 19968
        },
        "2013-08": {
            "month": "2013-08",
            "price": "50.60",
            "revenue": 18081
        },
        "2013-09": {
            "month": "2013-09",
            "price": "49.77",
            "revenue": 19666
        },
        "2013-10": {
            "month": "2013-10",
            "price": "48.94",
            "revenue": 20619
        },
        "2013-11": {
            "month": "2013-11",
            "price": "46.66",
            "revenue": 23077
        },
        "2013-12": {
            "month": "2013-12",
            "price": "45.60",
            "revenue": 23557
        },
        "2014-01": {
            "month": "2014-01",
            "price": "46.63",
            "revenue": 21796
        },
        "2014-02": {
            "month": "2014-02",
            "price": "46.90",
            "revenue": 20742
        },
        "2014-03": {
            "month": "2014-03",
            "price": "46.52",
            "revenue": 23364
        },
        "2014-04": {
            "month": "2014-04",
            "price": "45.49",
            "revenue": 22938
        },
        "2014-05": {
            "month": "2014-05",
            "price": "43.39",
            "revenue": 21858
        },
        "2014-06": {
            "month": "2014-06",
            "price": "43.04",
            "revenue": 22652
        },
        "2014-07": {
            "month": "2014-07",
            "price": "43.31",
            "revenue": 21252
        },
        "2014-08": {
            "month": "2014-08",
            "price": "38.36",
            "revenue": 22475
        },
        "2014-09": {
            "month": "2014-09",
            "price": "37.66",
            "revenue": 19940
        },
        "2014-10": {
            "month": "2014-10",
            "price": "38.95",
            "revenue": 23811
        },
        "2014-11": {
            "month": "2014-11",
            "price": "39.38",
            "revenue": 23178
        },
        "2014-12": {
            "month": "2014-12",
            "price": "39.30",
            "revenue": 26800
        },
        "2015-01": {
            "month": "2015-01",
            "price": "39.14",
            "revenue": 24464
        },
        "2015-02": {
            "month": "2015-02",
            "price": "39.93",
            "revenue": 21613
        },
        "2015-03": {
            "month": "2015-03",
            "price": "39.76",
            "revenue": 22368
        },
        "2015-04": {
            "month": "2015-04",
            "price": "39.79",
            "revenue": 22878
        },
        "2015-05": {
            "month": "2015-05",
            "price": "41.52",
            "revenue": 25480
        },
        "2015-06": {
            "month": "2015-06",
            "price": "40.37",
            "revenue": 20225
        },
        "2015-07": {
            "month": "2015-07",
            "price": "37.99",
            "revenue": 26712
        },
        "2015-08": {
            "month": "2015-08",
            "price": "36.78",
            "revenue": 21889
        },
        "2015-09": {
            "month": "2015-09",
            "price": "32.60",
            "revenue": 18437
        },
        "2015-10": {
            "month": "2015-10",
            "price": "34.74",
            "revenue": 27944
        },
        "2015-11": {
            "month": "2015-11",
            "price": "35.42",
            "revenue": 23202
        },
        "2015-12": {
            "month": "2015-12",
            "price": "34.95",
            "revenue": 23001
        },
        "2016-01": {
            "month": "2016-01",
            "price": "32.95",
            "revenue": 27234
        },
        "2016-02": {
            "month": "2016-02",
            "price": "33.62",
            "revenue": 21972
        },
        "2016-03": {
            "month": "2016-03",
            "price": "32.11",
            "revenue": 23090
        },
        "2016-04": {
            "month": "2016-04",
            "price": "31.66",
            "revenue": 22964
        },
        "2016-05": {
            "month": "2016-05",
            "price": "30.47",
            "revenue": 23812
        },
        "2016-06": {
            "month": "2016-06",
            "price": "29.74",
            "revenue": 16624
        },
        "2016-07": {
            "month": "2016-07",
            "price": "29.04",
            "revenue": 17355
        },
        "2016-08": {
            "month": "2016-08",
            "price": "27.04",
            "revenue": 15706
        },
        "2016-09": {
            "month": "2016-09",
            "price": "27.63",
            "revenue": 16577
        },
        "2016-10": {
            "month": "2016-10",
            "price": "27.62",
            "revenue": 23772
        },
        "2016-11": {
            "month": "2016-11",
            "price": "27.93",
            "revenue": 22271
        },
        "2016-12": {
            "month": "2016-12",
            "price": "26.67",
            "revenue": 23676
        },
        "2017-01": {
            "month": "2017-01",
            "price": "26.35",
            "revenue": 22071
        },
        "2017-03": {
            "month": "2017-03",
            "price": "26.67",
            "revenue": 17563
        },
        "2017-05": {
            "month": "2017-05",
            "price": "26.00",
            "revenue": 15057
        },
        "2017-06": {
            "month": "2017-06",
            "price": "24.40",
            "revenue": 14910
        },
        "2017-07": {
            "month": "2017-07",
            "price": "23.28",
            "revenue": 16685
        },
        "2017-08": {
            "month": "2017-08",
            "price": "22.18",
            "revenue": 18049
        },
        "2017-09": {
            "month": "2017-09",
            "price": "23.26",
            "revenue": 17286
        },
        "2017-10": {
            "month": "2017-10",
            "price": "22.62",
            "revenue": 20414
        },
        "2017-11": {
            "month": "2017-11",
            "price": "24.67",
            "revenue": 20813
        },
        "2017-12": {
            "month": "2017-12",
            "price": "24.77",
            "revenue": 24348
        },
        "2018-01": {
            "month": "2018-01",
            "price": "25.23",
            "revenue": 21235
        },
        "2018-02": {
            "month": "2018-02",
            "price": "27.02",
            "revenue": 17431
        },
        "2018-03": {
            "month": "2018-03",
            "price": "27.05",
            "revenue": 16144
        },
        "2018-04": {
            "month": "2018-04",
            "price": "22.90",
            "revenue": 17265
        },
        "2018-05": {
            "month": "2018-05",
            "price": "20.77",
            "revenue": 15193
        },
        "2018-06": {
            "month": "2018-06",
            "price": "21.85",
            "revenue": 14150
        },
        "2018-07": {
            "month": "2018-07",
            "price": "24.13",
            "revenue": 16479
        },
        "2018-08": {
            "month": "2018-08",
            "price": "23.65",
            "revenue": 19001
        },
        "2018-09": {
            "month": "2018-09",
            "price": "22.03",
            "revenue": 18193
        },
        "2018-10": {
            "month": "2018-10",
            "price": "21.81",
            "revenue": 20186
        },
        "2018-11": {
            "month": "2018-11",
            "price": "20.85",
            "revenue": 19997
        },
        "2018-12": {
            "month": "2018-12",
            "price": "18.44",
            "revenue": 24417
        },
        "2019-01": {
            "month": "2019-01",
            "price": "16.23",
            "revenue": 20100
        },
        "2019-02": {
            "month": "2019-02",
            "price": "15.36",
            "revenue": 16751
        },
        "2019-03": {
            "month": "2019-03",
            "price": "16.55",
            "revenue": 19764
        },
        "2019-04": {
            "month": "2019-04",
            "price": "18.34",
            "revenue": 18361
        },
        "2019-05": {
            "month": "2019-05",
            "price": "19.08",
            "revenue": 17214
        },
        "2019-06": {
            "month": "2019-06",
            "price": "24.00",
            "revenue": 17090
        },
        "2019-07": {
            "month": "2019-07",
            "price": "22.48",
            "revenue": 16156
        },
        "2019-08": {
            "month": "2019-08",
            "price": "22.41",
            "revenue": 26652
        },
        "2019-09": {
            "month": "2019-09",
            "price": "22.63",
            "revenue": 13949
        },
        "2019-10": {
            "month": "2019-10",
            "price": "22.15",
            "revenue": 21036
        },
        "2019-11": {
            "month": "2019-11",
            "price": "21.75",
            "revenue": 20499
        },
        "2019-12": {
            "month": "2019-12",
            "price": "19.89",
            "revenue": 22338
        },
        "2020-01": {
            "month": "2020-01",
            "price": "19.91",
            "revenue": 26045
        },
        "2020-02": {
            "month": "2020-02",
            "price": "18.19",
            "revenue": 4912
        },
        "2020-03": {
            "month": "2020-03",
            "price": "14.82",
            "revenue": 2252
        },
        "2020-04": {
            "month": "2020-04",
            "price": "16.58",
            "revenue": 1618
        },
        "2020-05": {
            "month": "2020-05",
            "price": "16.98",
            "revenue": 2088
        },
        "2020-06": {
            "month": "2020-06",
            "price": "17.74",
            "revenue": 2730
        },
        "2020-07": {
            "month": "2020-07",
            "price": "19.36",
            "revenue": 68
        },
        "2020-08": {
            "month": "2020-08",
            "price": "19.82",
            "revenue": 31
        },
        "2020-09": {
            "month": "2020-09",
            "price": "20.71",
            "revenue": 26
        },
        "2020-10": {
            "month": "2020-10",
            "price": "21.98",
            "revenue": 21
        },
        "2020-11": {
            "month": "2020-11",
            "price": "22.10",
            "revenue": 29
        },
        "2020-12": {
            "month": "2020-12",
            "price": "22.81",
            "revenue": 29
        },
        "2021-01": {
            "month": "2021-01",
            "price": "21.78",
            "revenue": 20
        },
        "2021-02": {
            "month": "2021-02",
            "price": "19.50",
            "revenue": 10545
        },
        "2021-03": {
            "month": "2021-03",
            "price": "27.31",
            "revenue": 2485
        },
        "2021-04": {
            "month": "2021-04",
            "price": "31.39",
            "revenue": 5167
        },
        "2021-05": {
            "month": "2021-05",
            "price": "28.94",
            "revenue": 4797
        },
        "2021-06": {
            "month": "2021-06",
            "price": "27.50",
            "revenue": 265
        },
        "2021-07": {
            "month": "2021-07",
            "price": "27.78",
            "revenue": 3467
        },
        "2021-08": {
            "month": "2021-08",
            "price": "28.14",
            "revenue": 7629
        },
        "2021-09": {
            "month": "2021-09",
            "price": "27.85",
            "revenue": 4904
        },
        "2021-10": {
            "month": "2021-10",
            "price": "27.56",
            "revenue": 9152
        },
        "2021-11": {
            "month": "2021-11",
            "price": "30.18",
            "revenue": 15128
        },
        "2021-12": {
            "month": "2021-12",
            "price": "34.36",
            "revenue": 2529
        },
        "2022-01": {
            "month": "2022-01",
            "price": "33.80",
            "revenue": 13615
        },
        "2022-02": {
            "month": "2022-02",
            "price": "34.84",
            "revenue": 3726
        },
        "2022-03": {
            "month": "2022-03",
            "price": "34.55",
            "revenue": 4709
        },
        "2022-04": {
            "month": "2022-04",
            "price": "33.50",
            "revenue": 9934
        },
        "2022-05": {
            "month": "2022-05",
            "price": "32.93",
            "revenue": 10876
        },
        "2022-06": {
            "month": "2022-06",
            "price": "33.52",
            "revenue": 5351
        },
        "2022-07": {
            "month": "2022-07",
            "price": "30.64",
            "revenue": 10048
        },
        "2022-08": {
            "month": "2022-08",
            "price": "33.41",
            "revenue": 6452
        },
        "2022-09": {
            "month": "2022-09",
            "price": "34.39",
            "revenue": 7250
        },
        "2022-10": {
            "month": "2022-10",
            "price": "33.89",
            "revenue": 7142
        },
        "2022-11": {
            "month": "2022-11",
            "price": "33.37",
            "revenue": 6278
        },
        "2022-12": {
            "month": "2022-12",
            "price": "33.58",
            "revenue": 7232
        },
        "2023-01": {
            "month": "2023-01",
            "price": "33.50",
            "revenue": 7368
        },
        "2023-02": {
            "month": "2023-02",
            "price": "35.11",
            "revenue": 7028
        },
        "2023-03": {
            "month": "2023-03",
            "price": "40.81",
            "revenue": 787865
        },
        "2023-04": {
            "month": "2023-04",
            "price": "48.59",
            "revenue": 556522
        },
        "2023-05": {
            "month": "2023-05",
            "price": "47.95",
            "revenue": 166596
        },
        "2023-06": {
            "month": "2023-06",
            "price": "48.47",
            "revenue": 182226
        },
        "2023-07": {
            "month": "2023-07",
            "price": "46.59",
            "revenue": 102875
        },
        "2023-08": {
            "month": "2023-08",
            "price": "46.79",
            "revenue": 49414
        },
        "2023-09": {
            "month": "2023-09",
            "price": "46.15",
            "revenue": 85014
        },
        "2023-10": {
            "month": "2023-10",
            "price": "45.19",
            "revenue": 68706
        },
        "2023-11": {
            "month": "2023-11",
            "price": "49.35",
            "revenue": 101360
        },
        "2023-12": {
            "month": "2023-12",
            "price": "52.54",
            "revenue": 60602
        },
        "2024-01": {
            "month": "2024-01",
            "price": "52.84",
            "revenue": 91349
        },
        "2024-02": {
            "month": "2024-02",
            "price": "62.20",
            "revenue": 88707
        }
    }
}
