{
    "summary": {
        "stock_name": "燦星旅",
        "stock_id": "2719",
        "category": "觀光餐旅",
        "main_business": "旅行業",
        "website_url": "http://www.startravel.com.tw",
        "ceo": "殳蓁蓁",
        "pe_ratio": -141,
        "report_year_from": 2007,
        "report_year_to": 2023,
        "age": 16,
        "eps_negative_percentage": 69,
        "eps_growth_avg": {
            "last_all": -1.75,
            "last_2y": null,
            "last_4y": null,
            "last_8y": -76.47,
            "last_12y": null,
            "last_16y": null,
            "last_20y": null,
            "at_2006_last_3y": null,
            "at_2007_last_3y": null,
            "at_2008_last_3y": null,
            "at_2009_last_3y": null,
            "at_2010_last_3y": null,
            "at_2011_last_3y": null,
            "at_2012_last_3y": null,
            "at_2013_last_3y": null,
            "at_2014_last_3y": null,
            "at_2015_last_3y": -1.75,
            "at_2016_last_3y": -17.65,
            "at_2017_last_3y": -76.47,
            "at_2018_last_3y": -100,
            "at_2019_last_3y": null,
            "at_2020_last_3y": null,
            "at_2021_last_3y": null,
            "at_2022_last_3y": null,
            "at_2023_last_3y": null,
            "at_2006_last_all": null,
            "at_2007_last_all": null,
            "at_2008_last_all": null,
            "at_2009_last_all": null,
            "at_2010_last_all": null,
            "at_2011_last_all": null,
            "at_2012_last_all": null,
            "at_2013_last_all": 72.97,
            "at_2014_last_all": 31,
            "at_2015_last_all": -1.75,
            "at_2016_last_all": -1.75,
            "at_2017_last_all": -1.75,
            "at_2018_last_all": -1.75,
            "at_2019_last_all": -1.75,
            "at_2020_last_all": -1.75,
            "at_2021_last_all": -1.75,
            "at_2022_last_all": -1.75,
            "at_2023_last_all": -1.75
        },
        "latest_eps": -0.46,
        "latest_price": 64.8,
        "latest_roe": -11.67,
        "latest_gross_margin": 8.24,
        "latest_equity": 505276,
        "latest_revenue": 244666,
        "latest_gross_profit": 20168,
        "latest_net_income": -6123,
        "latest_debt_ratio": 33.14,
        "latest_current_ratio": 338.03,
        "latest_account_receivable_turnover_ratio": 18.09,
        "latest_inventory_turnover_ratio": 4489.96,
        "latest_reinvestment_rate": null,
        "latest_research_to_sale_ratio": null
    },
    "eps_dividends": {
        "2001": {
            "cash": 0,
            "stock": 0,
            "eps": 0
        },
        "2002": {
            "cash": 0,
            "stock": 0,
            "eps": 0
        },
        "2003": {
            "cash": 0,
            "stock": 0,
            "eps": 0
        },
        "2004": {
            "cash": 0,
            "stock": 0,
            "eps": 0
        },
        "2005": {
            "cash": 0,
            "stock": 0,
            "eps": 0
        },
        "2006": {
            "cash": 0,
            "stock": 0,
            "eps": 0
        },
        "2007": {
            "cash": 0,
            "stock": 0,
            "eps": 0
        },
        "2008": {
            "cash": 0,
            "stock": 0,
            "eps": 0
        },
        "2009": {
            "cash": 0,
            "stock": 0,
            "eps": 0
        },
        "2010": {
            "cash": 0,
            "stock": 0,
            "eps": 0
        },
        "2011": {
            "cash": 1.63,
            "stock": 0,
            "eps": 0.37
        },
        "2012": {
            "cash": 0.1,
            "stock": 0.55,
            "eps": 0.54
        },
        "2013": {
            "cash": 0.35,
            "stock": 0,
            "eps": 1.7
        },
        "2014": {
            "cash": 1.56,
            "stock": 0,
            "eps": 0.8
        },
        "2015": {
            "cash": 0.72,
            "stock": 0,
            "eps": -0.43
        },
        "2016": {
            "cash": 0,
            "stock": 0,
            "eps": -1.78
        },
        "2017": {
            "cash": 0,
            "stock": 0,
            "eps": -3.31
        },
        "2018": {
            "cash": 0,
            "stock": 0,
            "eps": -2.96
        },
        "2019": {
            "cash": 0,
            "stock": 0,
            "eps": -4.8
        },
        "2020": {
            "cash": 0,
            "stock": 0,
            "eps": -4.1
        },
        "2021": {
            "cash": 0,
            "stock": 0,
            "eps": -1.32
        },
        "2022": {
            "cash": 0,
            "stock": 0,
            "eps": -1.24
        },
        "2023": {
            "cash": 0,
            "stock": 0,
            "eps": -0.07
        }
    },
    "dividends": {
        "2011-03-08": {
            "cash": 1.63,
            "stock": 0
        },
        "2012-03-08": {
            "cash": 0.1,
            "stock": 0.55
        },
        "2013-06-19": {
            "cash": 0.35,
            "stock": 0
        },
        "2014-08-08": {
            "cash": 1.56,
            "stock": 0
        },
        "2015-08-05": {
            "cash": 0.72,
            "stock": 0
        }
    },
    "prices": {
        "200101": "無",
        "200102": "無",
        "200103": "無",
        "200104": "無",
        "200105": "無",
        "200106": "無",
        "200107": "無",
        "200108": "無",
        "200109": "無",
        "200110": "無",
        "200111": "無",
        "200112": "無",
        "200201": "無",
        "200202": "無",
        "200203": "無",
        "200204": "無",
        "200205": "無",
        "200206": "無",
        "200207": "無",
        "200208": "無",
        "200209": "無",
        "200210": "無",
        "200211": "無",
        "200212": "無",
        "200301": "無",
        "200302": "無",
        "200303": "無",
        "200304": "無",
        "200305": "無",
        "200306": "無",
        "200307": "無",
        "200308": "無",
        "200309": "無",
        "200310": "無",
        "200311": "無",
        "200312": "無",
        "200401": "無",
        "200402": "無",
        "200403": "無",
        "200404": "無",
        "200405": "無",
        "200406": "無",
        "200407": "無",
        "200408": "無",
        "200409": "無",
        "200410": "無",
        "200411": "無",
        "200412": "無",
        "200501": "無",
        "200502": "無",
        "200503": "無",
        "200504": "無",
        "200505": "無",
        "200506": "無",
        "200507": "無",
        "200508": "無",
        "200509": "無",
        "200510": "無",
        "200511": "無",
        "200512": "無",
        "200601": "無",
        "200602": "無",
        "200603": "無",
        "200604": "無",
        "200605": "無",
        "200606": "無",
        "200607": "無",
        "200608": "無",
        "200609": "無",
        "200610": "無",
        "200611": "無",
        "200612": "無",
        "200701": "無",
        "200702": "無",
        "200703": "無",
        "200704": "無",
        "200705": "無",
        "200706": "無",
        "200707": "無",
        "200708": "無",
        "200709": "無",
        "200710": "無",
        "200711": "無",
        "200712": "無",
        "200801": "50.98",
        "200802": "42.43",
        "200803": "42.50",
        "200804": "42.59",
        "200805": "41.72",
        "200806": "38.97",
        "200807": "29.26",
        "200808": "20.47",
        "200809": "15.04",
        "200810": "12.69",
        "200811": "10.19",
        "200812": "9.78",
        "200901": "8.81",
        "200902": "9.90",
        "200903": "11.67",
        "200904": "33.57",
        "200905": "29.43",
        "200906": "27.25",
        "200907": "30.10",
        "200908": "28.58",
        "200909": "23.91",
        "200910": "18.60",
        "200911": "18.33",
        "200912": "21.72",
        "201001": "20.11",
        "201002": "20.55",
        "201003": "無",
        "201004": "23.02",
        "201005": "24.33",
        "201006": "26.86",
        "201007": "27.37",
        "201008": "29.67",
        "201009": "27.61",
        "201010": "30.20",
        "201011": "31.85",
        "201012": "36.70",
        "201101": "38.33",
        "201102": "37.37",
        "201103": "32.77",
        "201104": "30.76",
        "201105": "34.19",
        "201106": "36.73",
        "201107": "34.62",
        "201108": "30.85",
        "201109": "26.57",
        "201110": "25.69",
        "201111": "26.74",
        "201112": "26.02",
        "201201": "25.98",
        "201202": "59.80",
        "201203": "46.08",
        "201204": "35.29",
        "201205": "30.96",
        "201206": "27.80",
        "201207": "26.51",
        "201208": "26.13",
        "201209": "24.26",
        "201210": "24.60",
        "201211": "21.74",
        "201212": "22.28",
        "201301": "23.87",
        "201302": "25.41",
        "201303": "23.94",
        "201304": "21.10",
        "201305": "22.02",
        "201306": "22.64",
        "201307": "24.90",
        "201308": "28.03",
        "201309": "25.99",
        "201310": "25.55",
        "201311": "27.13",
        "201312": "37.41",
        "201401": "34.29",
        "201402": "32.78",
        "201403": "32.18",
        "201404": "30.83",
        "201405": "29.93",
        "201406": "30.36",
        "201407": "29.84",
        "201408": "25.61",
        "201409": "25.15",
        "201410": "23.43",
        "201411": "23.96",
        "201412": "24.02",
        "201501": "23.92",
        "201502": "23.30",
        "201503": "23.81",
        "201504": "24.03",
        "201505": "27.62",
        "201506": "26.20",
        "201507": "24.51",
        "201508": "19.45",
        "201509": "17.94",
        "201510": "18.49",
        "201511": "18.03",
        "201512": "16.88",
        "201601": "16.48",
        "201602": "16.90",
        "201603": "17.46",
        "201604": "17.81",
        "201605": "16.78",
        "201606": "15.65",
        "201607": "14.74",
        "201608": "14.74",
        "201609": "13.77",
        "201610": "13.60",
        "201611": "12.25",
        "201612": "11.62",
        "201701": "11.70",
        "201702": "12.05",
        "201703": "11.97",
        "201704": "11.96",
        "201705": "11.14",
        "201706": "11.77",
        "201707": "11.74",
        "201708": "10.82",
        "201709": "10.26",
        "201710": "9.95",
        "201711": "9.78",
        "201712": "9.42",
        "201801": "9.64",
        "201802": "9.33",
        "201803": "9.31",
        "201804": "8.91",
        "201805": "8.24",
        "201806": "7.84",
        "201807": "7.48",
        "201808": "7.41",
        "201809": "9.66",
        "201810": "9.34",
        "201811": "9.51",
        "201812": "9.32",
        "201901": "8.30",
        "201902": "8.28",
        "201903": "7.67",
        "201904": "6.59",
        "201905": "5.09",
        "201906": "4.06",
        "201907": "4.30",
        "201908": "3.68",
        "201909": "3.79",
        "201910": "6.00",
        "201911": "6.83",
        "201912": "5.87",
        "202001": "5.54",
        "202002": "5.06",
        "202003": "5.65",
        "202004": "6.59",
        "202005": "8.51",
        "202006": "17.85",
        "202007": "14.77",
        "202008": "13.06",
        "202009": "9.51",
        "202010": "9.03",
        "202011": "8.10",
        "202012": "8.13",
        "202101": "10.95",
        "202102": "11.60",
        "202103": "13.32",
        "202104": "12.49",
        "202105": "11.34",
        "202106": "11.52",
        "202107": "13.58",
        "202108": "12.55",
        "202109": "12.97",
        "202110": "12.78",
        "202111": "12.56",
        "202112": "12.33",
        "202201": "13.19",
        "202202": "14.79",
        "202203": "15.53",
        "202204": "14.48",
        "202205": "15.29",
        "202206": "14.92",
        "202207": "13.67",
        "202208": "23.03",
        "202209": "23.51",
        "202210": "22.63",
        "202211": "23.11",
        "202212": "34.59",
        "202301": "30.58",
        "202302": "41.06",
        "202303": "50.32",
        "202304": "48.98",
        "202305": "55.42",
        "202306": "93.68",
        "202307": "78.50",
        "202308": "66.57",
        "202309": "54.80",
        "202310": "63.94"
    },
    "quarters": {
        "20011": {
            "year_quarter": 20011,
            "year": 2001,
            "quarter": 1,
            "eps": null,
            "eps_growth_year": null,
            "eps_4q": null,
            "eps_4q_growth_year": null,
            "roe": null,
            "roe_4q": 0,
            "gross_profit": null,
            "gross_margin": null,
            "gross_margin_4q_avg": 0,
            "net_income": null,
            "net_income_4q": null,
            "revenue": null,
            "revenue_4q": null,
            "common_shares": null,
            "book_valuer_per_share": null,
            "book_valuer_per_share_4q_avg": 0,
            "equity": null,
            "current_ratio": null,
            "debt_ratio": null,
            "inventory_turnover_ratio": null,
            "account_receivable_turnover_ratio": null,
            "reinvestment_rate": null,
            "research_to_sale_ratio": null,
            "price_fair": 0,
            "eps_avg_yearly": 0,
            "eps_latest_yearly": 0,
            "eps_growth_yearly": 0
        },
        "20012": {
            "year_quarter": 20012,
            "year": 2001,
            "quarter": 2,
            "eps": null,
            "eps_growth_year": null,
            "eps_4q": null,
            "eps_4q_growth_year": null,
            "roe": null,
            "roe_4q": 0,
            "gross_profit": null,
            "gross_margin": null,
            "gross_margin_4q_avg": 0,
            "net_income": null,
            "net_income_4q": null,
            "revenue": null,
            "revenue_4q": null,
            "common_shares": null,
            "book_valuer_per_share": null,
            "book_valuer_per_share_4q_avg": 0,
            "equity": null,
            "current_ratio": null,
            "debt_ratio": null,
            "inventory_turnover_ratio": null,
            "account_receivable_turnover_ratio": null,
            "reinvestment_rate": null,
            "research_to_sale_ratio": null,
            "price_fair": 0,
            "eps_avg_yearly": 0,
            "eps_latest_yearly": 0,
            "eps_growth_yearly": 0
        },
        "20013": {
            "year_quarter": 20013,
            "year": 2001,
            "quarter": 3,
            "eps": null,
            "eps_growth_year": null,
            "eps_4q": null,
            "eps_4q_growth_year": null,
            "roe": null,
            "roe_4q": 0,
            "gross_profit": null,
            "gross_margin": null,
            "gross_margin_4q_avg": 0,
            "net_income": null,
            "net_income_4q": null,
            "revenue": null,
            "revenue_4q": null,
            "common_shares": null,
            "book_valuer_per_share": null,
            "book_valuer_per_share_4q_avg": 0,
            "equity": null,
            "current_ratio": null,
            "debt_ratio": null,
            "inventory_turnover_ratio": null,
            "account_receivable_turnover_ratio": null,
            "reinvestment_rate": null,
            "research_to_sale_ratio": null,
            "price_fair": 0,
            "eps_avg_yearly": 0,
            "eps_latest_yearly": 0,
            "eps_growth_yearly": 0
        },
        "20014": {
            "year_quarter": 20014,
            "year": 2001,
            "quarter": 4,
            "eps": null,
            "eps_growth_year": null,
            "eps_4q": null,
            "eps_4q_growth_year": null,
            "roe": null,
            "roe_4q": 0,
            "gross_profit": null,
            "gross_margin": null,
            "gross_margin_4q_avg": 0,
            "net_income": null,
            "net_income_4q": null,
            "revenue": null,
            "revenue_4q": null,
            "common_shares": null,
            "book_valuer_per_share": null,
            "book_valuer_per_share_4q_avg": 0,
            "equity": null,
            "current_ratio": null,
            "debt_ratio": null,
            "inventory_turnover_ratio": null,
            "account_receivable_turnover_ratio": null,
            "reinvestment_rate": null,
            "research_to_sale_ratio": null,
            "price_fair": 0,
            "eps_avg_yearly": 0,
            "eps_latest_yearly": 0,
            "eps_growth_yearly": 0
        },
        "20021": {
            "year_quarter": 20021,
            "year": 2002,
            "quarter": 1,
            "eps": null,
            "eps_growth_year": null,
            "eps_4q": null,
            "eps_4q_growth_year": null,
            "roe": null,
            "roe_4q": 0,
            "gross_profit": null,
            "gross_margin": null,
            "gross_margin_4q_avg": 0,
            "net_income": null,
            "net_income_4q": null,
            "revenue": null,
            "revenue_4q": null,
            "common_shares": null,
            "book_valuer_per_share": null,
            "book_valuer_per_share_4q_avg": 0,
            "equity": null,
            "current_ratio": null,
            "debt_ratio": null,
            "inventory_turnover_ratio": null,
            "account_receivable_turnover_ratio": null,
            "reinvestment_rate": null,
            "research_to_sale_ratio": null,
            "price_fair": 0,
            "eps_avg_yearly": 0,
            "eps_latest_yearly": 0,
            "eps_growth_yearly": 0
        },
        "20022": {
            "year_quarter": 20022,
            "year": 2002,
            "quarter": 2,
            "eps": null,
            "eps_growth_year": null,
            "eps_4q": null,
            "eps_4q_growth_year": null,
            "roe": null,
            "roe_4q": 0,
            "gross_profit": null,
            "gross_margin": null,
            "gross_margin_4q_avg": 0,
            "net_income": null,
            "net_income_4q": null,
            "revenue": null,
            "revenue_4q": null,
            "common_shares": null,
            "book_valuer_per_share": null,
            "book_valuer_per_share_4q_avg": 0,
            "equity": null,
            "current_ratio": null,
            "debt_ratio": null,
            "inventory_turnover_ratio": null,
            "account_receivable_turnover_ratio": null,
            "reinvestment_rate": null,
            "research_to_sale_ratio": null,
            "price_fair": 0,
            "eps_avg_yearly": 0,
            "eps_latest_yearly": 0,
            "eps_growth_yearly": 0
        },
        "20023": {
            "year_quarter": 20023,
            "year": 2002,
            "quarter": 3,
            "eps": null,
            "eps_growth_year": null,
            "eps_4q": null,
            "eps_4q_growth_year": null,
            "roe": null,
            "roe_4q": 0,
            "gross_profit": null,
            "gross_margin": null,
            "gross_margin_4q_avg": 0,
            "net_income": null,
            "net_income_4q": null,
            "revenue": null,
            "revenue_4q": null,
            "common_shares": null,
            "book_valuer_per_share": null,
            "book_valuer_per_share_4q_avg": 0,
            "equity": null,
            "current_ratio": null,
            "debt_ratio": null,
            "inventory_turnover_ratio": null,
            "account_receivable_turnover_ratio": null,
            "reinvestment_rate": null,
            "research_to_sale_ratio": null,
            "price_fair": 0,
            "eps_avg_yearly": 0,
            "eps_latest_yearly": 0,
            "eps_growth_yearly": 0
        },
        "20024": {
            "year_quarter": 20024,
            "year": 2002,
            "quarter": 4,
            "eps": null,
            "eps_growth_year": null,
            "eps_4q": null,
            "eps_4q_growth_year": null,
            "roe": null,
            "roe_4q": 0,
            "gross_profit": null,
            "gross_margin": null,
            "gross_margin_4q_avg": 0,
            "net_income": null,
            "net_income_4q": null,
            "revenue": null,
            "revenue_4q": null,
            "common_shares": null,
            "book_valuer_per_share": null,
            "book_valuer_per_share_4q_avg": 0,
            "equity": null,
            "current_ratio": null,
            "debt_ratio": null,
            "inventory_turnover_ratio": null,
            "account_receivable_turnover_ratio": null,
            "reinvestment_rate": null,
            "research_to_sale_ratio": null,
            "price_fair": 0,
            "eps_avg_yearly": 0,
            "eps_latest_yearly": 0,
            "eps_growth_yearly": 0
        },
        "20031": {
            "year_quarter": 20031,
            "year": 2003,
            "quarter": 1,
            "eps": null,
            "eps_growth_year": null,
            "eps_4q": null,
            "eps_4q_growth_year": null,
            "roe": null,
            "roe_4q": 0,
            "gross_profit": null,
            "gross_margin": null,
            "gross_margin_4q_avg": 0,
            "net_income": null,
            "net_income_4q": null,
            "revenue": null,
            "revenue_4q": null,
            "common_shares": null,
            "book_valuer_per_share": null,
            "book_valuer_per_share_4q_avg": 0,
            "equity": null,
            "current_ratio": null,
            "debt_ratio": null,
            "inventory_turnover_ratio": null,
            "account_receivable_turnover_ratio": null,
            "reinvestment_rate": null,
            "research_to_sale_ratio": null,
            "price_fair": 0,
            "eps_avg_yearly": 0,
            "eps_latest_yearly": 0,
            "eps_growth_yearly": 0
        },
        "20032": {
            "year_quarter": 20032,
            "year": 2003,
            "quarter": 2,
            "eps": null,
            "eps_growth_year": null,
            "eps_4q": null,
            "eps_4q_growth_year": null,
            "roe": null,
            "roe_4q": 0,
            "gross_profit": null,
            "gross_margin": null,
            "gross_margin_4q_avg": 0,
            "net_income": null,
            "net_income_4q": null,
            "revenue": null,
            "revenue_4q": null,
            "common_shares": null,
            "book_valuer_per_share": null,
            "book_valuer_per_share_4q_avg": 0,
            "equity": null,
            "current_ratio": null,
            "debt_ratio": null,
            "inventory_turnover_ratio": null,
            "account_receivable_turnover_ratio": null,
            "reinvestment_rate": null,
            "research_to_sale_ratio": null,
            "price_fair": 0,
            "eps_avg_yearly": 0,
            "eps_latest_yearly": 0,
            "eps_growth_yearly": 0
        },
        "20033": {
            "year_quarter": 20033,
            "year": 2003,
            "quarter": 3,
            "eps": null,
            "eps_growth_year": null,
            "eps_4q": null,
            "eps_4q_growth_year": null,
            "roe": null,
            "roe_4q": 0,
            "gross_profit": null,
            "gross_margin": null,
            "gross_margin_4q_avg": 0,
            "net_income": null,
            "net_income_4q": null,
            "revenue": null,
            "revenue_4q": null,
            "common_shares": null,
            "book_valuer_per_share": null,
            "book_valuer_per_share_4q_avg": 0,
            "equity": null,
            "current_ratio": null,
            "debt_ratio": null,
            "inventory_turnover_ratio": null,
            "account_receivable_turnover_ratio": null,
            "reinvestment_rate": null,
            "research_to_sale_ratio": null,
            "price_fair": 0,
            "eps_avg_yearly": 0,
            "eps_latest_yearly": 0,
            "eps_growth_yearly": 0
        },
        "20034": {
            "year_quarter": 20034,
            "year": 2003,
            "quarter": 4,
            "eps": null,
            "eps_growth_year": null,
            "eps_4q": null,
            "eps_4q_growth_year": null,
            "roe": null,
            "roe_4q": 0,
            "gross_profit": null,
            "gross_margin": null,
            "gross_margin_4q_avg": 0,
            "net_income": null,
            "net_income_4q": null,
            "revenue": null,
            "revenue_4q": null,
            "common_shares": 100000,
            "book_valuer_per_share": 7.06,
            "book_valuer_per_share_4q_avg": 1.77,
            "equity": 70650,
            "current_ratio": 1852.41,
            "debt_ratio": 4.22,
            "inventory_turnover_ratio": null,
            "account_receivable_turnover_ratio": null,
            "reinvestment_rate": null,
            "research_to_sale_ratio": null,
            "price_fair": 0,
            "eps_avg_yearly": 0,
            "eps_latest_yearly": 0,
            "eps_growth_yearly": 0
        },
        "20041": {
            "year_quarter": 20041,
            "year": 2004,
            "quarter": 1,
            "eps": null,
            "eps_growth_year": null,
            "eps_4q": null,
            "eps_4q_growth_year": null,
            "roe": null,
            "roe_4q": 0,
            "gross_profit": null,
            "gross_margin": null,
            "gross_margin_4q_avg": 0,
            "net_income": null,
            "net_income_4q": null,
            "revenue": null,
            "revenue_4q": null,
            "common_shares": null,
            "book_valuer_per_share": null,
            "book_valuer_per_share_4q_avg": 1.77,
            "equity": null,
            "current_ratio": null,
            "debt_ratio": null,
            "inventory_turnover_ratio": null,
            "account_receivable_turnover_ratio": null,
            "reinvestment_rate": null,
            "research_to_sale_ratio": null,
            "price_fair": 0,
            "eps_avg_yearly": 0,
            "eps_latest_yearly": 0,
            "eps_growth_yearly": 0
        },
        "20042": {
            "year_quarter": 20042,
            "year": 2004,
            "quarter": 2,
            "eps": null,
            "eps_growth_year": null,
            "eps_4q": null,
            "eps_4q_growth_year": null,
            "roe": null,
            "roe_4q": 0,
            "gross_profit": null,
            "gross_margin": null,
            "gross_margin_4q_avg": 0,
            "net_income": null,
            "net_income_4q": null,
            "revenue": null,
            "revenue_4q": null,
            "common_shares": null,
            "book_valuer_per_share": null,
            "book_valuer_per_share_4q_avg": 1.77,
            "equity": null,
            "current_ratio": null,
            "debt_ratio": null,
            "inventory_turnover_ratio": null,
            "account_receivable_turnover_ratio": null,
            "reinvestment_rate": null,
            "research_to_sale_ratio": null,
            "price_fair": 0,
            "eps_avg_yearly": 0,
            "eps_latest_yearly": 0,
            "eps_growth_yearly": 0
        },
        "20043": {
            "year_quarter": 20043,
            "year": 2004,
            "quarter": 3,
            "eps": null,
            "eps_growth_year": null,
            "eps_4q": null,
            "eps_4q_growth_year": null,
            "roe": null,
            "roe_4q": 0,
            "gross_profit": null,
            "gross_margin": null,
            "gross_margin_4q_avg": 0,
            "net_income": null,
            "net_income_4q": null,
            "revenue": null,
            "revenue_4q": null,
            "common_shares": null,
            "book_valuer_per_share": null,
            "book_valuer_per_share_4q_avg": 1.77,
            "equity": null,
            "current_ratio": null,
            "debt_ratio": null,
            "inventory_turnover_ratio": null,
            "account_receivable_turnover_ratio": null,
            "reinvestment_rate": null,
            "research_to_sale_ratio": null,
            "price_fair": 0,
            "eps_avg_yearly": 0,
            "eps_latest_yearly": 0,
            "eps_growth_yearly": 0
        },
        "20044": {
            "year_quarter": 20044,
            "year": 2004,
            "quarter": 4,
            "eps": null,
            "eps_growth_year": null,
            "eps_4q": null,
            "eps_4q_growth_year": null,
            "roe": null,
            "roe_4q": 0,
            "gross_profit": null,
            "gross_margin": null,
            "gross_margin_4q_avg": 0,
            "net_income": null,
            "net_income_4q": null,
            "revenue": null,
            "revenue_4q": null,
            "common_shares": 200000,
            "book_valuer_per_share": 6.68,
            "book_valuer_per_share_4q_avg": 1.67,
            "equity": 133609,
            "current_ratio": 2037.43,
            "debt_ratio": 8.37,
            "inventory_turnover_ratio": null,
            "account_receivable_turnover_ratio": null,
            "reinvestment_rate": null,
            "research_to_sale_ratio": null,
            "price_fair": 0,
            "eps_avg_yearly": 0,
            "eps_latest_yearly": 0,
            "eps_growth_yearly": 0
        },
        "20051": {
            "year_quarter": 20051,
            "year": 2005,
            "quarter": 1,
            "eps": null,
            "eps_growth_year": null,
            "eps_4q": null,
            "eps_4q_growth_year": null,
            "roe": null,
            "roe_4q": 0,
            "gross_profit": null,
            "gross_margin": null,
            "gross_margin_4q_avg": 0,
            "net_income": null,
            "net_income_4q": null,
            "revenue": null,
            "revenue_4q": null,
            "common_shares": null,
            "book_valuer_per_share": null,
            "book_valuer_per_share_4q_avg": 1.67,
            "equity": null,
            "current_ratio": null,
            "debt_ratio": null,
            "inventory_turnover_ratio": null,
            "account_receivable_turnover_ratio": null,
            "reinvestment_rate": null,
            "research_to_sale_ratio": null,
            "price_fair": 0,
            "eps_avg_yearly": 0,
            "eps_latest_yearly": 0,
            "eps_growth_yearly": 0
        },
        "20052": {
            "year_quarter": 20052,
            "year": 2005,
            "quarter": 2,
            "eps": null,
            "eps_growth_year": null,
            "eps_4q": null,
            "eps_4q_growth_year": null,
            "roe": null,
            "roe_4q": 0,
            "gross_profit": null,
            "gross_margin": null,
            "gross_margin_4q_avg": 0,
            "net_income": null,
            "net_income_4q": null,
            "revenue": null,
            "revenue_4q": null,
            "common_shares": null,
            "book_valuer_per_share": null,
            "book_valuer_per_share_4q_avg": 1.67,
            "equity": null,
            "current_ratio": null,
            "debt_ratio": null,
            "inventory_turnover_ratio": null,
            "account_receivable_turnover_ratio": null,
            "reinvestment_rate": null,
            "research_to_sale_ratio": null,
            "price_fair": 0,
            "eps_avg_yearly": 0,
            "eps_latest_yearly": 0,
            "eps_growth_yearly": 0
        },
        "20053": {
            "year_quarter": 20053,
            "year": 2005,
            "quarter": 3,
            "eps": null,
            "eps_growth_year": null,
            "eps_4q": null,
            "eps_4q_growth_year": null,
            "roe": null,
            "roe_4q": 0,
            "gross_profit": null,
            "gross_margin": null,
            "gross_margin_4q_avg": 0,
            "net_income": null,
            "net_income_4q": null,
            "revenue": null,
            "revenue_4q": null,
            "common_shares": null,
            "book_valuer_per_share": null,
            "book_valuer_per_share_4q_avg": 1.67,
            "equity": null,
            "current_ratio": null,
            "debt_ratio": null,
            "inventory_turnover_ratio": null,
            "account_receivable_turnover_ratio": null,
            "reinvestment_rate": null,
            "research_to_sale_ratio": null,
            "price_fair": 0,
            "eps_avg_yearly": 0,
            "eps_latest_yearly": 0,
            "eps_growth_yearly": 0
        },
        "20054": {
            "year_quarter": 20054,
            "year": 2005,
            "quarter": 4,
            "eps": null,
            "eps_growth_year": null,
            "eps_4q": null,
            "eps_4q_growth_year": null,
            "roe": null,
            "roe_4q": 0,
            "gross_profit": null,
            "gross_margin": null,
            "gross_margin_4q_avg": 0,
            "net_income": null,
            "net_income_4q": null,
            "revenue": null,
            "revenue_4q": null,
            "common_shares": 200000,
            "book_valuer_per_share": 6.86,
            "book_valuer_per_share_4q_avg": 1.72,
            "equity": 147791,
            "current_ratio": 105.6,
            "debt_ratio": 70.1,
            "inventory_turnover_ratio": null,
            "account_receivable_turnover_ratio": null,
            "reinvestment_rate": null,
            "research_to_sale_ratio": null,
            "price_fair": 0,
            "eps_avg_yearly": 0,
            "eps_latest_yearly": 0,
            "eps_growth_yearly": 0
        },
        "20061": {
            "year_quarter": 20061,
            "year": 2006,
            "quarter": 1,
            "eps": null,
            "eps_growth_year": null,
            "eps_4q": null,
            "eps_4q_growth_year": null,
            "roe": null,
            "roe_4q": 0,
            "gross_profit": null,
            "gross_margin": null,
            "gross_margin_4q_avg": 0,
            "net_income": null,
            "net_income_4q": null,
            "revenue": null,
            "revenue_4q": null,
            "common_shares": null,
            "book_valuer_per_share": null,
            "book_valuer_per_share_4q_avg": 1.72,
            "equity": null,
            "current_ratio": null,
            "debt_ratio": null,
            "inventory_turnover_ratio": null,
            "account_receivable_turnover_ratio": null,
            "reinvestment_rate": null,
            "research_to_sale_ratio": null,
            "price_fair": 0,
            "eps_avg_yearly": 0,
            "eps_latest_yearly": 0,
            "eps_growth_yearly": 0
        },
        "20062": {
            "year_quarter": 20062,
            "year": 2006,
            "quarter": 2,
            "eps": null,
            "eps_growth_year": null,
            "eps_4q": null,
            "eps_4q_growth_year": null,
            "roe": null,
            "roe_4q": 0,
            "gross_profit": null,
            "gross_margin": null,
            "gross_margin_4q_avg": 0,
            "net_income": null,
            "net_income_4q": null,
            "revenue": null,
            "revenue_4q": null,
            "common_shares": null,
            "book_valuer_per_share": null,
            "book_valuer_per_share_4q_avg": 1.72,
            "equity": null,
            "current_ratio": null,
            "debt_ratio": null,
            "inventory_turnover_ratio": null,
            "account_receivable_turnover_ratio": null,
            "reinvestment_rate": null,
            "research_to_sale_ratio": null,
            "price_fair": 0,
            "eps_avg_yearly": 0,
            "eps_latest_yearly": 0,
            "eps_growth_yearly": 0
        },
        "20063": {
            "year_quarter": 20063,
            "year": 2006,
            "quarter": 3,
            "eps": null,
            "eps_growth_year": null,
            "eps_4q": null,
            "eps_4q_growth_year": null,
            "roe": null,
            "roe_4q": 0,
            "gross_profit": null,
            "gross_margin": null,
            "gross_margin_4q_avg": 0,
            "net_income": null,
            "net_income_4q": null,
            "revenue": null,
            "revenue_4q": null,
            "common_shares": null,
            "book_valuer_per_share": null,
            "book_valuer_per_share_4q_avg": 1.72,
            "equity": null,
            "current_ratio": null,
            "debt_ratio": null,
            "inventory_turnover_ratio": null,
            "account_receivable_turnover_ratio": null,
            "reinvestment_rate": null,
            "research_to_sale_ratio": null,
            "price_fair": 0,
            "eps_avg_yearly": 0,
            "eps_latest_yearly": 0,
            "eps_growth_yearly": 0
        },
        "20064": {
            "year_quarter": 20064,
            "year": 2006,
            "quarter": 4,
            "eps": null,
            "eps_growth_year": null,
            "eps_4q": null,
            "eps_4q_growth_year": null,
            "roe": null,
            "roe_4q": 0,
            "gross_profit": null,
            "gross_margin": null,
            "gross_margin_4q_avg": 0,
            "net_income": null,
            "net_income_4q": null,
            "revenue": null,
            "revenue_4q": null,
            "common_shares": 138000,
            "book_valuer_per_share": 10.48,
            "book_valuer_per_share_4q_avg": 2.62,
            "equity": 151385,
            "current_ratio": 105.79,
            "debt_ratio": 71.35,
            "inventory_turnover_ratio": null,
            "account_receivable_turnover_ratio": null,
            "reinvestment_rate": null,
            "research_to_sale_ratio": null,
            "price_fair": 0,
            "eps_avg_yearly": 0,
            "eps_latest_yearly": 0,
            "eps_growth_yearly": 0
        },
        "20071": {
            "year_quarter": 20071,
            "year": 2007,
            "quarter": 1,
            "eps": null,
            "eps_growth_year": null,
            "eps_4q": null,
            "eps_4q_growth_year": null,
            "roe": null,
            "roe_4q": 0,
            "gross_profit": null,
            "gross_margin": null,
            "gross_margin_4q_avg": 0,
            "net_income": null,
            "net_income_4q": null,
            "revenue": null,
            "revenue_4q": null,
            "common_shares": null,
            "book_valuer_per_share": null,
            "book_valuer_per_share_4q_avg": 2.62,
            "equity": null,
            "current_ratio": null,
            "debt_ratio": null,
            "inventory_turnover_ratio": null,
            "account_receivable_turnover_ratio": null,
            "reinvestment_rate": null,
            "research_to_sale_ratio": null,
            "price_fair": 0,
            "eps_avg_yearly": 0,
            "eps_latest_yearly": 0,
            "eps_growth_yearly": 0
        },
        "20072": {
            "year_quarter": 20072,
            "year": 2007,
            "quarter": 2,
            "eps": null,
            "eps_growth_year": null,
            "eps_4q": null,
            "eps_4q_growth_year": null,
            "roe": null,
            "roe_4q": 0,
            "gross_profit": null,
            "gross_margin": null,
            "gross_margin_4q_avg": 0,
            "net_income": null,
            "net_income_4q": null,
            "revenue": null,
            "revenue_4q": null,
            "common_shares": null,
            "book_valuer_per_share": null,
            "book_valuer_per_share_4q_avg": 2.62,
            "equity": null,
            "current_ratio": null,
            "debt_ratio": null,
            "inventory_turnover_ratio": null,
            "account_receivable_turnover_ratio": null,
            "reinvestment_rate": null,
            "research_to_sale_ratio": null,
            "price_fair": 0,
            "eps_avg_yearly": 0,
            "eps_latest_yearly": 0,
            "eps_growth_yearly": 0
        },
        "20073": {
            "year_quarter": 20073,
            "year": 2007,
            "quarter": 3,
            "eps": null,
            "eps_growth_year": null,
            "eps_4q": null,
            "eps_4q_growth_year": null,
            "roe": null,
            "roe_4q": 0,
            "gross_profit": null,
            "gross_margin": null,
            "gross_margin_4q_avg": 0,
            "net_income": null,
            "net_income_4q": null,
            "revenue": null,
            "revenue_4q": null,
            "common_shares": null,
            "book_valuer_per_share": null,
            "book_valuer_per_share_4q_avg": 2.62,
            "equity": null,
            "current_ratio": null,
            "debt_ratio": null,
            "inventory_turnover_ratio": null,
            "account_receivable_turnover_ratio": null,
            "reinvestment_rate": null,
            "research_to_sale_ratio": null,
            "price_fair": 0,
            "eps_avg_yearly": 0,
            "eps_latest_yearly": 0,
            "eps_growth_yearly": 0
        },
        "20074": {
            "year_quarter": 20074,
            "year": 2007,
            "quarter": 4,
            "eps": null,
            "eps_growth_year": null,
            "eps_4q": null,
            "eps_4q_growth_year": null,
            "roe": null,
            "roe_4q": 0,
            "gross_profit": null,
            "gross_margin": null,
            "gross_margin_4q_avg": 0,
            "net_income": null,
            "net_income_4q": null,
            "revenue": null,
            "revenue_4q": null,
            "common_shares": 158700,
            "book_valuer_per_share": 12.07,
            "book_valuer_per_share_4q_avg": 3.02,
            "equity": 195256,
            "current_ratio": 117.88,
            "debt_ratio": 65.7,
            "inventory_turnover_ratio": null,
            "account_receivable_turnover_ratio": null,
            "reinvestment_rate": null,
            "research_to_sale_ratio": null,
            "price_fair": 0,
            "eps_avg_yearly": 0,
            "eps_latest_yearly": 0,
            "eps_growth_yearly": 0
        },
        "20081": {
            "year_quarter": 20081,
            "year": 2008,
            "quarter": 1,
            "eps": null,
            "eps_growth_year": null,
            "eps_4q": null,
            "eps_4q_growth_year": null,
            "roe": null,
            "roe_4q": 0,
            "gross_profit": null,
            "gross_margin": null,
            "gross_margin_4q_avg": 0,
            "net_income": null,
            "net_income_4q": null,
            "revenue": null,
            "revenue_4q": null,
            "common_shares": null,
            "book_valuer_per_share": null,
            "book_valuer_per_share_4q_avg": 3.02,
            "equity": null,
            "current_ratio": null,
            "debt_ratio": null,
            "inventory_turnover_ratio": null,
            "account_receivable_turnover_ratio": null,
            "reinvestment_rate": null,
            "research_to_sale_ratio": null,
            "price_fair": 0,
            "eps_avg_yearly": 0,
            "eps_latest_yearly": 0,
            "eps_growth_yearly": 0
        },
        "20082": {
            "year_quarter": 20082,
            "year": 2008,
            "quarter": 2,
            "eps": null,
            "eps_growth_year": null,
            "eps_4q": null,
            "eps_4q_growth_year": null,
            "roe": null,
            "roe_4q": 0,
            "gross_profit": null,
            "gross_margin": null,
            "gross_margin_4q_avg": 0,
            "net_income": null,
            "net_income_4q": null,
            "revenue": null,
            "revenue_4q": null,
            "common_shares": null,
            "book_valuer_per_share": null,
            "book_valuer_per_share_4q_avg": 3.02,
            "equity": null,
            "current_ratio": null,
            "debt_ratio": null,
            "inventory_turnover_ratio": null,
            "account_receivable_turnover_ratio": null,
            "reinvestment_rate": null,
            "research_to_sale_ratio": null,
            "price_fair": 0,
            "eps_avg_yearly": 0,
            "eps_latest_yearly": 0,
            "eps_growth_yearly": 0
        },
        "20083": {
            "year_quarter": 20083,
            "year": 2008,
            "quarter": 3,
            "eps": null,
            "eps_growth_year": null,
            "eps_4q": null,
            "eps_4q_growth_year": null,
            "roe": null,
            "roe_4q": 0,
            "gross_profit": null,
            "gross_margin": null,
            "gross_margin_4q_avg": 0,
            "net_income": null,
            "net_income_4q": null,
            "revenue": null,
            "revenue_4q": null,
            "common_shares": null,
            "book_valuer_per_share": null,
            "book_valuer_per_share_4q_avg": 3.02,
            "equity": null,
            "current_ratio": null,
            "debt_ratio": null,
            "inventory_turnover_ratio": null,
            "account_receivable_turnover_ratio": null,
            "reinvestment_rate": null,
            "research_to_sale_ratio": null,
            "price_fair": 0,
            "eps_avg_yearly": 0,
            "eps_latest_yearly": 0,
            "eps_growth_yearly": 0
        },
        "20084": {
            "year_quarter": 20084,
            "year": 2008,
            "quarter": 4,
            "eps": null,
            "eps_growth_year": null,
            "eps_4q": null,
            "eps_4q_growth_year": null,
            "roe": null,
            "roe_4q": 0,
            "gross_profit": null,
            "gross_margin": null,
            "gross_margin_4q_avg": 0,
            "net_income": null,
            "net_income_4q": null,
            "revenue": null,
            "revenue_4q": null,
            "common_shares": 128494,
            "book_valuer_per_share": 7.4,
            "book_valuer_per_share_4q_avg": 1.85,
            "equity": 95137,
            "current_ratio": 79.27,
            "debt_ratio": 81.21,
            "inventory_turnover_ratio": null,
            "account_receivable_turnover_ratio": null,
            "reinvestment_rate": null,
            "research_to_sale_ratio": null,
            "price_fair": 0,
            "eps_avg_yearly": 0,
            "eps_latest_yearly": 0,
            "eps_growth_yearly": 0
        },
        "20091": {
            "year_quarter": 20091,
            "year": 2009,
            "quarter": 1,
            "eps": null,
            "eps_growth_year": null,
            "eps_4q": null,
            "eps_4q_growth_year": null,
            "roe": null,
            "roe_4q": 0,
            "gross_profit": null,
            "gross_margin": null,
            "gross_margin_4q_avg": 0,
            "net_income": null,
            "net_income_4q": null,
            "revenue": null,
            "revenue_4q": null,
            "common_shares": null,
            "book_valuer_per_share": null,
            "book_valuer_per_share_4q_avg": 1.85,
            "equity": null,
            "current_ratio": null,
            "debt_ratio": null,
            "inventory_turnover_ratio": null,
            "account_receivable_turnover_ratio": null,
            "reinvestment_rate": null,
            "research_to_sale_ratio": null,
            "price_fair": 0,
            "eps_avg_yearly": 0,
            "eps_latest_yearly": 0,
            "eps_growth_yearly": 0
        },
        "20092": {
            "year_quarter": 20092,
            "year": 2009,
            "quarter": 2,
            "eps": null,
            "eps_growth_year": null,
            "eps_4q": null,
            "eps_4q_growth_year": null,
            "roe": null,
            "roe_4q": 0,
            "gross_profit": null,
            "gross_margin": null,
            "gross_margin_4q_avg": 0,
            "net_income": null,
            "net_income_4q": null,
            "revenue": null,
            "revenue_4q": null,
            "common_shares": 177000,
            "book_valuer_per_share": null,
            "book_valuer_per_share_4q_avg": 1.85,
            "equity": 125436,
            "current_ratio": null,
            "debt_ratio": null,
            "inventory_turnover_ratio": null,
            "account_receivable_turnover_ratio": null,
            "reinvestment_rate": null,
            "research_to_sale_ratio": null,
            "price_fair": 0,
            "eps_avg_yearly": 0,
            "eps_latest_yearly": 0,
            "eps_growth_yearly": 0
        },
        "20093": {
            "year_quarter": 20093,
            "year": 2009,
            "quarter": 3,
            "eps": null,
            "eps_growth_year": null,
            "eps_4q": null,
            "eps_4q_growth_year": null,
            "roe": null,
            "roe_4q": 0,
            "gross_profit": null,
            "gross_margin": null,
            "gross_margin_4q_avg": 0,
            "net_income": null,
            "net_income_4q": null,
            "revenue": null,
            "revenue_4q": null,
            "common_shares": null,
            "book_valuer_per_share": null,
            "book_valuer_per_share_4q_avg": 1.85,
            "equity": null,
            "current_ratio": null,
            "debt_ratio": null,
            "inventory_turnover_ratio": null,
            "account_receivable_turnover_ratio": null,
            "reinvestment_rate": null,
            "research_to_sale_ratio": null,
            "price_fair": 0,
            "eps_avg_yearly": 0,
            "eps_latest_yearly": 0,
            "eps_growth_yearly": 0
        },
        "20094": {
            "year_quarter": 20094,
            "year": 2009,
            "quarter": 4,
            "eps": null,
            "eps_growth_year": null,
            "eps_4q": null,
            "eps_4q_growth_year": null,
            "roe": null,
            "roe_4q": 0,
            "gross_profit": null,
            "gross_margin": null,
            "gross_margin_4q_avg": 0,
            "net_income": null,
            "net_income_4q": null,
            "revenue": null,
            "revenue_4q": null,
            "common_shares": 177000,
            "book_valuer_per_share": 6.43,
            "book_valuer_per_share_4q_avg": 1.61,
            "equity": 113844,
            "current_ratio": 98.97,
            "debt_ratio": 85.86,
            "inventory_turnover_ratio": null,
            "account_receivable_turnover_ratio": null,
            "reinvestment_rate": null,
            "research_to_sale_ratio": null,
            "price_fair": 0,
            "eps_avg_yearly": 0,
            "eps_latest_yearly": 0,
            "eps_growth_yearly": 0
        },
        "20101": {
            "year_quarter": 20101,
            "year": 2010,
            "quarter": 1,
            "eps": null,
            "eps_growth_year": null,
            "eps_4q": null,
            "eps_4q_growth_year": null,
            "roe": null,
            "roe_4q": 0,
            "gross_profit": null,
            "gross_margin": null,
            "gross_margin_4q_avg": 0,
            "net_income": null,
            "net_income_4q": null,
            "revenue": null,
            "revenue_4q": null,
            "common_shares": null,
            "book_valuer_per_share": null,
            "book_valuer_per_share_4q_avg": 1.61,
            "equity": null,
            "current_ratio": null,
            "debt_ratio": null,
            "inventory_turnover_ratio": null,
            "account_receivable_turnover_ratio": null,
            "reinvestment_rate": null,
            "research_to_sale_ratio": null,
            "price_fair": 0,
            "eps_avg_yearly": 0,
            "eps_latest_yearly": 0,
            "eps_growth_yearly": 0
        },
        "20102": {
            "year_quarter": 20102,
            "year": 2010,
            "quarter": 2,
            "eps": null,
            "eps_growth_year": null,
            "eps_4q": null,
            "eps_4q_growth_year": null,
            "roe": null,
            "roe_4q": 0,
            "gross_profit": null,
            "gross_margin": null,
            "gross_margin_4q_avg": 0,
            "net_income": null,
            "net_income_4q": null,
            "revenue": null,
            "revenue_4q": null,
            "common_shares": 299000,
            "book_valuer_per_share": 12.48,
            "book_valuer_per_share_4q_avg": 4.73,
            "equity": 373062,
            "current_ratio": 140.57,
            "debt_ratio": 63.35,
            "inventory_turnover_ratio": null,
            "account_receivable_turnover_ratio": null,
            "reinvestment_rate": null,
            "research_to_sale_ratio": null,
            "price_fair": 0,
            "eps_avg_yearly": 0,
            "eps_latest_yearly": 0,
            "eps_growth_yearly": 0
        },
        "20103": {
            "year_quarter": 20103,
            "year": 2010,
            "quarter": 3,
            "eps": null,
            "eps_growth_year": null,
            "eps_4q": null,
            "eps_4q_growth_year": null,
            "roe": null,
            "roe_4q": 0,
            "gross_profit": 132425,
            "gross_margin": null,
            "gross_margin_4q_avg": 0,
            "net_income": 20102,
            "net_income_4q": null,
            "revenue": 1162766,
            "revenue_4q": null,
            "common_shares": 299000,
            "book_valuer_per_share": 13.15,
            "book_valuer_per_share_4q_avg": 8.02,
            "equity": 393165,
            "current_ratio": 160.37,
            "debt_ratio": 55.25,
            "inventory_turnover_ratio": null,
            "account_receivable_turnover_ratio": null,
            "reinvestment_rate": null,
            "research_to_sale_ratio": null,
            "price_fair": 0,
            "eps_avg_yearly": 0,
            "eps_latest_yearly": 0,
            "eps_growth_yearly": 0
        },
        "20104": {
            "year_quarter": 20104,
            "year": 2010,
            "quarter": 4,
            "eps": null,
            "eps_growth_year": null,
            "eps_4q": null,
            "eps_4q_growth_year": null,
            "roe": null,
            "roe_4q": 0,
            "gross_profit": 96087,
            "gross_margin": null,
            "gross_margin_4q_avg": 0,
            "net_income": 19907,
            "net_income_4q": null,
            "revenue": 738668,
            "revenue_4q": null,
            "common_shares": 299000,
            "book_valuer_per_share": 13.82,
            "book_valuer_per_share_4q_avg": 9.86,
            "equity": 413071,
            "current_ratio": 184.11,
            "debt_ratio": 48.45,
            "inventory_turnover_ratio": null,
            "account_receivable_turnover_ratio": null,
            "reinvestment_rate": null,
            "research_to_sale_ratio": null,
            "price_fair": 0,
            "eps_avg_yearly": 0,
            "eps_latest_yearly": 0,
            "eps_growth_yearly": 0
        },
        "20111": {
            "year_quarter": 20111,
            "year": 2011,
            "quarter": 1,
            "eps": null,
            "eps_growth_year": null,
            "eps_4q": null,
            "eps_4q_growth_year": null,
            "roe": null,
            "roe_4q": 0,
            "gross_profit": 122379,
            "gross_margin": null,
            "gross_margin_4q_avg": 0,
            "net_income": 13869,
            "net_income_4q": null,
            "revenue": 778607,
            "revenue_4q": null,
            "common_shares": 299000,
            "book_valuer_per_share": 14.28,
            "book_valuer_per_share_4q_avg": 13.43,
            "equity": 426940,
            "current_ratio": 195.29,
            "debt_ratio": 44.32,
            "inventory_turnover_ratio": null,
            "account_receivable_turnover_ratio": null,
            "reinvestment_rate": null,
            "research_to_sale_ratio": null,
            "price_fair": 0,
            "eps_avg_yearly": 0,
            "eps_latest_yearly": 0,
            "eps_growth_yearly": 0
        },
        "20112": {
            "year_quarter": 20112,
            "year": 2011,
            "quarter": 2,
            "eps": -0.05,
            "eps_growth_year": null,
            "eps_4q": -0.05,
            "eps_4q_growth_year": null,
            "roe": -0.34,
            "roe_4q": -0.34,
            "gross_profit": 105174,
            "gross_margin": 12.44,
            "gross_margin_4q_avg": 3.11,
            "net_income": -1350,
            "net_income_4q": null,
            "revenue": 845483,
            "revenue_4q": null,
            "common_shares": 299000,
            "book_valuer_per_share": 12.6,
            "book_valuer_per_share_4q_avg": 13.46,
            "equity": 376791,
            "current_ratio": 153.94,
            "debt_ratio": 57.96,
            "inventory_turnover_ratio": 88.96,
            "account_receivable_turnover_ratio": 21,
            "reinvestment_rate": null,
            "research_to_sale_ratio": null,
            "price_fair": 0,
            "eps_avg_yearly": 0,
            "eps_latest_yearly": 0,
            "eps_growth_yearly": 0
        },
        "20113": {
            "year_quarter": 20113,
            "year": 2011,
            "quarter": 3,
            "eps": 0.63,
            "eps_growth_year": null,
            "eps_4q": 0.59,
            "eps_4q_growth_year": null,
            "roe": 4.89,
            "roe_4q": 4.55,
            "gross_profit": 134770,
            "gross_margin": 12.64,
            "gross_margin_4q_avg": 6.27,
            "net_income": 18900,
            "net_income_4q": null,
            "revenue": 1066019,
            "revenue_4q": null,
            "common_shares": 299000,
            "book_valuer_per_share": 13.23,
            "book_valuer_per_share_4q_avg": 13.48,
            "equity": 395691,
            "current_ratio": 186.65,
            "debt_ratio": 46.67,
            "inventory_turnover_ratio": 85.52,
            "account_receivable_turnover_ratio": 16.53,
            "reinvestment_rate": null,
            "research_to_sale_ratio": null,
            "price_fair": 0,
            "eps_avg_yearly": 0,
            "eps_latest_yearly": 0,
            "eps_growth_yearly": 0
        },
        "20114": {
            "year_quarter": 20114,
            "year": 2011,
            "quarter": 4,
            "eps": -0.21,
            "eps_growth_year": null,
            "eps_4q": 0.37,
            "eps_4q_growth_year": null,
            "roe": -1.63,
            "roe_4q": 2.92,
            "gross_profit": 95699,
            "gross_margin": 14.44,
            "gross_margin_4q_avg": 9.88,
            "net_income": -6400,
            "net_income_4q": null,
            "revenue": 662799,
            "revenue_4q": null,
            "common_shares": 299000,
            "book_valuer_per_share": 13.02,
            "book_valuer_per_share_4q_avg": 13.28,
            "equity": 389291,
            "current_ratio": 171.4,
            "debt_ratio": 51.73,
            "inventory_turnover_ratio": 55.6,
            "account_receivable_turnover_ratio": 14.64,
            "reinvestment_rate": null,
            "research_to_sale_ratio": null,
            "price_fair": 0,
            "eps_avg_yearly": 0,
            "eps_latest_yearly": 0,
            "eps_growth_yearly": 0
        },
        "20121": {
            "year_quarter": 20121,
            "year": 2012,
            "quarter": 1,
            "eps": 0.53,
            "eps_growth_year": null,
            "eps_4q": 0.81,
            "eps_4q_growth_year": null,
            "roe": 3.79,
            "roe_4q": 6.71,
            "gross_profit": 128835,
            "gross_margin": 17.62,
            "gross_margin_4q_avg": 14.29,
            "net_income": 16839,
            "net_income_4q": null,
            "revenue": 730997,
            "revenue_4q": null,
            "common_shares": 344000,
            "book_valuer_per_share": 14.51,
            "book_valuer_per_share_4q_avg": 13.34,
            "equity": 498973,
            "current_ratio": 219.37,
            "debt_ratio": 40.92,
            "inventory_turnover_ratio": 93.08,
            "account_receivable_turnover_ratio": 17.08,
            "reinvestment_rate": null,
            "research_to_sale_ratio": null,
            "price_fair": 0,
            "eps_avg_yearly": 0,
            "eps_latest_yearly": 0,
            "eps_growth_yearly": 0
        },
        "20122": {
            "year_quarter": 20122,
            "year": 2012,
            "quarter": 2,
            "eps": -0.35,
            "eps_growth_year": null,
            "eps_4q": 0.45,
            "eps_4q_growth_year": null,
            "roe": -2.61,
            "roe_4q": 4.4399999999999995,
            "gross_profit": 96657,
            "gross_margin": 16.37,
            "gross_margin_4q_avg": 15.27,
            "net_income": -12832,
            "net_income_4q": null,
            "revenue": 590625,
            "revenue_4q": null,
            "common_shares": 344000,
            "book_valuer_per_share": 14.03,
            "book_valuer_per_share_4q_avg": 13.7,
            "equity": 483000,
            "current_ratio": 186.63,
            "debt_ratio": 50.39,
            "inventory_turnover_ratio": 83.94,
            "account_receivable_turnover_ratio": 13.24,
            "reinvestment_rate": null,
            "research_to_sale_ratio": null,
            "price_fair": 0,
            "eps_avg_yearly": 0,
            "eps_latest_yearly": 0,
            "eps_growth_yearly": 0
        },
        "20123": {
            "year_quarter": 20123,
            "year": 2012,
            "quarter": 3,
            "eps": 0.66,
            "eps_growth_year": 4.68,
            "eps_4q": 0.6,
            "eps_4q_growth_year": 1.49,
            "roe": 4.85,
            "roe_4q": 4.3999999999999995,
            "gross_profit": 138737,
            "gross_margin": 16.69,
            "gross_margin_4q_avg": 16.28,
            "net_income": 24009,
            "net_income_4q": null,
            "revenue": 831015,
            "revenue_4q": null,
            "common_shares": 362920,
            "book_valuer_per_share": 13.96,
            "book_valuer_per_share_4q_avg": 13.88,
            "equity": 507010,
            "current_ratio": 218.93,
            "debt_ratio": 43.1,
            "inventory_turnover_ratio": 130.32,
            "account_receivable_turnover_ratio": 19.94,
            "reinvestment_rate": null,
            "research_to_sale_ratio": null,
            "price_fair": 0,
            "eps_avg_yearly": 0,
            "eps_latest_yearly": 0,
            "eps_growth_yearly": 0
        },
        "20124": {
            "year_quarter": 20124,
            "year": 2012,
            "quarter": 4,
            "eps": -0.3,
            "eps_growth_year": null,
            "eps_4q": 0.48,
            "eps_4q_growth_year": 27.65,
            "roe": -2.14,
            "roe_4q": 3.8899999999999997,
            "gross_profit": 98877,
            "gross_margin": 18.41,
            "gross_margin_4q_avg": 17.27,
            "net_income": -10753,
            "net_income_4q": null,
            "revenue": 536991,
            "revenue_4q": null,
            "common_shares": 362920,
            "book_valuer_per_share": 13.67,
            "book_valuer_per_share_4q_avg": 14.04,
            "equity": 496256,
            "current_ratio": 202.53,
            "debt_ratio": 47.06,
            "inventory_turnover_ratio": 105.56,
            "account_receivable_turnover_ratio": 12.11,
            "reinvestment_rate": null,
            "research_to_sale_ratio": null,
            "price_fair": 0,
            "eps_avg_yearly": 0,
            "eps_latest_yearly": 0,
            "eps_growth_yearly": 0
        },
        "20131": {
            "year_quarter": 20131,
            "year": 2013,
            "quarter": 1,
            "eps": 0.71,
            "eps_growth_year": 33.96,
            "eps_4q": 0.72,
            "eps_4q_growth_year": -11.14,
            "roe": 5.08,
            "roe_4q": 5.18,
            "gross_profit": 137887,
            "gross_margin": 18.41,
            "gross_margin_4q_avg": 17.47,
            "net_income": 25793,
            "net_income_4q": null,
            "revenue": 749167,
            "revenue_4q": null,
            "common_shares": 362920,
            "book_valuer_per_share": 14.3,
            "book_valuer_per_share_4q_avg": 13.99,
            "equity": 519351,
            "current_ratio": 203.75,
            "debt_ratio": 46.7,
            "inventory_turnover_ratio": 143.66,
            "account_receivable_turnover_ratio": 13.61,
            "reinvestment_rate": null,
            "research_to_sale_ratio": null,
            "price_fair": 0,
            "eps_avg_yearly": 0,
            "eps_latest_yearly": 0,
            "eps_growth_yearly": 0
        },
        "20132": {
            "year_quarter": 20132,
            "year": 2013,
            "quarter": 2,
            "eps": 0.14,
            "eps_growth_year": null,
            "eps_4q": 1.22,
            "eps_4q_growth_year": 168.13,
            "roe": 1.01,
            "roe_4q": 8.799999999999999,
            "gross_profit": 82631,
            "gross_margin": 12.11,
            "gross_margin_4q_avg": 16.41,
            "net_income": 5182,
            "net_income_4q": null,
            "revenue": 682090,
            "revenue_4q": null,
            "common_shares": 362920,
            "book_valuer_per_share": 14.1,
            "book_valuer_per_share_4q_avg": 14.01,
            "equity": 511831,
            "current_ratio": 174.45,
            "debt_ratio": 54.97,
            "inventory_turnover_ratio": 181,
            "account_receivable_turnover_ratio": 11.05,
            "reinvestment_rate": null,
            "research_to_sale_ratio": null,
            "price_fair": 1.68,
            "eps_avg_yearly": 0.56,
            "eps_latest_yearly": 0.56,
            "eps_growth_yearly": -321.13
        },
        "20133": {
            "year_quarter": 20133,
            "year": 2013,
            "quarter": 3,
            "eps": 0.98,
            "eps_growth_year": 48.11,
            "eps_4q": 1.54,
            "eps_4q_growth_year": 158.71,
            "roe": 6.74,
            "roe_4q": 10.69,
            "gross_profit": 137741,
            "gross_margin": 13.27,
            "gross_margin_4q_avg": 15.55,
            "net_income": 35685,
            "net_income_4q": null,
            "revenue": 1038295,
            "revenue_4q": null,
            "common_shares": 362920,
            "book_valuer_per_share": 15.08,
            "book_valuer_per_share_4q_avg": 14.29,
            "equity": 547255,
            "current_ratio": 199.08,
            "debt_ratio": 45.56,
            "inventory_turnover_ratio": 333.91,
            "account_receivable_turnover_ratio": 19.97,
            "reinvestment_rate": null,
            "research_to_sale_ratio": null,
            "price_fair": 78.4,
            "eps_avg_yearly": 2.24,
            "eps_latest_yearly": 3.92,
            "eps_growth_yearly": 1039.44
        },
        "20134": {
            "year_quarter": 20134,
            "year": 2013,
            "quarter": 4,
            "eps": -0.13,
            "eps_growth_year": null,
            "eps_4q": 1.71,
            "eps_4q_growth_year": 259.65,
            "roe": -0.83,
            "roe_4q": 12,
            "gross_profit": 92810,
            "gross_margin": 15.16,
            "gross_margin_4q_avg": 14.74,
            "net_income": -4544,
            "net_income_4q": null,
            "revenue": 612399,
            "revenue_4q": null,
            "common_shares": 362920,
            "book_valuer_per_share": 14.97,
            "book_valuer_per_share_4q_avg": 14.61,
            "equity": 543228,
            "current_ratio": 195.28,
            "debt_ratio": 46.44,
            "inventory_turnover_ratio": 156.95,
            "account_receivable_turnover_ratio": 15.77,
            "reinvestment_rate": null,
            "research_to_sale_ratio": null,
            "price_fair": 78.4,
            "eps_avg_yearly": 2.24,
            "eps_latest_yearly": 3.92,
            "eps_growth_yearly": 1039.44
        },
        "20141": {
            "year_quarter": 20141,
            "year": 2014,
            "quarter": 1,
            "eps": 0.45,
            "eps_growth_year": -36.62,
            "eps_4q": 1.45,
            "eps_4q_growth_year": 100.34,
            "roe": 2.94,
            "roe_4q": 9.86,
            "gross_profit": 113145,
            "gross_margin": 14.89,
            "gross_margin_4q_avg": 13.86,
            "net_income": 16233,
            "net_income_4q": null,
            "revenue": 759629,
            "revenue_4q": null,
            "common_shares": 362920,
            "book_valuer_per_share": 15.42,
            "book_valuer_per_share_4q_avg": 14.89,
            "equity": 559461,
            "current_ratio": 208.51,
            "debt_ratio": 43.13,
            "inventory_turnover_ratio": 142.35,
            "account_receivable_turnover_ratio": 16.33,
            "reinvestment_rate": null,
            "research_to_sale_ratio": null,
            "price_fair": 78.4,
            "eps_avg_yearly": 2.24,
            "eps_latest_yearly": 3.92,
            "eps_growth_yearly": 1039.44
        },
        "20142": {
            "year_quarter": 20142,
            "year": 2014,
            "quarter": 2,
            "eps": -0.07,
            "eps_growth_year": -150,
            "eps_4q": 1.24,
            "eps_4q_growth_year": 1.47,
            "roe": -0.47,
            "roe_4q": 8.379999999999999,
            "gross_profit": 97073,
            "gross_margin": 13.25,
            "gross_margin_4q_avg": 14.14,
            "net_income": -2467,
            "net_income_4q": null,
            "revenue": 732801,
            "revenue_4q": null,
            "common_shares": 362920,
            "book_valuer_per_share": 13.79,
            "book_valuer_per_share_4q_avg": 14.82,
            "equity": 500378,
            "current_ratio": 159.31,
            "debt_ratio": 57.5,
            "inventory_turnover_ratio": 109.27,
            "account_receivable_turnover_ratio": 13.5,
            "reinvestment_rate": -106.88,
            "research_to_sale_ratio": null,
            "price_fair": 78.4,
            "eps_avg_yearly": 2.24,
            "eps_latest_yearly": 3.92,
            "eps_growth_yearly": 1039.44
        },
        "20143": {
            "year_quarter": 20143,
            "year": 2014,
            "quarter": 3,
            "eps": 0.54,
            "eps_growth_year": -44.9,
            "eps_4q": 0.79,
            "eps_4q_growth_year": -48.65,
            "roe": 3.82,
            "roe_4q": 5.459999999999999,
            "gross_profit": 128199,
            "gross_margin": 12.66,
            "gross_margin_4q_avg": 13.99,
            "net_income": 19499,
            "net_income_4q": null,
            "revenue": 1012720,
            "revenue_4q": null,
            "common_shares": 362920,
            "book_valuer_per_share": 14.33,
            "book_valuer_per_share_4q_avg": 14.63,
            "equity": 519907,
            "current_ratio": 192.6,
            "debt_ratio": 46.76,
            "inventory_turnover_ratio": 142.3,
            "account_receivable_turnover_ratio": 23.75,
            "reinvestment_rate": 11.24,
            "research_to_sale_ratio": null,
            "price_fair": 78.4,
            "eps_avg_yearly": 2.24,
            "eps_latest_yearly": 3.92,
            "eps_growth_yearly": 1039.44
        },
        "20144": {
            "year_quarter": 20144,
            "year": 2014,
            "quarter": 4,
            "eps": -0.12,
            "eps_growth_year": null,
            "eps_4q": 0.8,
            "eps_4q_growth_year": -53.19,
            "roe": -0.81,
            "roe_4q": 5.48,
            "gross_profit": 91468,
            "gross_margin": 15.02,
            "gross_margin_4q_avg": 13.96,
            "net_income": -4181,
            "net_income_4q": null,
            "revenue": 608997,
            "revenue_4q": null,
            "common_shares": 362920,
            "book_valuer_per_share": 14.22,
            "book_valuer_per_share_4q_avg": 14.44,
            "equity": 515902,
            "current_ratio": 183.05,
            "debt_ratio": 49.59,
            "inventory_turnover_ratio": 90.21,
            "account_receivable_turnover_ratio": 17.86,
            "reinvestment_rate": -143.35,
            "research_to_sale_ratio": null,
            "price_fair": 78.4,
            "eps_avg_yearly": 2.24,
            "eps_latest_yearly": 3.92,
            "eps_growth_yearly": 1039.44
        },
        "20151": {
            "year_quarter": 20151,
            "year": 2015,
            "quarter": 1,
            "eps": 0.57,
            "eps_growth_year": 26.67,
            "eps_4q": 0.92,
            "eps_4q_growth_year": -36.29,
            "roe": 3.92,
            "roe_4q": 6.46,
            "gross_profit": 119036,
            "gross_margin": 14.56,
            "gross_margin_4q_avg": 13.87,
            "net_income": 20639,
            "net_income_4q": null,
            "revenue": 817316,
            "revenue_4q": null,
            "common_shares": 362920,
            "book_valuer_per_share": 14.78,
            "book_valuer_per_share_4q_avg": 14.28,
            "equity": 536503,
            "current_ratio": 189.83,
            "debt_ratio": 48.09,
            "inventory_turnover_ratio": 144.74,
            "account_receivable_turnover_ratio": 19.53,
            "reinvestment_rate": 20.75,
            "research_to_sale_ratio": null,
            "price_fair": 78.4,
            "eps_avg_yearly": 2.24,
            "eps_latest_yearly": 3.92,
            "eps_growth_yearly": 1039.44
        },
        "20152": {
            "year_quarter": 20152,
            "year": 2015,
            "quarter": 2,
            "eps": 0.06,
            "eps_growth_year": null,
            "eps_4q": 1.06,
            "eps_4q_growth_year": -14.72,
            "roe": 0.45,
            "roe_4q": 7.38,
            "gross_profit": 106458,
            "gross_margin": 14.1,
            "gross_margin_4q_avg": 14.09,
            "net_income": 2341,
            "net_income_4q": null,
            "revenue": 754975,
            "revenue_4q": null,
            "common_shares": 362920,
            "book_valuer_per_share": 14.13,
            "book_valuer_per_share_4q_avg": 14.37,
            "equity": 512699,
            "current_ratio": 167.52,
            "debt_ratio": 54.56,
            "inventory_turnover_ratio": 125.95,
            "account_receivable_turnover_ratio": 17.29,
            "reinvestment_rate": -61.59,
            "research_to_sale_ratio": null,
            "price_fair": 55.07,
            "eps_avg_yearly": 1.57,
            "eps_latest_yearly": 0.24,
            "eps_growth_yearly": 573.66
        },
        "20153": {
            "year_quarter": 20153,
            "year": 2015,
            "quarter": 3,
            "eps": -0.24,
            "eps_growth_year": -144.44,
            "eps_4q": 0.28,
            "eps_4q_growth_year": -65,
            "roe": -1.72,
            "roe_4q": 1.8399999999999999,
            "gross_profit": 99673,
            "gross_margin": 11.39,
            "gross_margin_4q_avg": 13.77,
            "net_income": -8748,
            "net_income_4q": null,
            "revenue": 875389,
            "revenue_4q": null,
            "common_shares": 362920,
            "book_valuer_per_share": 13.89,
            "book_valuer_per_share_4q_avg": 14.26,
            "equity": 504103,
            "current_ratio": 191.73,
            "debt_ratio": 47.35,
            "inventory_turnover_ratio": 124.48,
            "account_receivable_turnover_ratio": 20.08,
            "reinvestment_rate": -75.96,
            "research_to_sale_ratio": null,
            "price_fair": 55.07,
            "eps_avg_yearly": 1.57,
            "eps_latest_yearly": 0.24,
            "eps_growth_yearly": 573.66
        },
        "20154": {
            "year_quarter": 20154,
            "year": 2015,
            "quarter": 4,
            "eps": -0.82,
            "eps_growth_year": null,
            "eps_4q": -0.42,
            "eps_4q_growth_year": -153.02,
            "roe": -6.06,
            "roe_4q": -3.4099999999999993,
            "gross_profit": 63527,
            "gross_margin": 11.58,
            "gross_margin_4q_avg": 12.91,
            "net_income": -29651,
            "net_income_4q": null,
            "revenue": 548756,
            "revenue_4q": null,
            "common_shares": 362920,
            "book_valuer_per_share": 13.06,
            "book_valuer_per_share_4q_avg": 13.97,
            "equity": 474061,
            "current_ratio": 180.99,
            "debt_ratio": 50.33,
            "inventory_turnover_ratio": 76.34,
            "account_receivable_turnover_ratio": 14.19,
            "reinvestment_rate": -53.78,
            "research_to_sale_ratio": null,
            "price_fair": 55.07,
            "eps_avg_yearly": 1.57,
            "eps_latest_yearly": 0.24,
            "eps_growth_yearly": 573.66
        },
        "20161": {
            "year_quarter": 20161,
            "year": 2016,
            "quarter": 1,
            "eps": -0.11,
            "eps_growth_year": -119.3,
            "eps_4q": -1.1,
            "eps_4q_growth_year": -219.16,
            "roe": -0.82,
            "roe_4q": -8.15,
            "gross_profit": 90588,
            "gross_margin": 13.79,
            "gross_margin_4q_avg": 12.72,
            "net_income": -3849,
            "net_income_4q": null,
            "revenue": 657135,
            "revenue_4q": null,
            "common_shares": 362920,
            "book_valuer_per_share": 12.93,
            "book_valuer_per_share_4q_avg": 13.5,
            "equity": 469349,
            "current_ratio": 176.81,
            "debt_ratio": 47.89,
            "inventory_turnover_ratio": 114.11,
            "account_receivable_turnover_ratio": 19.43,
            "reinvestment_rate": 9.72,
            "research_to_sale_ratio": null,
            "price_fair": 55.07,
            "eps_avg_yearly": 1.57,
            "eps_latest_yearly": 0.24,
            "eps_growth_yearly": 573.66
        },
        "20162": {
            "year_quarter": 20162,
            "year": 2016,
            "quarter": 2,
            "eps": -0.36,
            "eps_growth_year": -700,
            "eps_4q": -1.54,
            "eps_4q_growth_year": -245.59,
            "roe": -2.85,
            "roe_4q": -11.450000000000001,
            "gross_profit": 84109,
            "gross_margin": 13.79,
            "gross_margin_4q_avg": 12.64,
            "net_income": -13160,
            "net_income_4q": null,
            "revenue": 609833,
            "revenue_4q": null,
            "common_shares": 362920,
            "book_valuer_per_share": 12.56,
            "book_valuer_per_share_4q_avg": 13.11,
            "equity": 452943,
            "current_ratio": 159.09,
            "debt_ratio": 53.96,
            "inventory_turnover_ratio": 72.27,
            "account_receivable_turnover_ratio": 17.64,
            "reinvestment_rate": 62.95,
            "research_to_sale_ratio": null,
            "price_fair": 55.07,
            "eps_avg_yearly": 1.57,
            "eps_latest_yearly": 0.24,
            "eps_growth_yearly": 573.66
        },
        "20163": {
            "year_quarter": 20163,
            "year": 2016,
            "quarter": 3,
            "eps": -0.27,
            "eps_growth_year": null,
            "eps_4q": -1.57,
            "eps_4q_growth_year": -665.43,
            "roe": -2.19,
            "roe_4q": -11.92,
            "gross_profit": 94279,
            "gross_margin": 11.88,
            "gross_margin_4q_avg": 12.76,
            "net_income": -9814,
            "net_income_4q": null,
            "revenue": 793336,
            "revenue_4q": null,
            "common_shares": 362920,
            "book_valuer_per_share": 12.29,
            "book_valuer_per_share_4q_avg": 12.71,
            "equity": 443096,
            "current_ratio": 172.9,
            "debt_ratio": 47.68,
            "inventory_turnover_ratio": 63.29,
            "account_receivable_turnover_ratio": 23.52,
            "reinvestment_rate": 116.5,
            "research_to_sale_ratio": null,
            "price_fair": 55.07,
            "eps_avg_yearly": 1.57,
            "eps_latest_yearly": 0.24,
            "eps_growth_yearly": 573.66
        },
        "20164": {
            "year_quarter": 20164,
            "year": 2016,
            "quarter": 4,
            "eps": -1.04,
            "eps_growth_year": null,
            "eps_4q": -1.79,
            "eps_4q_growth_year": null,
            "roe": -8.85,
            "roe_4q": -14.709999999999999,
            "gross_profit": 65650,
            "gross_margin": 14.86,
            "gross_margin_4q_avg": 13.58,
            "net_income": -37555,
            "net_income_4q": null,
            "revenue": 441785,
            "revenue_4q": null,
            "common_shares": 362920,
            "book_valuer_per_share": 11.25,
            "book_valuer_per_share_4q_avg": 12.26,
            "equity": 405811,
            "current_ratio": 160.98,
            "debt_ratio": 52.06,
            "inventory_turnover_ratio": 32.54,
            "account_receivable_turnover_ratio": 12.71,
            "reinvestment_rate": 302.15,
            "research_to_sale_ratio": null,
            "price_fair": 55.07,
            "eps_avg_yearly": 1.57,
            "eps_latest_yearly": 0.24,
            "eps_growth_yearly": 573.66
        },
        "20171": {
            "year_quarter": 20171,
            "year": 2017,
            "quarter": 1,
            "eps": -0.49,
            "eps_growth_year": null,
            "eps_4q": -2.17,
            "eps_4q_growth_year": null,
            "roe": -4.44,
            "roe_4q": -18.33,
            "gross_profit": 83258,
            "gross_margin": 14.16,
            "gross_margin_4q_avg": 13.67,
            "net_income": -17644,
            "net_income_4q": null,
            "revenue": 587801,
            "revenue_4q": null,
            "common_shares": 362920,
            "book_valuer_per_share": 10.77,
            "book_valuer_per_share_4q_avg": 11.72,
            "equity": 388241,
            "current_ratio": 159.83,
            "debt_ratio": 52.72,
            "inventory_turnover_ratio": 38.08,
            "account_receivable_turnover_ratio": 15.21,
            "reinvestment_rate": null,
            "research_to_sale_ratio": null,
            "price_fair": 55.07,
            "eps_avg_yearly": 1.57,
            "eps_latest_yearly": 0.24,
            "eps_growth_yearly": 573.66
        },
        "20172": {
            "year_quarter": 20172,
            "year": 2017,
            "quarter": 2,
            "eps": -1.07,
            "eps_growth_year": null,
            "eps_4q": -2.87,
            "eps_4q_growth_year": null,
            "roe": -10.41,
            "roe_4q": -25.890000000000004,
            "gross_profit": 75455,
            "gross_margin": 12.02,
            "gross_margin_4q_avg": 13.23,
            "net_income": -38436,
            "net_income_4q": null,
            "revenue": 627720,
            "revenue_4q": null,
            "common_shares": 362920,
            "book_valuer_per_share": 9.7,
            "book_valuer_per_share_4q_avg": 11,
            "equity": 349920,
            "current_ratio": 148.84,
            "debt_ratio": 58.42,
            "inventory_turnover_ratio": 46.1,
            "account_receivable_turnover_ratio": 14.84,
            "reinvestment_rate": null,
            "research_to_sale_ratio": null,
            "price_fair": 72.8,
            "eps_avg_yearly": 2.08,
            "eps_latest_yearly": 0.24,
            "eps_growth_yearly": 1021.05
        },
        "20173": {
            "year_quarter": 20173,
            "year": 2017,
            "quarter": 3,
            "eps": -1.12,
            "eps_growth_year": null,
            "eps_4q": -3.72,
            "eps_4q_growth_year": null,
            "roe": -12.24,
            "roe_4q": -35.94,
            "gross_profit": 83022,
            "gross_margin": 11.43,
            "gross_margin_4q_avg": 13.12,
            "net_income": -40361,
            "net_income_4q": null,
            "revenue": 726259,
            "revenue_4q": null,
            "common_shares": 362920,
            "book_valuer_per_share": 8.59,
            "book_valuer_per_share_4q_avg": 10.08,
            "equity": 309643,
            "current_ratio": 148.4,
            "debt_ratio": 59.8,
            "inventory_turnover_ratio": 90.05,
            "account_receivable_turnover_ratio": 20.08,
            "reinvestment_rate": null,
            "research_to_sale_ratio": null,
            "price_fair": 0.72,
            "eps_avg_yearly": 0.24,
            "eps_latest_yearly": 0.24,
            "eps_growth_yearly": -357.89
        },
        "20174": {
            "year_quarter": 20174,
            "year": 2017,
            "quarter": 4,
            "eps": -0.63,
            "eps_growth_year": null,
            "eps_4q": -3.31,
            "eps_4q_growth_year": null,
            "roe": -7.67,
            "roe_4q": -34.76,
            "gross_profit": 76931,
            "gross_margin": 15.52,
            "gross_margin_4q_avg": 13.28,
            "net_income": -22852,
            "net_income_4q": null,
            "revenue": 495561,
            "revenue_4q": null,
            "common_shares": 362920,
            "book_valuer_per_share": 7.95,
            "book_valuer_per_share_4q_avg": 9.25,
            "equity": 286602,
            "current_ratio": 149.25,
            "debt_ratio": 59.51,
            "inventory_turnover_ratio": 85.34,
            "account_receivable_turnover_ratio": 15.61,
            "reinvestment_rate": null,
            "research_to_sale_ratio": null,
            "price_fair": 0.72,
            "eps_avg_yearly": 0.24,
            "eps_latest_yearly": 0.24,
            "eps_growth_yearly": -357.89
        },
        "20181": {
            "year_quarter": 20181,
            "year": 2018,
            "quarter": 1,
            "eps": -1.11,
            "eps_growth_year": null,
            "eps_4q": -3.93,
            "eps_4q_growth_year": null,
            "roe": -15.04,
            "roe_4q": -45.36,
            "gross_profit": 57678,
            "gross_margin": 11.94,
            "gross_margin_4q_avg": 12.73,
            "net_income": -40089,
            "net_income_4q": null,
            "revenue": 483175,
            "revenue_4q": null,
            "common_shares": 362920,
            "book_valuer_per_share": 6.84,
            "book_valuer_per_share_4q_avg": 8.27,
            "equity": 246551,
            "current_ratio": 128.68,
            "debt_ratio": 69.35,
            "inventory_turnover_ratio": 65.86,
            "account_receivable_turnover_ratio": 12.78,
            "reinvestment_rate": null,
            "research_to_sale_ratio": null,
            "price_fair": 0.72,
            "eps_avg_yearly": 0.24,
            "eps_latest_yearly": 0.24,
            "eps_growth_yearly": -357.89
        },
        "20182": {
            "year_quarter": 20182,
            "year": 2018,
            "quarter": 2,
            "eps": -0.07,
            "eps_growth_year": null,
            "eps_4q": -2.93,
            "eps_4q_growth_year": null,
            "roe": -1,
            "roe_4q": -35.95,
            "gross_profit": 92838,
            "gross_margin": 13.05,
            "gross_margin_4q_avg": 12.99,
            "net_income": -2462,
            "net_income_4q": null,
            "revenue": 711567,
            "revenue_4q": null,
            "common_shares": 362920,
            "book_valuer_per_share": 6.77,
            "book_valuer_per_share_4q_avg": 7.54,
            "equity": 244081,
            "current_ratio": 126.98,
            "debt_ratio": 70.86,
            "inventory_turnover_ratio": 96.19,
            "account_receivable_turnover_ratio": 13.62,
            "reinvestment_rate": null,
            "research_to_sale_ratio": null,
            "price_fair": 0.72,
            "eps_avg_yearly": 0.24,
            "eps_latest_yearly": 0.24,
            "eps_growth_yearly": -357.89
        },
        "20183": {
            "year_quarter": 20183,
            "year": 2018,
            "quarter": 3,
            "eps": -0.54,
            "eps_growth_year": null,
            "eps_4q": -2.35,
            "eps_4q_growth_year": null,
            "roe": -8.31,
            "roe_4q": -32.02,
            "gross_profit": 78980,
            "gross_margin": 11.23,
            "gross_margin_4q_avg": 12.94,
            "net_income": -19462,
            "net_income_4q": null,
            "revenue": 703078,
            "revenue_4q": null,
            "common_shares": 362920,
            "book_valuer_per_share": 6.23,
            "book_valuer_per_share_4q_avg": 6.95,
            "equity": 224512,
            "current_ratio": 134.92,
            "debt_ratio": 64,
            "inventory_turnover_ratio": 170.01,
            "account_receivable_turnover_ratio": 12.15,
            "reinvestment_rate": null,
            "research_to_sale_ratio": null,
            "price_fair": 0.72,
            "eps_avg_yearly": 0.24,
            "eps_latest_yearly": 0.24,
            "eps_growth_yearly": -357.89
        },
        "20184": {
            "year_quarter": 20184,
            "year": 2018,
            "quarter": 4,
            "eps": -1.24,
            "eps_growth_year": null,
            "eps_4q": -2.96,
            "eps_4q_growth_year": null,
            "roe": -22.13,
            "roe_4q": -46.48,
            "gross_profit": 43480,
            "gross_margin": 12.49,
            "gross_margin_4q_avg": 12.18,
            "net_income": -44801,
            "net_income_4q": null,
            "revenue": 348181,
            "revenue_4q": null,
            "common_shares": 362920,
            "book_valuer_per_share": 5,
            "book_valuer_per_share_4q_avg": 6.21,
            "equity": 180334,
            "current_ratio": 126.61,
            "debt_ratio": 69.82,
            "inventory_turnover_ratio": 171.37,
            "account_receivable_turnover_ratio": 6.66,
            "reinvestment_rate": null,
            "research_to_sale_ratio": null,
            "price_fair": 0.72,
            "eps_avg_yearly": 0.24,
            "eps_latest_yearly": 0.24,
            "eps_growth_yearly": -357.89
        },
        "20191": {
            "year_quarter": 20191,
            "year": 2019,
            "quarter": 1,
            "eps": -0.64,
            "eps_growth_year": null,
            "eps_4q": -2.49,
            "eps_4q_growth_year": null,
            "roe": -13.69,
            "roe_4q": -45.13,
            "gross_profit": 67370,
            "gross_margin": 15.45,
            "gross_margin_4q_avg": 13.06,
            "net_income": -23101,
            "net_income_4q": null,
            "revenue": 436065,
            "revenue_4q": null,
            "common_shares": 362920,
            "book_valuer_per_share": 4.36,
            "book_valuer_per_share_4q_avg": 5.59,
            "equity": 157164,
            "current_ratio": 115.25,
            "debt_ratio": 77.05,
            "inventory_turnover_ratio": 297.94,
            "account_receivable_turnover_ratio": 7.57,
            "reinvestment_rate": null,
            "research_to_sale_ratio": null,
            "price_fair": 0.72,
            "eps_avg_yearly": 0.24,
            "eps_latest_yearly": 0.24,
            "eps_growth_yearly": -357.89
        },
        "20192": {
            "year_quarter": 20192,
            "year": 2019,
            "quarter": 2,
            "eps": -0.31,
            "eps_growth_year": null,
            "eps_4q": -2.73,
            "eps_4q_growth_year": null,
            "roe": -7.35,
            "roe_4q": -51.480000000000004,
            "gross_profit": 85950,
            "gross_margin": 15.95,
            "gross_margin_4q_avg": 13.78,
            "net_income": -11164,
            "net_income_4q": null,
            "revenue": 538925,
            "revenue_4q": null,
            "common_shares": 360640,
            "book_valuer_per_share": 4.06,
            "book_valuer_per_share_4q_avg": 4.91,
            "equity": 146575,
            "current_ratio": 115.9,
            "debt_ratio": 77.31,
            "inventory_turnover_ratio": 532.29,
            "account_receivable_turnover_ratio": 8.95,
            "reinvestment_rate": null,
            "research_to_sale_ratio": null,
            "price_fair": 0,
            "eps_avg_yearly": 0,
            "eps_latest_yearly": 0,
            "eps_growth_yearly": 0
        },
        "20193": {
            "year_quarter": 20193,
            "year": 2019,
            "quarter": 3,
            "eps": -1.87,
            "eps_growth_year": null,
            "eps_4q": -6.2,
            "eps_4q_growth_year": null,
            "roe": -26.36,
            "roe_4q": -69.53,
            "gross_profit": 54940,
            "gross_margin": 10.92,
            "gross_margin_4q_avg": 13.7,
            "net_income": -34133,
            "net_income_4q": null,
            "revenue": 503213,
            "revenue_4q": null,
            "common_shares": 182721,
            "book_valuer_per_share": 6.15,
            "book_valuer_per_share_4q_avg": 4.89,
            "equity": 112442,
            "current_ratio": 115.51,
            "debt_ratio": 73.66,
            "inventory_turnover_ratio": 1158.33,
            "account_receivable_turnover_ratio": 10,
            "reinvestment_rate": null,
            "research_to_sale_ratio": null,
            "price_fair": 0,
            "eps_avg_yearly": 0,
            "eps_latest_yearly": 0,
            "eps_growth_yearly": 0
        },
        "20194": {
            "year_quarter": 20194,
            "year": 2019,
            "quarter": 4,
            "eps": -1.98,
            "eps_growth_year": null,
            "eps_4q": -5.72,
            "eps_4q_growth_year": null,
            "roe": -38.18,
            "roe_4q": -85.57999999999998,
            "gross_profit": 35605,
            "gross_margin": 16.29,
            "gross_margin_4q_avg": 14.65,
            "net_income": -36125,
            "net_income_4q": null,
            "revenue": 218569,
            "revenue_4q": null,
            "common_shares": 182721,
            "book_valuer_per_share": 4.2,
            "book_valuer_per_share_4q_avg": 4.69,
            "equity": 76813,
            "current_ratio": 108.93,
            "debt_ratio": 74.17,
            "inventory_turnover_ratio": 652.28,
            "account_receivable_turnover_ratio": 5.96,
            "reinvestment_rate": null,
            "research_to_sale_ratio": null,
            "price_fair": 0,
            "eps_avg_yearly": 0,
            "eps_latest_yearly": 0,
            "eps_growth_yearly": 0
        },
        "20201": {
            "year_quarter": 20201,
            "year": 2020,
            "quarter": 1,
            "eps": -1.58,
            "eps_growth_year": null,
            "eps_4q": -6.03,
            "eps_4q_growth_year": null,
            "roe": -46.11,
            "roe_4q": -117.99999999999999,
            "gross_profit": 16256,
            "gross_margin": 14.93,
            "gross_margin_4q_avg": 14.52,
            "net_income": -28784,
            "net_income_4q": null,
            "revenue": 108847,
            "revenue_4q": null,
            "common_shares": 182721,
            "book_valuer_per_share": 2.63,
            "book_valuer_per_share_4q_avg": 4.26,
            "equity": 48029,
            "current_ratio": 101.7,
            "debt_ratio": 75.53,
            "inventory_turnover_ratio": 399.96,
            "account_receivable_turnover_ratio": 4.82,
            "reinvestment_rate": null,
            "research_to_sale_ratio": null,
            "price_fair": 0,
            "eps_avg_yearly": 0,
            "eps_latest_yearly": 0,
            "eps_growth_yearly": 0
        },
        "20202": {
            "year_quarter": 20202,
            "year": 2020,
            "quarter": 2,
            "eps": -1.18,
            "eps_growth_year": null,
            "eps_4q": -6.6,
            "eps_4q_growth_year": null,
            "roe": -58.16,
            "roe_4q": -168.81,
            "gross_profit": 6051,
            "gross_margin": 58.32,
            "gross_margin_4q_avg": 25.12,
            "net_income": -21641,
            "net_income_4q": null,
            "revenue": 10376,
            "revenue_4q": null,
            "common_shares": 182721,
            "book_valuer_per_share": 1.44,
            "book_valuer_per_share_4q_avg": 3.61,
            "equity": 26388,
            "current_ratio": 86.88,
            "debt_ratio": 87.72,
            "inventory_turnover_ratio": 32.28,
            "account_receivable_turnover_ratio": 1.05,
            "reinvestment_rate": null,
            "research_to_sale_ratio": null,
            "price_fair": 0,
            "eps_avg_yearly": 0,
            "eps_latest_yearly": 0,
            "eps_growth_yearly": 0
        },
        "20203": {
            "year_quarter": 20203,
            "year": 2020,
            "quarter": 3,
            "eps": -0.87,
            "eps_growth_year": null,
            "eps_4q": -2.86,
            "eps_4q_growth_year": null,
            "roe": -41.47,
            "roe_4q": -183.92000000000002,
            "gross_profit": 3492,
            "gross_margin": 13.12,
            "gross_margin_4q_avg": 25.67,
            "net_income": -22802,
            "net_income_4q": null,
            "revenue": 26612,
            "revenue_4q": null,
            "common_shares": 382721,
            "book_valuer_per_share": 2.18,
            "book_valuer_per_share_4q_avg": 2.61,
            "equity": 83586,
            "current_ratio": 105.84,
            "debt_ratio": 51.54,
            "inventory_turnover_ratio": 440.38,
            "account_receivable_turnover_ratio": 11.36,
            "reinvestment_rate": null,
            "research_to_sale_ratio": null,
            "price_fair": 0,
            "eps_avg_yearly": 0,
            "eps_latest_yearly": 0,
            "eps_growth_yearly": 0
        },
        "20204": {
            "year_quarter": 20204,
            "year": 2020,
            "quarter": 4,
            "eps": -0.47,
            "eps_growth_year": null,
            "eps_4q": -2.83,
            "eps_4q_growth_year": null,
            "roe": -19.33,
            "roe_4q": -165.07,
            "gross_profit": 3168,
            "gross_margin": 21.91,
            "gross_margin_4q_avg": 27.07,
            "net_income": -14735,
            "net_income_4q": null,
            "revenue": 14457,
            "revenue_4q": null,
            "common_shares": 310721,
            "book_valuer_per_share": 2.22,
            "book_valuer_per_share_4q_avg": 2.12,
            "equity": 68863,
            "current_ratio": 130.09,
            "debt_ratio": 67.91,
            "inventory_turnover_ratio": null,
            "account_receivable_turnover_ratio": 8.08,
            "reinvestment_rate": null,
            "research_to_sale_ratio": null,
            "price_fair": 0,
            "eps_avg_yearly": 0,
            "eps_latest_yearly": 0,
            "eps_growth_yearly": 0
        },
        "20211": {
            "year_quarter": 20211,
            "year": 2021,
            "quarter": 1,
            "eps": -0.48,
            "eps_growth_year": null,
            "eps_4q": -2.38,
            "eps_4q_growth_year": null,
            "roe": -24.11,
            "roe_4q": -143.07,
            "gross_profit": 1688,
            "gross_margin": 18.99,
            "gross_margin_4q_avg": 28.09,
            "net_income": -14818,
            "net_income_4q": null,
            "revenue": 8890,
            "revenue_4q": null,
            "common_shares": 310721,
            "book_valuer_per_share": 1.74,
            "book_valuer_per_share_4q_avg": 1.9,
            "equity": 54045,
            "current_ratio": 128.81,
            "debt_ratio": 74.33,
            "inventory_turnover_ratio": null,
            "account_receivable_turnover_ratio": 5.45,
            "reinvestment_rate": null,
            "research_to_sale_ratio": null,
            "price_fair": 0,
            "eps_avg_yearly": 0,
            "eps_latest_yearly": 0,
            "eps_growth_yearly": 0
        },
        "20212": {
            "year_quarter": 20212,
            "year": 2021,
            "quarter": 2,
            "eps": -0.42,
            "eps_growth_year": null,
            "eps_4q": -1.94,
            "eps_4q_growth_year": null,
            "roe": -22.95,
            "roe_4q": -107.86,
            "gross_profit": 1266,
            "gross_margin": 11.69,
            "gross_margin_4q_avg": 16.43,
            "net_income": -13599,
            "net_income_4q": null,
            "revenue": 10826,
            "revenue_4q": null,
            "common_shares": 340721,
            "book_valuer_per_share": 1.89,
            "book_valuer_per_share_4q_avg": 2.01,
            "equity": 64446,
            "current_ratio": 251.96,
            "debt_ratio": 73.06,
            "inventory_turnover_ratio": 3824,
            "account_receivable_turnover_ratio": 7.4,
            "reinvestment_rate": null,
            "research_to_sale_ratio": null,
            "price_fair": 0,
            "eps_avg_yearly": 0,
            "eps_latest_yearly": 0,
            "eps_growth_yearly": 0
        },
        "20213": {
            "year_quarter": 20213,
            "year": 2021,
            "quarter": 3,
            "eps": -0.32,
            "eps_growth_year": null,
            "eps_4q": -1.58,
            "eps_4q_growth_year": null,
            "roe": -18.35,
            "roe_4q": -84.74,
            "gross_profit": 1745,
            "gross_margin": 30.29,
            "gross_margin_4q_avg": 20.72,
            "net_income": -10833,
            "net_income_4q": null,
            "revenue": 5761,
            "revenue_4q": null,
            "common_shares": 340721,
            "book_valuer_per_share": 1.57,
            "book_valuer_per_share_4q_avg": 1.86,
            "equity": 53613,
            "current_ratio": 189.1,
            "debt_ratio": 77.13,
            "inventory_turnover_ratio": 803.2,
            "account_receivable_turnover_ratio": 4.83,
            "reinvestment_rate": null,
            "research_to_sale_ratio": null,
            "price_fair": 0,
            "eps_avg_yearly": 0,
            "eps_latest_yearly": 0,
            "eps_growth_yearly": 0
        },
        "20214": {
            "year_quarter": 20214,
            "year": 2021,
            "quarter": 4,
            "eps": -0.1,
            "eps_growth_year": null,
            "eps_4q": -1.25,
            "eps_4q_growth_year": null,
            "roe": -6.48,
            "roe_4q": -71.89,
            "gross_profit": 484,
            "gross_margin": 6.32,
            "gross_margin_4q_avg": 16.82,
            "net_income": -3365,
            "net_income_4q": null,
            "revenue": 7655,
            "revenue_4q": null,
            "common_shares": 340721,
            "book_valuer_per_share": 1.47,
            "book_valuer_per_share_4q_avg": 1.67,
            "equity": 50248,
            "current_ratio": 196.72,
            "debt_ratio": 78.17,
            "inventory_turnover_ratio": 23.28,
            "account_receivable_turnover_ratio": 7.3,
            "reinvestment_rate": null,
            "research_to_sale_ratio": null,
            "price_fair": 0,
            "eps_avg_yearly": 0,
            "eps_latest_yearly": 0,
            "eps_growth_yearly": 0
        },
        "20221": {
            "year_quarter": 20221,
            "year": 2022,
            "quarter": 1,
            "eps": -0.24,
            "eps_growth_year": null,
            "eps_4q": -1.06,
            "eps_4q_growth_year": null,
            "roe": -17.73,
            "roe_4q": -65.51,
            "gross_profit": 1190,
            "gross_margin": 20.75,
            "gross_margin_4q_avg": 17.26,
            "net_income": -8184,
            "net_income_4q": null,
            "revenue": 5736,
            "revenue_4q": null,
            "common_shares": 340721,
            "book_valuer_per_share": 1.23,
            "book_valuer_per_share_4q_avg": 1.54,
            "equity": 42064,
            "current_ratio": 186.06,
            "debt_ratio": 81.55,
            "inventory_turnover_ratio": 23.13,
            "account_receivable_turnover_ratio": 5.03,
            "reinvestment_rate": null,
            "research_to_sale_ratio": null,
            "price_fair": 0,
            "eps_avg_yearly": 0,
            "eps_latest_yearly": 0,
            "eps_growth_yearly": 0
        },
        "20222": {
            "year_quarter": 20222,
            "year": 2022,
            "quarter": 2,
            "eps": -0.54,
            "eps_growth_year": null,
            "eps_4q": -1.73,
            "eps_4q_growth_year": null,
            "roe": -27.21,
            "roe_4q": -69.77000000000001,
            "gross_profit": 3054,
            "gross_margin": 18.75,
            "gross_margin_4q_avg": 19.03,
            "net_income": -10076,
            "net_income_4q": null,
            "revenue": 16292,
            "revenue_4q": null,
            "common_shares": 187421,
            "book_valuer_per_share": 1.71,
            "book_valuer_per_share_4q_avg": 1.5,
            "equity": 31988,
            "current_ratio": 158.82,
            "debt_ratio": 87.22,
            "inventory_turnover_ratio": 164.45,
            "account_receivable_turnover_ratio": 13.77,
            "reinvestment_rate": null,
            "research_to_sale_ratio": null,
            "price_fair": 0,
            "eps_avg_yearly": 0,
            "eps_latest_yearly": 0,
            "eps_growth_yearly": 0
        },
        "20223": {
            "year_quarter": 20223,
            "year": 2022,
            "quarter": 3,
            "eps": -0.27,
            "eps_growth_year": null,
            "eps_4q": -0.5,
            "eps_4q_growth_year": null,
            "roe": -4.72,
            "roe_4q": -56.14,
            "gross_profit": 805,
            "gross_margin": 4.69,
            "gross_margin_4q_avg": 12.63,
            "net_income": -12991,
            "net_income_4q": null,
            "revenue": 17179,
            "revenue_4q": null,
            "common_shares": 687421,
            "book_valuer_per_share": 7.55,
            "book_valuer_per_share_4q_avg": 2.99,
            "equity": 518997,
            "current_ratio": 732.61,
            "debt_ratio": 31.59,
            "inventory_turnover_ratio": 222.78,
            "account_receivable_turnover_ratio": 2.73,
            "reinvestment_rate": null,
            "research_to_sale_ratio": null,
            "price_fair": 0,
            "eps_avg_yearly": 0,
            "eps_latest_yearly": 0,
            "eps_growth_yearly": 0
        },
        "20224": {
            "year_quarter": 20224,
            "year": 2022,
            "quarter": 4,
            "eps": -0.19,
            "eps_growth_year": null,
            "eps_4q": -0.65,
            "eps_4q_growth_year": null,
            "roe": -2.6,
            "roe_4q": -52.260000000000005,
            "gross_profit": -5089,
            "gross_margin": -11.95,
            "gross_margin_4q_avg": 8.06,
            "net_income": -13341,
            "net_income_4q": null,
            "revenue": 42599,
            "revenue_4q": null,
            "common_shares": 687421,
            "book_valuer_per_share": 7.39,
            "book_valuer_per_share_4q_avg": 4.47,
            "equity": 507796,
            "current_ratio": 730.04,
            "debt_ratio": 22.47,
            "inventory_turnover_ratio": 788.23,
            "account_receivable_turnover_ratio": 3.8,
            "reinvestment_rate": null,
            "research_to_sale_ratio": null,
            "price_fair": 0,
            "eps_avg_yearly": 0,
            "eps_latest_yearly": 0,
            "eps_growth_yearly": 0
        },
        "20231": {
            "year_quarter": 20231,
            "year": 2023,
            "quarter": 1,
            "eps": 0.02,
            "eps_growth_year": null,
            "eps_4q": -0.51,
            "eps_4q_growth_year": null,
            "roe": 0.22,
            "roe_4q": -34.31,
            "gross_profit": 17934,
            "gross_margin": 16.37,
            "gross_margin_4q_avg": 6.97,
            "net_income": 1095,
            "net_income_4q": null,
            "revenue": 109522,
            "revenue_4q": null,
            "common_shares": 687421,
            "book_valuer_per_share": 7.42,
            "book_valuer_per_share_4q_avg": 6.02,
            "equity": 510146,
            "current_ratio": 477.65,
            "debt_ratio": 26,
            "inventory_turnover_ratio": 1831.76,
            "account_receivable_turnover_ratio": 10.29,
            "reinvestment_rate": null,
            "research_to_sale_ratio": null,
            "price_fair": 0,
            "eps_avg_yearly": 0,
            "eps_latest_yearly": 0,
            "eps_growth_yearly": 0
        },
        "20232": {
            "year_quarter": 20232,
            "year": 2023,
            "quarter": 2,
            "eps": -0.09,
            "eps_growth_year": null,
            "eps_4q": -0.46,
            "eps_4q_growth_year": null,
            "roe": -1.21,
            "roe_4q": -8.309999999999999,
            "gross_profit": 20168,
            "gross_margin": 8.24,
            "gross_margin_4q_avg": 4.34,
            "net_income": -6123,
            "net_income_4q": null,
            "revenue": 244666,
            "revenue_4q": null,
            "common_shares": 687421,
            "book_valuer_per_share": 7.35,
            "book_valuer_per_share_4q_avg": 7.43,
            "equity": 505276,
            "current_ratio": 338.03,
            "debt_ratio": 33.14,
            "inventory_turnover_ratio": 4489.96,
            "account_receivable_turnover_ratio": 18.09,
            "reinvestment_rate": null,
            "research_to_sale_ratio": null,
            "price_fair": 0,
            "eps_avg_yearly": 0,
            "eps_latest_yearly": 0,
            "eps_growth_yearly": 0
        }
    },
    "months": {
        "2008-01": {
            "month": "2008-01",
            "price": "50.98",
            "revenue": 13003
        },
        "2008-02": {
            "month": "2008-02",
            "price": "42.43",
            "revenue": 8093
        },
        "2008-03": {
            "month": "2008-03",
            "price": "42.50",
            "revenue": 10803
        },
        "2008-04": {
            "month": "2008-04",
            "price": "42.59",
            "revenue": 10958
        },
        "2008-05": {
            "month": "2008-05",
            "price": "41.72",
            "revenue": 12237
        },
        "2008-06": {
            "month": "2008-06",
            "price": "38.97",
            "revenue": 15485
        },
        "2008-07": {
            "month": "2008-07",
            "price": "29.26",
            "revenue": 17604
        },
        "2008-08": {
            "month": "2008-08",
            "price": "20.47",
            "revenue": 25782
        },
        "2008-09": {
            "month": "2008-09",
            "price": "15.04",
            "revenue": 12197
        },
        "2008-10": {
            "month": "2008-10",
            "price": "12.69",
            "revenue": 11659
        },
        "2008-11": {
            "month": "2008-11",
            "price": "10.19",
            "revenue": 5007
        },
        "2008-12": {
            "month": "2008-12",
            "price": "9.78",
            "revenue": 10730
        },
        "2009-01": {
            "month": "2009-01",
            "price": "8.81",
            "revenue": 342862
        },
        "2009-02": {
            "month": "2009-02",
            "price": "9.90",
            "revenue": 173194
        },
        "2009-03": {
            "month": "2009-03",
            "price": "11.67",
            "revenue": 216895
        },
        "2009-04": {
            "month": "2009-04",
            "price": "33.57",
            "revenue": 210223
        },
        "2009-05": {
            "month": "2009-05",
            "price": "29.43",
            "revenue": 263393
        },
        "2009-06": {
            "month": "2009-06",
            "price": "27.25",
            "revenue": 114813
        },
        "2009-07": {
            "month": "2009-07",
            "price": "30.10",
            "revenue": 348863
        },
        "2009-08": {
            "month": "2009-08",
            "price": "28.58",
            "revenue": 374710
        },
        "2009-09": {
            "month": "2009-09",
            "price": "23.91",
            "revenue": 185741
        },
        "2009-10": {
            "month": "2009-10",
            "price": "18.60",
            "revenue": 198119
        },
        "2009-11": {
            "month": "2009-11",
            "price": "18.33",
            "revenue": 209214
        },
        "2009-12": {
            "month": "2009-12",
            "price": "21.72",
            "revenue": 216932
        },
        "2010-01": {
            "month": "2010-01",
            "price": "20.11",
            "revenue": 292253
        },
        "2010-02": {
            "month": "2010-02",
            "price": "20.55",
            "revenue": 386757
        },
        "2010-04": {
            "month": "2010-04",
            "price": "23.02",
            "revenue": 232602
        },
        "2010-05": {
            "month": "2010-05",
            "price": "24.33",
            "revenue": 239876
        },
        "2010-06": {
            "month": "2010-06",
            "price": "26.86",
            "revenue": 292580
        },
        "2010-07": {
            "month": "2010-07",
            "price": "27.37",
            "revenue": 480169
        },
        "2010-08": {
            "month": "2010-08",
            "price": "29.67",
            "revenue": 418833
        },
        "2010-09": {
            "month": "2010-09",
            "price": "27.61",
            "revenue": 262535
        },
        "2010-10": {
            "month": "2010-10",
            "price": "30.20",
            "revenue": 265642
        },
        "2010-11": {
            "month": "2010-11",
            "price": "31.85",
            "revenue": 227596
        },
        "2010-12": {
            "month": "2010-12",
            "price": "36.70",
            "revenue": 246659
        },
        "2011-01": {
            "month": "2011-01",
            "price": "38.33",
            "revenue": 288211
        },
        "2011-02": {
            "month": "2011-02",
            "price": "37.37",
            "revenue": 358038
        },
        "2011-03": {
            "month": "2011-03",
            "price": "32.77",
            "revenue": 206109
        },
        "2011-04": {
            "month": "2011-04",
            "price": "30.76",
            "revenue": 199517
        },
        "2011-05": {
            "month": "2011-05",
            "price": "34.19",
            "revenue": 244043
        },
        "2011-06": {
            "month": "2011-06",
            "price": "36.73",
            "revenue": 328326
        },
        "2011-07": {
            "month": "2011-07",
            "price": "34.62",
            "revenue": 432148
        },
        "2011-08": {
            "month": "2011-08",
            "price": "30.85",
            "revenue": 386557
        },
        "2011-09": {
            "month": "2011-09",
            "price": "26.57",
            "revenue": 247410
        },
        "2011-10": {
            "month": "2011-10",
            "price": "25.69",
            "revenue": 265835
        },
        "2011-11": {
            "month": "2011-11",
            "price": "26.74",
            "revenue": 196656
        },
        "2011-12": {
            "month": "2011-12",
            "price": "26.02",
            "revenue": 200635
        },
        "2012-01": {
            "month": "2012-01",
            "price": "25.98",
            "revenue": 369648
        },
        "2012-02": {
            "month": "2012-02",
            "price": "59.80",
            "revenue": 215330
        },
        "2012-03": {
            "month": "2012-03",
            "price": "46.08",
            "revenue": 146019
        },
        "2012-04": {
            "month": "2012-04",
            "price": "35.29",
            "revenue": 178611
        },
        "2012-05": {
            "month": "2012-05",
            "price": "30.96",
            "revenue": 189219
        },
        "2012-06": {
            "month": "2012-06",
            "price": "27.80",
            "revenue": 222794
        },
        "2012-07": {
            "month": "2012-07",
            "price": "26.51",
            "revenue": 357424
        },
        "2012-08": {
            "month": "2012-08",
            "price": "26.13",
            "revenue": 297241
        },
        "2012-09": {
            "month": "2012-09",
            "price": "24.26",
            "revenue": 176103
        },
        "2012-10": {
            "month": "2012-10",
            "price": "24.60",
            "revenue": 189299
        },
        "2012-11": {
            "month": "2012-11",
            "price": "21.74",
            "revenue": 169301
        },
        "2012-12": {
            "month": "2012-12",
            "price": "22.28",
            "revenue": 178658
        },
        "2013-01": {
            "month": "2013-01",
            "price": "23.87",
            "revenue": 195765
        },
        "2013-02": {
            "month": "2013-02",
            "price": "25.41",
            "revenue": 343694
        },
        "2013-03": {
            "month": "2013-03",
            "price": "23.94",
            "revenue": 209708
        },
        "2013-04": {
            "month": "2013-04",
            "price": "21.10",
            "revenue": 208404
        },
        "2013-05": {
            "month": "2013-05",
            "price": "22.02",
            "revenue": 182320
        },
        "2013-06": {
            "month": "2013-06",
            "price": "22.64",
            "revenue": 291366
        },
        "2013-07": {
            "month": "2013-07",
            "price": "24.90",
            "revenue": 417607
        },
        "2013-08": {
            "month": "2013-08",
            "price": "28.03",
            "revenue": 354031
        },
        "2013-09": {
            "month": "2013-09",
            "price": "25.99",
            "revenue": 266657
        },
        "2013-10": {
            "month": "2013-10",
            "price": "25.55",
            "revenue": 248093
        },
        "2013-11": {
            "month": "2013-11",
            "price": "27.13",
            "revenue": 185131
        },
        "2013-12": {
            "month": "2013-12",
            "price": "37.41",
            "revenue": 179179
        },
        "2014-01": {
            "month": "2014-01",
            "price": "34.29",
            "revenue": 225614
        },
        "2014-02": {
            "month": "2014-02",
            "price": "32.78",
            "revenue": 318670
        },
        "2014-03": {
            "month": "2014-03",
            "price": "32.18",
            "revenue": 215345
        },
        "2014-04": {
            "month": "2014-04",
            "price": "30.83",
            "revenue": 202246
        },
        "2014-05": {
            "month": "2014-05",
            "price": "29.93",
            "revenue": 246591
        },
        "2014-06": {
            "month": "2014-06",
            "price": "30.36",
            "revenue": 283964
        },
        "2014-07": {
            "month": "2014-07",
            "price": "29.84",
            "revenue": 421229
        },
        "2014-08": {
            "month": "2014-08",
            "price": "25.61",
            "revenue": 362137
        },
        "2014-09": {
            "month": "2014-09",
            "price": "25.15",
            "revenue": 229354
        },
        "2014-10": {
            "month": "2014-10",
            "price": "23.43",
            "revenue": 242129
        },
        "2014-11": {
            "month": "2014-11",
            "price": "23.96",
            "revenue": 173690
        },
        "2014-12": {
            "month": "2014-12",
            "price": "24.02",
            "revenue": 193188
        },
        "2015-01": {
            "month": "2015-01",
            "price": "23.92",
            "revenue": 214463
        },
        "2015-02": {
            "month": "2015-02",
            "price": "23.30",
            "revenue": 371456
        },
        "2015-03": {
            "month": "2015-03",
            "price": "23.81",
            "revenue": 231397
        },
        "2015-04": {
            "month": "2015-04",
            "price": "24.03",
            "revenue": 245874
        },
        "2015-05": {
            "month": "2015-05",
            "price": "27.62",
            "revenue": 235222
        },
        "2015-06": {
            "month": "2015-06",
            "price": "26.20",
            "revenue": 273879
        },
        "2015-07": {
            "month": "2015-07",
            "price": "24.51",
            "revenue": 368589
        },
        "2015-08": {
            "month": "2015-08",
            "price": "19.45",
            "revenue": 308113
        },
        "2015-09": {
            "month": "2015-09",
            "price": "17.94",
            "revenue": 198687
        },
        "2015-10": {
            "month": "2015-10",
            "price": "18.49",
            "revenue": 212532
        },
        "2015-11": {
            "month": "2015-11",
            "price": "18.03",
            "revenue": 170623
        },
        "2015-12": {
            "month": "2015-12",
            "price": "16.88",
            "revenue": 165620
        },
        "2016-01": {
            "month": "2016-01",
            "price": "16.48",
            "revenue": 188970
        },
        "2016-02": {
            "month": "2016-02",
            "price": "16.90",
            "revenue": 307616
        },
        "2016-03": {
            "month": "2016-03",
            "price": "17.46",
            "revenue": 160549
        },
        "2016-04": {
            "month": "2016-04",
            "price": "17.81",
            "revenue": 177191
        },
        "2016-05": {
            "month": "2016-05",
            "price": "16.78",
            "revenue": 199199
        },
        "2016-06": {
            "month": "2016-06",
            "price": "15.65",
            "revenue": 233443
        },
        "2016-07": {
            "month": "2016-07",
            "price": "14.74",
            "revenue": 292891
        },
        "2016-08": {
            "month": "2016-08",
            "price": "14.74",
            "revenue": 278943
        },
        "2016-09": {
            "month": "2016-09",
            "price": "13.77",
            "revenue": 221502
        },
        "2016-10": {
            "month": "2016-10",
            "price": "13.60",
            "revenue": 178142
        },
        "2016-11": {
            "month": "2016-11",
            "price": "12.25",
            "revenue": 138909
        },
        "2016-12": {
            "month": "2016-12",
            "price": "11.62",
            "revenue": 125198
        },
        "2017-01": {
            "month": "2017-01",
            "price": "11.70",
            "revenue": 185335
        },
        "2017-02": {
            "month": "2017-02",
            "price": "12.05",
            "revenue": 222852
        },
        "2017-03": {
            "month": "2017-03",
            "price": "11.97",
            "revenue": 179614
        },
        "2017-04": {
            "month": "2017-04",
            "price": "11.96",
            "revenue": 181496
        },
        "2017-05": {
            "month": "2017-05",
            "price": "11.14",
            "revenue": 211095
        },
        "2017-06": {
            "month": "2017-06",
            "price": "11.77",
            "revenue": 225033
        },
        "2017-07": {
            "month": "2017-07",
            "price": "11.74",
            "revenue": 289787
        },
        "2017-08": {
            "month": "2017-08",
            "price": "10.82",
            "revenue": 283535
        },
        "2017-09": {
            "month": "2017-09",
            "price": "10.26",
            "revenue": 152938
        },
        "2017-10": {
            "month": "2017-10",
            "price": "9.95",
            "revenue": 205437
        },
        "2017-11": {
            "month": "2017-11",
            "price": "9.78",
            "revenue": 166785
        },
        "2017-12": {
            "month": "2017-12",
            "price": "9.42",
            "revenue": 123350
        },
        "2018-01": {
            "month": "2018-01",
            "price": "9.64",
            "revenue": 118546
        },
        "2018-02": {
            "month": "2018-02",
            "price": "9.33",
            "revenue": 209103
        },
        "2018-03": {
            "month": "2018-03",
            "price": "9.31",
            "revenue": 155486
        },
        "2018-04": {
            "month": "2018-04",
            "price": "8.91",
            "revenue": 216938
        },
        "2018-05": {
            "month": "2018-05",
            "price": "8.24",
            "revenue": 239028
        },
        "2018-06": {
            "month": "2018-06",
            "price": "7.84",
            "revenue": 255601
        },
        "2018-07": {
            "month": "2018-07",
            "price": "7.48",
            "revenue": 284985
        },
        "2018-08": {
            "month": "2018-08",
            "price": "7.41",
            "revenue": 251706
        },
        "2018-09": {
            "month": "2018-09",
            "price": "9.66",
            "revenue": 166387
        },
        "2018-10": {
            "month": "2018-10",
            "price": "9.34",
            "revenue": 125794
        },
        "2018-11": {
            "month": "2018-11",
            "price": "9.51",
            "revenue": 114542
        },
        "2018-12": {
            "month": "2018-12",
            "price": "9.32",
            "revenue": 107842
        },
        "2019-01": {
            "month": "2019-01",
            "price": "8.30",
            "revenue": 121568
        },
        "2019-02": {
            "month": "2019-02",
            "price": "8.28",
            "revenue": 174596
        },
        "2019-03": {
            "month": "2019-03",
            "price": "7.67",
            "revenue": 139901
        },
        "2019-04": {
            "month": "2019-04",
            "price": "6.59",
            "revenue": 158453
        },
        "2019-05": {
            "month": "2019-05",
            "price": "5.09",
            "revenue": 176191
        },
        "2019-06": {
            "month": "2019-06",
            "price": "4.06",
            "revenue": 204281
        },
        "2019-07": {
            "month": "2019-07",
            "price": "4.30",
            "revenue": 221953
        },
        "2019-08": {
            "month": "2019-08",
            "price": "3.68",
            "revenue": 164619
        },
        "2019-09": {
            "month": "2019-09",
            "price": "3.79",
            "revenue": 116640
        },
        "2019-10": {
            "month": "2019-10",
            "price": "6.00",
            "revenue": 96259
        },
        "2019-11": {
            "month": "2019-11",
            "price": "6.83",
            "revenue": 68654
        },
        "2019-12": {
            "month": "2019-12",
            "price": "5.87",
            "revenue": 53656
        },
        "2020-01": {
            "month": "2020-01",
            "price": "5.54",
            "revenue": 61205
        },
        "2020-02": {
            "month": "2020-02",
            "price": "5.06",
            "revenue": 40262
        },
        "2020-03": {
            "month": "2020-03",
            "price": "5.65",
            "revenue": 7380
        },
        "2020-04": {
            "month": "2020-04",
            "price": "6.59",
            "revenue": 1339
        },
        "2020-05": {
            "month": "2020-05",
            "price": "8.51",
            "revenue": 1829
        },
        "2020-06": {
            "month": "2020-06",
            "price": "17.85",
            "revenue": 7149
        },
        "2020-07": {
            "month": "2020-07",
            "price": "14.77",
            "revenue": 9540
        },
        "2020-08": {
            "month": "2020-08",
            "price": "13.06",
            "revenue": 11568
        },
        "2020-09": {
            "month": "2020-09",
            "price": "9.51",
            "revenue": 5504
        },
        "2020-10": {
            "month": "2020-10",
            "price": "9.03",
            "revenue": 6725
        },
        "2020-11": {
            "month": "2020-11",
            "price": "8.10",
            "revenue": 5012
        },
        "2020-12": {
            "month": "2020-12",
            "price": "8.13",
            "revenue": 2724
        },
        "2021-01": {
            "month": "2021-01",
            "price": "10.95",
            "revenue": 4616
        },
        "2021-02": {
            "month": "2021-02",
            "price": "11.60",
            "revenue": 2006
        },
        "2021-03": {
            "month": "2021-03",
            "price": "13.32",
            "revenue": 2310
        },
        "2021-04": {
            "month": "2021-04",
            "price": "12.49",
            "revenue": 4352
        },
        "2021-05": {
            "month": "2021-05",
            "price": "11.34",
            "revenue": 5580
        },
        "2021-06": {
            "month": "2021-06",
            "price": "11.52",
            "revenue": 893
        },
        "2021-07": {
            "month": "2021-07",
            "price": "13.58",
            "revenue": 410
        },
        "2021-08": {
            "month": "2021-08",
            "price": "12.55",
            "revenue": 1543
        },
        "2021-09": {
            "month": "2021-09",
            "price": "12.97",
            "revenue": 3808
        },
        "2021-10": {
            "month": "2021-10",
            "price": "12.78",
            "revenue": 5135
        },
        "2021-11": {
            "month": "2021-11",
            "price": "12.56",
            "revenue": 8259
        },
        "2021-12": {
            "month": "2021-12",
            "price": "12.33",
            "revenue": 10133
        },
        "2022-01": {
            "month": "2022-01",
            "price": "13.19",
            "revenue": 1015
        },
        "2022-02": {
            "month": "2022-02",
            "price": "14.79",
            "revenue": 2991
        },
        "2022-03": {
            "month": "2022-03",
            "price": "15.53",
            "revenue": 1830
        },
        "2022-04": {
            "month": "2022-04",
            "price": "14.48",
            "revenue": 4559
        },
        "2022-05": {
            "month": "2022-05",
            "price": "15.29",
            "revenue": 6153
        },
        "2022-06": {
            "month": "2022-06",
            "price": "14.92",
            "revenue": 5617
        },
        "2022-07": {
            "month": "2022-07",
            "price": "13.67",
            "revenue": 4023
        },
        "2022-08": {
            "month": "2022-08",
            "price": "23.03",
            "revenue": 6464
        },
        "2022-09": {
            "month": "2022-09",
            "price": "23.51",
            "revenue": 6691
        },
        "2022-10": {
            "month": "2022-10",
            "price": "22.63",
            "revenue": 6392
        },
        "2022-11": {
            "month": "2022-11",
            "price": "23.11",
            "revenue": 5748
        },
        "2022-12": {
            "month": "2022-12",
            "price": "34.59",
            "revenue": 27506
        },
        "2023-01": {
            "month": "2023-01",
            "price": "30.58",
            "revenue": 27751
        },
        "2023-02": {
            "month": "2023-02",
            "price": "41.06",
            "revenue": 41535
        },
        "2023-03": {
            "month": "2023-03",
            "price": "50.32",
            "revenue": 40237
        },
        "2023-04": {
            "month": "2023-04",
            "price": "48.98",
            "revenue": 55069
        },
        "2023-05": {
            "month": "2023-05",
            "price": "55.42",
            "revenue": 85148
        },
        "2023-06": {
            "month": "2023-06",
            "price": "93.68",
            "revenue": 103674
        },
        "2023-07": {
            "month": "2023-07",
            "price": "78.50",
            "revenue": 128510
        },
        "2023-08": {
            "month": "2023-08",
            "price": "66.57",
            "revenue": 154978
        },
        "2023-09": {
            "month": "2023-09",
            "price": "54.80",
            "revenue": 106825
        }
    }
}
