{
    "summary": {
        "stock_name": "夏都",
        "stock_id": "2722",
        "category": "觀光餐旅",
        "main_business": "一般旅館業<br>餐館業<br>商品銷售",
        "website_url": "http://www.chateau-hotels.com.tw",
        "ceo": "王慶祺",
        "pe_ratio": 75,
        "report_year_from": 2008,
        "report_year_to": 2023,
        "age": 16,
        "eps_negative_percentage": 0,
        "eps_growth_avg": {
            "last_all": -2.67,
            "last_2y": -8.73,
            "last_4y": 20.76,
            "last_8y": -4.84,
            "last_12y": null,
            "last_16y": null,
            "last_20y": null,
            "at_2006_last_3y": null,
            "at_2007_last_3y": null,
            "at_2008_last_3y": null,
            "at_2009_last_3y": null,
            "at_2010_last_3y": null,
            "at_2011_last_3y": null,
            "at_2012_last_3y": null,
            "at_2013_last_3y": null,
            "at_2014_last_3y": null,
            "at_2015_last_3y": 0.06,
            "at_2016_last_3y": -5.31,
            "at_2017_last_3y": -13.15,
            "at_2018_last_3y": -36.84,
            "at_2019_last_3y": -9.01,
            "at_2020_last_3y": 3.43,
            "at_2021_last_3y": -6.56,
            "at_2022_last_3y": 38.27,
            "at_2023_last_3y": 0.95,
            "at_2024_last_3y": 0.95,
            "at_2006_last_all": null,
            "at_2007_last_all": null,
            "at_2008_last_all": null,
            "at_2009_last_all": null,
            "at_2010_last_all": null,
            "at_2011_last_all": null,
            "at_2012_last_all": null,
            "at_2013_last_all": -1.95,
            "at_2014_last_all": 3.86,
            "at_2015_last_all": 0.06,
            "at_2016_last_all": -3.91,
            "at_2017_last_all": -9.42,
            "at_2018_last_all": -19.4,
            "at_2019_last_all": -4.48,
            "at_2020_last_all": -0.64,
            "at_2021_last_all": -8.27,
            "at_2022_last_all": 1.57,
            "at_2023_last_all": -2.67,
            "at_2024_last_all": -2.67
        },
        "latest_eps": 0.69,
        "latest_price": 52,
        "latest_roe": 3.69,
        "latest_gross_margin": 32.15,
        "latest_equity": 2245162,
        "latest_revenue": 143912,
        "latest_gross_profit": 46272,
        "latest_net_income": -17103,
        "latest_debt_ratio": 26.53,
        "latest_current_ratio": 130.28,
        "latest_account_receivable_turnover_ratio": 13.38,
        "latest_inventory_turnover_ratio": 8.43,
        "latest_reinvestment_rate": 43.77,
        "latest_research_to_sale_ratio": null
    },
    "eps_dividends": {
        "2001": {
            "cash": 0,
            "stock": 0,
            "eps": 0
        },
        "2002": {
            "cash": 0,
            "stock": 0,
            "eps": 0
        },
        "2003": {
            "cash": 0,
            "stock": 0,
            "eps": 0
        },
        "2004": {
            "cash": 0,
            "stock": 0,
            "eps": 0
        },
        "2005": {
            "cash": 0,
            "stock": 0,
            "eps": 0
        },
        "2006": {
            "cash": 0,
            "stock": 0,
            "eps": 0
        },
        "2007": {
            "cash": 0,
            "stock": 0,
            "eps": 0
        },
        "2008": {
            "cash": 0,
            "stock": 0,
            "eps": 0
        },
        "2009": {
            "cash": 0,
            "stock": 0,
            "eps": 0
        },
        "2010": {
            "cash": 0,
            "stock": 1.2,
            "eps": 0
        },
        "2011": {
            "cash": 1.2,
            "stock": 1.5,
            "eps": 1.75
        },
        "2012": {
            "cash": 0,
            "stock": 0,
            "eps": 1.78
        },
        "2013": {
            "cash": 0.7,
            "stock": 0.5,
            "eps": 1.68
        },
        "2014": {
            "cash": 0.7,
            "stock": 0.5,
            "eps": 1.94
        },
        "2015": {
            "cash": 0.5,
            "stock": 0.7,
            "eps": 1.72
        },
        "2016": {
            "cash": 0.5,
            "stock": 0.7,
            "eps": 1.38
        },
        "2017": {
            "cash": 0.5,
            "stock": 0.5,
            "eps": 0.87
        },
        "2018": {
            "cash": 0.4,
            "stock": 0.4,
            "eps": 0.18
        },
        "2019": {
            "cash": 0.2,
            "stock": 0,
            "eps": 0.6
        },
        "2020": {
            "cash": 0.2,
            "stock": 0,
            "eps": 0.78
        },
        "2021": {
            "cash": 0.5,
            "stock": 0,
            "eps": 0.18
        },
        "2022": {
            "cash": 0.2,
            "stock": 0,
            "eps": 1.38
        },
        "2023": {
            "cash": 0.6,
            "stock": 0.6,
            "eps": 0.7
        },
        "2024": {
            "cash": 0.25,
            "stock": 0.25,
            "eps": 0
        }
    },
    "dividends": {
        "2010-01-27": {
            "cash": 0,
            "stock": 1.2
        },
        "2011-01-01": {
            "cash": 0.7,
            "stock": 0.5
        },
        "2011-02-22": {
            "cash": 0.5,
            "stock": 1
        },
        "2013-03-04": {
            "cash": 0.7,
            "stock": 0.5
        },
        "2014-05-12": {
            "cash": 0.7,
            "stock": 0.5
        },
        "2015-07-15": {
            "cash": 0.5,
            "stock": 0.7
        },
        "2016-07-21": {
            "cash": 0.5,
            "stock": 0.7
        },
        "2017-07-21": {
            "cash": 0.5,
            "stock": 0.5
        },
        "2018-07-27": {
            "cash": 0.4,
            "stock": 0.4
        },
        "2019-07-17": {
            "cash": 0.2,
            "stock": 0
        },
        "2020-07-17": {
            "cash": 0.2,
            "stock": 0
        },
        "2021-07-08": {
            "cash": 0.5,
            "stock": 0
        },
        "2022-07-20": {
            "cash": 0.2,
            "stock": 0
        },
        "2023-08-16": {
            "cash": 0.6,
            "stock": 0.6
        },
        "2024-02-27": {
            "cash": 0.25,
            "stock": 0.25
        }
    },
    "prices": {
        "200101": "無",
        "200102": "無",
        "200103": "無",
        "200104": "無",
        "200105": "無",
        "200106": "無",
        "200107": "無",
        "200108": "無",
        "200109": "無",
        "200110": "無",
        "200111": "無",
        "200112": "無",
        "200201": "無",
        "200202": "無",
        "200203": "無",
        "200204": "無",
        "200205": "無",
        "200206": "無",
        "200207": "無",
        "200208": "無",
        "200209": "無",
        "200210": "無",
        "200211": "無",
        "200212": "無",
        "200301": "無",
        "200302": "無",
        "200303": "無",
        "200304": "無",
        "200305": "無",
        "200306": "無",
        "200307": "無",
        "200308": "無",
        "200309": "無",
        "200310": "無",
        "200311": "無",
        "200312": "無",
        "200401": "無",
        "200402": "無",
        "200403": "無",
        "200404": "無",
        "200405": "無",
        "200406": "無",
        "200407": "無",
        "200408": "無",
        "200409": "無",
        "200410": "無",
        "200411": "無",
        "200412": "無",
        "200501": "無",
        "200502": "無",
        "200503": "無",
        "200504": "無",
        "200505": "無",
        "200506": "無",
        "200507": "無",
        "200508": "無",
        "200509": "無",
        "200510": "無",
        "200511": "無",
        "200512": "無",
        "200601": "無",
        "200602": "無",
        "200603": "無",
        "200604": "無",
        "200605": "無",
        "200606": "無",
        "200607": "無",
        "200608": "無",
        "200609": "無",
        "200610": "無",
        "200611": "無",
        "200612": "無",
        "200701": "無",
        "200702": "無",
        "200703": "無",
        "200704": "無",
        "200705": "無",
        "200706": "無",
        "200707": "無",
        "200708": "無",
        "200709": "無",
        "200710": "無",
        "200711": "無",
        "200712": "無",
        "200801": "無",
        "200802": "無",
        "200803": "無",
        "200804": "無",
        "200805": "無",
        "200806": "無",
        "200807": "無",
        "200808": "無",
        "200809": "無",
        "200810": "無",
        "200811": "無",
        "200812": "無",
        "200901": "無",
        "200902": "無",
        "200903": "無",
        "200904": "無",
        "200905": "無",
        "200906": "無",
        "200907": "無",
        "200908": "無",
        "200909": "24.14",
        "200910": "28.46",
        "200911": "27.58",
        "200912": "27.40",
        "201001": "29.21",
        "201002": "30.30",
        "201003": "29.92",
        "201004": "30.08",
        "201005": "32.56",
        "201006": "38.86",
        "201007": "37.22",
        "201008": "41.32",
        "201009": "47.08",
        "201010": "40.38",
        "201011": "40.49",
        "201012": "39.78",
        "201101": "44.79",
        "201102": "47.62",
        "201103": "43.94",
        "201104": "44.87",
        "201105": "46.21",
        "201106": "46.83",
        "201107": "46.55",
        "201108": "44.82",
        "201109": "41.90",
        "201110": "35.08",
        "201111": "35.51",
        "201112": "39.72",
        "201201": "39.58",
        "201202": "44.79",
        "201203": "51.75",
        "201204": "44.19",
        "201205": "38.60",
        "201206": "35.83",
        "201207": "36.62",
        "201208": "38.01",
        "201209": "39.02",
        "201210": "38.64",
        "201211": "38.02",
        "201212": "38.48",
        "201301": "40.28",
        "201302": "39.69",
        "201303": "39.62",
        "201304": "39.65",
        "201305": "41.70",
        "201306": "41.38",
        "201307": "41.61",
        "201308": "40.83",
        "201309": "41.17",
        "201310": "41.10",
        "201311": "40.76",
        "201312": "41.11",
        "201401": "41.46",
        "201402": "40.92",
        "201403": "40.77",
        "201404": "40.79",
        "201405": "40.72",
        "201406": "40.75",
        "201407": "41.02",
        "201408": "40.88",
        "201409": "41.30",
        "201410": "42.54",
        "201411": "43.83",
        "201412": "44.59",
        "201501": "44.24",
        "201502": "44.16",
        "201503": "44.89",
        "201504": "44.96",
        "201505": "45.91",
        "201506": "45.97",
        "201507": "45.04",
        "201508": "44.70",
        "201509": "45.08",
        "201510": "44.78",
        "201511": "44.75",
        "201512": "44.87",
        "201601": "44.78",
        "201602": "44.94",
        "201603": "45.21",
        "201604": "45.08",
        "201605": "44.12",
        "201606": "43.04",
        "201607": "41.47",
        "201608": "42.08",
        "201609": "42.03",
        "201610": "41.88",
        "201611": "41.23",
        "201612": "41.38",
        "201701": "40.92",
        "201702": "40.62",
        "201703": "40.28",
        "201704": "39.29",
        "201705": "39.33",
        "201706": "38.79",
        "201707": "37.02",
        "201708": "33.64",
        "201709": "34.30",
        "201710": "34.37",
        "201711": "34.40",
        "201712": "34.99",
        "201801": "35.05",
        "201802": "34.62",
        "201803": "34.27",
        "201804": "33.63",
        "201805": "31.51",
        "201806": "30.65",
        "201807": "30.74",
        "201808": "30.83",
        "201809": "29.77",
        "201810": "27.77",
        "201811": "29.02",
        "201812": "28.66",
        "201901": "29.30",
        "201902": "28.31",
        "201903": "26.98",
        "201904": "26.47",
        "201905": "24.50",
        "201906": "24.48",
        "201907": "24.65",
        "201908": "23.79",
        "201909": "24.74",
        "201910": "25.61",
        "201911": "25.11",
        "201912": "24.71",
        "202001": "25.12",
        "202002": "25.22",
        "202003": "22.28",
        "202004": "22.50",
        "202005": "25.23",
        "202006": "35.97",
        "202007": "33.92",
        "202008": "27.63",
        "202009": "27.88",
        "202010": "26.88",
        "202011": "26.82",
        "202012": "26.35",
        "202101": "25.98",
        "202102": "27.67",
        "202103": "30.10",
        "202104": "30.98",
        "202105": "28.17",
        "202106": "29.72",
        "202107": "35.34",
        "202108": "31.78",
        "202109": "32.22",
        "202110": "32.43",
        "202111": "31.59",
        "202112": "30.58",
        "202201": "30.46",
        "202202": "31.98",
        "202203": "31.94",
        "202204": "31.20",
        "202205": "30.24",
        "202206": "33.31",
        "202207": "33.55",
        "202208": "33.00",
        "202209": "32.86",
        "202210": "31.81",
        "202211": "32.64",
        "202212": "34.15",
        "202301": "32.49",
        "202302": "35.91",
        "202303": "50.54",
        "202304": "50.43",
        "202305": "56.50",
        "202306": "87.81",
        "202307": "77.64",
        "202308": "59.42",
        "202309": "51.41",
        "202310": "44.74",
        "202311": "57.75",
        "202312": "58.82",
        "202401": "58.16",
        "202402": "51.31",
        "202403": "50.71",
        "202404": "無"
    },
    "quarters": {
        "20011": {
            "year_quarter": 20011,
            "year": 2001,
            "quarter": 1,
            "eps": null,
            "eps_growth_year": null,
            "eps_4q": null,
            "eps_4q_growth_year": null,
            "roe": null,
            "roe_4q": 0,
            "gross_profit": null,
            "gross_margin": null,
            "gross_margin_4q_avg": 0,
            "net_income": null,
            "net_income_4q": null,
            "revenue": null,
            "revenue_4q": null,
            "common_shares": null,
            "book_valuer_per_share": null,
            "book_valuer_per_share_4q_avg": 0,
            "equity": null,
            "current_ratio": null,
            "debt_ratio": null,
            "inventory_turnover_ratio": null,
            "account_receivable_turnover_ratio": null,
            "reinvestment_rate": null,
            "research_to_sale_ratio": null,
            "price_fair": 0,
            "eps_avg_yearly": 0,
            "eps_latest_yearly": 0,
            "eps_growth_yearly": 0
        },
        "20012": {
            "year_quarter": 20012,
            "year": 2001,
            "quarter": 2,
            "eps": null,
            "eps_growth_year": null,
            "eps_4q": null,
            "eps_4q_growth_year": null,
            "roe": null,
            "roe_4q": 0,
            "gross_profit": null,
            "gross_margin": null,
            "gross_margin_4q_avg": 0,
            "net_income": null,
            "net_income_4q": null,
            "revenue": null,
            "revenue_4q": null,
            "common_shares": null,
            "book_valuer_per_share": null,
            "book_valuer_per_share_4q_avg": 0,
            "equity": null,
            "current_ratio": null,
            "debt_ratio": null,
            "inventory_turnover_ratio": null,
            "account_receivable_turnover_ratio": null,
            "reinvestment_rate": null,
            "research_to_sale_ratio": null,
            "price_fair": 0,
            "eps_avg_yearly": 0,
            "eps_latest_yearly": 0,
            "eps_growth_yearly": 0
        },
        "20013": {
            "year_quarter": 20013,
            "year": 2001,
            "quarter": 3,
            "eps": null,
            "eps_growth_year": null,
            "eps_4q": null,
            "eps_4q_growth_year": null,
            "roe": null,
            "roe_4q": 0,
            "gross_profit": null,
            "gross_margin": null,
            "gross_margin_4q_avg": 0,
            "net_income": null,
            "net_income_4q": null,
            "revenue": null,
            "revenue_4q": null,
            "common_shares": null,
            "book_valuer_per_share": null,
            "book_valuer_per_share_4q_avg": 0,
            "equity": null,
            "current_ratio": null,
            "debt_ratio": null,
            "inventory_turnover_ratio": null,
            "account_receivable_turnover_ratio": null,
            "reinvestment_rate": null,
            "research_to_sale_ratio": null,
            "price_fair": 0,
            "eps_avg_yearly": 0,
            "eps_latest_yearly": 0,
            "eps_growth_yearly": 0
        },
        "20014": {
            "year_quarter": 20014,
            "year": 2001,
            "quarter": 4,
            "eps": null,
            "eps_growth_year": null,
            "eps_4q": null,
            "eps_4q_growth_year": null,
            "roe": null,
            "roe_4q": 0,
            "gross_profit": null,
            "gross_margin": null,
            "gross_margin_4q_avg": 0,
            "net_income": null,
            "net_income_4q": null,
            "revenue": null,
            "revenue_4q": null,
            "common_shares": null,
            "book_valuer_per_share": null,
            "book_valuer_per_share_4q_avg": 0,
            "equity": null,
            "current_ratio": null,
            "debt_ratio": null,
            "inventory_turnover_ratio": null,
            "account_receivable_turnover_ratio": null,
            "reinvestment_rate": null,
            "research_to_sale_ratio": null,
            "price_fair": 0,
            "eps_avg_yearly": 0,
            "eps_latest_yearly": 0,
            "eps_growth_yearly": 0
        },
        "20021": {
            "year_quarter": 20021,
            "year": 2002,
            "quarter": 1,
            "eps": null,
            "eps_growth_year": null,
            "eps_4q": null,
            "eps_4q_growth_year": null,
            "roe": null,
            "roe_4q": 0,
            "gross_profit": null,
            "gross_margin": null,
            "gross_margin_4q_avg": 0,
            "net_income": null,
            "net_income_4q": null,
            "revenue": null,
            "revenue_4q": null,
            "common_shares": null,
            "book_valuer_per_share": null,
            "book_valuer_per_share_4q_avg": 0,
            "equity": null,
            "current_ratio": null,
            "debt_ratio": null,
            "inventory_turnover_ratio": null,
            "account_receivable_turnover_ratio": null,
            "reinvestment_rate": null,
            "research_to_sale_ratio": null,
            "price_fair": 0,
            "eps_avg_yearly": 0,
            "eps_latest_yearly": 0,
            "eps_growth_yearly": 0
        },
        "20022": {
            "year_quarter": 20022,
            "year": 2002,
            "quarter": 2,
            "eps": null,
            "eps_growth_year": null,
            "eps_4q": null,
            "eps_4q_growth_year": null,
            "roe": null,
            "roe_4q": 0,
            "gross_profit": null,
            "gross_margin": null,
            "gross_margin_4q_avg": 0,
            "net_income": null,
            "net_income_4q": null,
            "revenue": null,
            "revenue_4q": null,
            "common_shares": null,
            "book_valuer_per_share": null,
            "book_valuer_per_share_4q_avg": 0,
            "equity": null,
            "current_ratio": null,
            "debt_ratio": null,
            "inventory_turnover_ratio": null,
            "account_receivable_turnover_ratio": null,
            "reinvestment_rate": null,
            "research_to_sale_ratio": null,
            "price_fair": 0,
            "eps_avg_yearly": 0,
            "eps_latest_yearly": 0,
            "eps_growth_yearly": 0
        },
        "20023": {
            "year_quarter": 20023,
            "year": 2002,
            "quarter": 3,
            "eps": null,
            "eps_growth_year": null,
            "eps_4q": null,
            "eps_4q_growth_year": null,
            "roe": null,
            "roe_4q": 0,
            "gross_profit": null,
            "gross_margin": null,
            "gross_margin_4q_avg": 0,
            "net_income": null,
            "net_income_4q": null,
            "revenue": null,
            "revenue_4q": null,
            "common_shares": null,
            "book_valuer_per_share": null,
            "book_valuer_per_share_4q_avg": 0,
            "equity": null,
            "current_ratio": null,
            "debt_ratio": null,
            "inventory_turnover_ratio": null,
            "account_receivable_turnover_ratio": null,
            "reinvestment_rate": null,
            "research_to_sale_ratio": null,
            "price_fair": 0,
            "eps_avg_yearly": 0,
            "eps_latest_yearly": 0,
            "eps_growth_yearly": 0
        },
        "20024": {
            "year_quarter": 20024,
            "year": 2002,
            "quarter": 4,
            "eps": null,
            "eps_growth_year": null,
            "eps_4q": null,
            "eps_4q_growth_year": null,
            "roe": null,
            "roe_4q": 0,
            "gross_profit": null,
            "gross_margin": null,
            "gross_margin_4q_avg": 0,
            "net_income": null,
            "net_income_4q": null,
            "revenue": null,
            "revenue_4q": null,
            "common_shares": null,
            "book_valuer_per_share": null,
            "book_valuer_per_share_4q_avg": 0,
            "equity": null,
            "current_ratio": null,
            "debt_ratio": null,
            "inventory_turnover_ratio": null,
            "account_receivable_turnover_ratio": null,
            "reinvestment_rate": null,
            "research_to_sale_ratio": null,
            "price_fair": 0,
            "eps_avg_yearly": 0,
            "eps_latest_yearly": 0,
            "eps_growth_yearly": 0
        },
        "20031": {
            "year_quarter": 20031,
            "year": 2003,
            "quarter": 1,
            "eps": null,
            "eps_growth_year": null,
            "eps_4q": null,
            "eps_4q_growth_year": null,
            "roe": null,
            "roe_4q": 0,
            "gross_profit": null,
            "gross_margin": null,
            "gross_margin_4q_avg": 0,
            "net_income": null,
            "net_income_4q": null,
            "revenue": null,
            "revenue_4q": null,
            "common_shares": null,
            "book_valuer_per_share": null,
            "book_valuer_per_share_4q_avg": 0,
            "equity": null,
            "current_ratio": null,
            "debt_ratio": null,
            "inventory_turnover_ratio": null,
            "account_receivable_turnover_ratio": null,
            "reinvestment_rate": null,
            "research_to_sale_ratio": null,
            "price_fair": 0,
            "eps_avg_yearly": 0,
            "eps_latest_yearly": 0,
            "eps_growth_yearly": 0
        },
        "20032": {
            "year_quarter": 20032,
            "year": 2003,
            "quarter": 2,
            "eps": null,
            "eps_growth_year": null,
            "eps_4q": null,
            "eps_4q_growth_year": null,
            "roe": null,
            "roe_4q": 0,
            "gross_profit": null,
            "gross_margin": null,
            "gross_margin_4q_avg": 0,
            "net_income": null,
            "net_income_4q": null,
            "revenue": null,
            "revenue_4q": null,
            "common_shares": null,
            "book_valuer_per_share": null,
            "book_valuer_per_share_4q_avg": 0,
            "equity": null,
            "current_ratio": null,
            "debt_ratio": null,
            "inventory_turnover_ratio": null,
            "account_receivable_turnover_ratio": null,
            "reinvestment_rate": null,
            "research_to_sale_ratio": null,
            "price_fair": 0,
            "eps_avg_yearly": 0,
            "eps_latest_yearly": 0,
            "eps_growth_yearly": 0
        },
        "20033": {
            "year_quarter": 20033,
            "year": 2003,
            "quarter": 3,
            "eps": null,
            "eps_growth_year": null,
            "eps_4q": null,
            "eps_4q_growth_year": null,
            "roe": null,
            "roe_4q": 0,
            "gross_profit": null,
            "gross_margin": null,
            "gross_margin_4q_avg": 0,
            "net_income": null,
            "net_income_4q": null,
            "revenue": null,
            "revenue_4q": null,
            "common_shares": null,
            "book_valuer_per_share": null,
            "book_valuer_per_share_4q_avg": 0,
            "equity": null,
            "current_ratio": null,
            "debt_ratio": null,
            "inventory_turnover_ratio": null,
            "account_receivable_turnover_ratio": null,
            "reinvestment_rate": null,
            "research_to_sale_ratio": null,
            "price_fair": 0,
            "eps_avg_yearly": 0,
            "eps_latest_yearly": 0,
            "eps_growth_yearly": 0
        },
        "20034": {
            "year_quarter": 20034,
            "year": 2003,
            "quarter": 4,
            "eps": null,
            "eps_growth_year": null,
            "eps_4q": null,
            "eps_4q_growth_year": null,
            "roe": null,
            "roe_4q": 0,
            "gross_profit": null,
            "gross_margin": null,
            "gross_margin_4q_avg": 0,
            "net_income": null,
            "net_income_4q": null,
            "revenue": null,
            "revenue_4q": null,
            "common_shares": null,
            "book_valuer_per_share": null,
            "book_valuer_per_share_4q_avg": 0,
            "equity": null,
            "current_ratio": null,
            "debt_ratio": null,
            "inventory_turnover_ratio": null,
            "account_receivable_turnover_ratio": null,
            "reinvestment_rate": null,
            "research_to_sale_ratio": null,
            "price_fair": 0,
            "eps_avg_yearly": 0,
            "eps_latest_yearly": 0,
            "eps_growth_yearly": 0
        },
        "20041": {
            "year_quarter": 20041,
            "year": 2004,
            "quarter": 1,
            "eps": null,
            "eps_growth_year": null,
            "eps_4q": null,
            "eps_4q_growth_year": null,
            "roe": null,
            "roe_4q": 0,
            "gross_profit": null,
            "gross_margin": null,
            "gross_margin_4q_avg": 0,
            "net_income": null,
            "net_income_4q": null,
            "revenue": null,
            "revenue_4q": null,
            "common_shares": null,
            "book_valuer_per_share": null,
            "book_valuer_per_share_4q_avg": 0,
            "equity": null,
            "current_ratio": null,
            "debt_ratio": null,
            "inventory_turnover_ratio": null,
            "account_receivable_turnover_ratio": null,
            "reinvestment_rate": null,
            "research_to_sale_ratio": null,
            "price_fair": 0,
            "eps_avg_yearly": 0,
            "eps_latest_yearly": 0,
            "eps_growth_yearly": 0
        },
        "20042": {
            "year_quarter": 20042,
            "year": 2004,
            "quarter": 2,
            "eps": null,
            "eps_growth_year": null,
            "eps_4q": null,
            "eps_4q_growth_year": null,
            "roe": null,
            "roe_4q": 0,
            "gross_profit": null,
            "gross_margin": null,
            "gross_margin_4q_avg": 0,
            "net_income": null,
            "net_income_4q": null,
            "revenue": null,
            "revenue_4q": null,
            "common_shares": null,
            "book_valuer_per_share": null,
            "book_valuer_per_share_4q_avg": 0,
            "equity": null,
            "current_ratio": null,
            "debt_ratio": null,
            "inventory_turnover_ratio": null,
            "account_receivable_turnover_ratio": null,
            "reinvestment_rate": null,
            "research_to_sale_ratio": null,
            "price_fair": 0,
            "eps_avg_yearly": 0,
            "eps_latest_yearly": 0,
            "eps_growth_yearly": 0
        },
        "20043": {
            "year_quarter": 20043,
            "year": 2004,
            "quarter": 3,
            "eps": null,
            "eps_growth_year": null,
            "eps_4q": null,
            "eps_4q_growth_year": null,
            "roe": null,
            "roe_4q": 0,
            "gross_profit": null,
            "gross_margin": null,
            "gross_margin_4q_avg": 0,
            "net_income": null,
            "net_income_4q": null,
            "revenue": null,
            "revenue_4q": null,
            "common_shares": null,
            "book_valuer_per_share": null,
            "book_valuer_per_share_4q_avg": 0,
            "equity": null,
            "current_ratio": null,
            "debt_ratio": null,
            "inventory_turnover_ratio": null,
            "account_receivable_turnover_ratio": null,
            "reinvestment_rate": null,
            "research_to_sale_ratio": null,
            "price_fair": 0,
            "eps_avg_yearly": 0,
            "eps_latest_yearly": 0,
            "eps_growth_yearly": 0
        },
        "20044": {
            "year_quarter": 20044,
            "year": 2004,
            "quarter": 4,
            "eps": null,
            "eps_growth_year": null,
            "eps_4q": null,
            "eps_4q_growth_year": null,
            "roe": null,
            "roe_4q": 0,
            "gross_profit": null,
            "gross_margin": null,
            "gross_margin_4q_avg": 0,
            "net_income": null,
            "net_income_4q": null,
            "revenue": null,
            "revenue_4q": null,
            "common_shares": 361250,
            "book_valuer_per_share": 9.37,
            "book_valuer_per_share_4q_avg": 2.34,
            "equity": 338615,
            "current_ratio": 119.62,
            "debt_ratio": 35.93,
            "inventory_turnover_ratio": null,
            "account_receivable_turnover_ratio": null,
            "reinvestment_rate": null,
            "research_to_sale_ratio": null,
            "price_fair": 0,
            "eps_avg_yearly": 0,
            "eps_latest_yearly": 0,
            "eps_growth_yearly": 0
        },
        "20051": {
            "year_quarter": 20051,
            "year": 2005,
            "quarter": 1,
            "eps": null,
            "eps_growth_year": null,
            "eps_4q": null,
            "eps_4q_growth_year": null,
            "roe": null,
            "roe_4q": 0,
            "gross_profit": null,
            "gross_margin": null,
            "gross_margin_4q_avg": 0,
            "net_income": null,
            "net_income_4q": null,
            "revenue": null,
            "revenue_4q": null,
            "common_shares": null,
            "book_valuer_per_share": null,
            "book_valuer_per_share_4q_avg": 2.34,
            "equity": null,
            "current_ratio": null,
            "debt_ratio": null,
            "inventory_turnover_ratio": null,
            "account_receivable_turnover_ratio": null,
            "reinvestment_rate": null,
            "research_to_sale_ratio": null,
            "price_fair": 0,
            "eps_avg_yearly": 0,
            "eps_latest_yearly": 0,
            "eps_growth_yearly": 0
        },
        "20052": {
            "year_quarter": 20052,
            "year": 2005,
            "quarter": 2,
            "eps": null,
            "eps_growth_year": null,
            "eps_4q": null,
            "eps_4q_growth_year": null,
            "roe": null,
            "roe_4q": 0,
            "gross_profit": null,
            "gross_margin": null,
            "gross_margin_4q_avg": 0,
            "net_income": null,
            "net_income_4q": null,
            "revenue": null,
            "revenue_4q": null,
            "common_shares": null,
            "book_valuer_per_share": null,
            "book_valuer_per_share_4q_avg": 2.34,
            "equity": null,
            "current_ratio": null,
            "debt_ratio": null,
            "inventory_turnover_ratio": null,
            "account_receivable_turnover_ratio": null,
            "reinvestment_rate": null,
            "research_to_sale_ratio": null,
            "price_fair": 0,
            "eps_avg_yearly": 0,
            "eps_latest_yearly": 0,
            "eps_growth_yearly": 0
        },
        "20053": {
            "year_quarter": 20053,
            "year": 2005,
            "quarter": 3,
            "eps": null,
            "eps_growth_year": null,
            "eps_4q": null,
            "eps_4q_growth_year": null,
            "roe": null,
            "roe_4q": 0,
            "gross_profit": null,
            "gross_margin": null,
            "gross_margin_4q_avg": 0,
            "net_income": null,
            "net_income_4q": null,
            "revenue": null,
            "revenue_4q": null,
            "common_shares": null,
            "book_valuer_per_share": null,
            "book_valuer_per_share_4q_avg": 2.34,
            "equity": null,
            "current_ratio": null,
            "debt_ratio": null,
            "inventory_turnover_ratio": null,
            "account_receivable_turnover_ratio": null,
            "reinvestment_rate": null,
            "research_to_sale_ratio": null,
            "price_fair": 0,
            "eps_avg_yearly": 0,
            "eps_latest_yearly": 0,
            "eps_growth_yearly": 0
        },
        "20054": {
            "year_quarter": 20054,
            "year": 2005,
            "quarter": 4,
            "eps": null,
            "eps_growth_year": null,
            "eps_4q": null,
            "eps_4q_growth_year": null,
            "roe": null,
            "roe_4q": 0,
            "gross_profit": null,
            "gross_margin": null,
            "gross_margin_4q_avg": 0,
            "net_income": null,
            "net_income_4q": null,
            "revenue": null,
            "revenue_4q": null,
            "common_shares": 361250,
            "book_valuer_per_share": 10.72,
            "book_valuer_per_share_4q_avg": 2.68,
            "equity": 387288,
            "current_ratio": 23.94,
            "debt_ratio": 47.42,
            "inventory_turnover_ratio": null,
            "account_receivable_turnover_ratio": null,
            "reinvestment_rate": null,
            "research_to_sale_ratio": null,
            "price_fair": 0,
            "eps_avg_yearly": 0,
            "eps_latest_yearly": 0,
            "eps_growth_yearly": 0
        },
        "20061": {
            "year_quarter": 20061,
            "year": 2006,
            "quarter": 1,
            "eps": null,
            "eps_growth_year": null,
            "eps_4q": null,
            "eps_4q_growth_year": null,
            "roe": null,
            "roe_4q": 0,
            "gross_profit": null,
            "gross_margin": null,
            "gross_margin_4q_avg": 0,
            "net_income": null,
            "net_income_4q": null,
            "revenue": null,
            "revenue_4q": null,
            "common_shares": null,
            "book_valuer_per_share": null,
            "book_valuer_per_share_4q_avg": 2.68,
            "equity": null,
            "current_ratio": null,
            "debt_ratio": null,
            "inventory_turnover_ratio": null,
            "account_receivable_turnover_ratio": null,
            "reinvestment_rate": null,
            "research_to_sale_ratio": null,
            "price_fair": 0,
            "eps_avg_yearly": 0,
            "eps_latest_yearly": 0,
            "eps_growth_yearly": 0
        },
        "20062": {
            "year_quarter": 20062,
            "year": 2006,
            "quarter": 2,
            "eps": null,
            "eps_growth_year": null,
            "eps_4q": null,
            "eps_4q_growth_year": null,
            "roe": null,
            "roe_4q": 0,
            "gross_profit": null,
            "gross_margin": null,
            "gross_margin_4q_avg": 0,
            "net_income": null,
            "net_income_4q": null,
            "revenue": null,
            "revenue_4q": null,
            "common_shares": null,
            "book_valuer_per_share": null,
            "book_valuer_per_share_4q_avg": 2.68,
            "equity": null,
            "current_ratio": null,
            "debt_ratio": null,
            "inventory_turnover_ratio": null,
            "account_receivable_turnover_ratio": null,
            "reinvestment_rate": null,
            "research_to_sale_ratio": null,
            "price_fair": 0,
            "eps_avg_yearly": 0,
            "eps_latest_yearly": 0,
            "eps_growth_yearly": 0
        },
        "20063": {
            "year_quarter": 20063,
            "year": 2006,
            "quarter": 3,
            "eps": null,
            "eps_growth_year": null,
            "eps_4q": null,
            "eps_4q_growth_year": null,
            "roe": null,
            "roe_4q": 0,
            "gross_profit": null,
            "gross_margin": null,
            "gross_margin_4q_avg": 0,
            "net_income": null,
            "net_income_4q": null,
            "revenue": null,
            "revenue_4q": null,
            "common_shares": null,
            "book_valuer_per_share": null,
            "book_valuer_per_share_4q_avg": 2.68,
            "equity": null,
            "current_ratio": null,
            "debt_ratio": null,
            "inventory_turnover_ratio": null,
            "account_receivable_turnover_ratio": null,
            "reinvestment_rate": null,
            "research_to_sale_ratio": null,
            "price_fair": 0,
            "eps_avg_yearly": 0,
            "eps_latest_yearly": 0,
            "eps_growth_yearly": 0
        },
        "20064": {
            "year_quarter": 20064,
            "year": 2006,
            "quarter": 4,
            "eps": null,
            "eps_growth_year": null,
            "eps_4q": null,
            "eps_4q_growth_year": null,
            "roe": null,
            "roe_4q": 0,
            "gross_profit": null,
            "gross_margin": null,
            "gross_margin_4q_avg": 0,
            "net_income": null,
            "net_income_4q": null,
            "revenue": null,
            "revenue_4q": null,
            "common_shares": 361250,
            "book_valuer_per_share": 12.8,
            "book_valuer_per_share_4q_avg": 3.2,
            "equity": 462367,
            "current_ratio": 36.26,
            "debt_ratio": 57.12,
            "inventory_turnover_ratio": null,
            "account_receivable_turnover_ratio": null,
            "reinvestment_rate": null,
            "research_to_sale_ratio": null,
            "price_fair": 0,
            "eps_avg_yearly": 0,
            "eps_latest_yearly": 0,
            "eps_growth_yearly": 0
        },
        "20071": {
            "year_quarter": 20071,
            "year": 2007,
            "quarter": 1,
            "eps": null,
            "eps_growth_year": null,
            "eps_4q": null,
            "eps_4q_growth_year": null,
            "roe": null,
            "roe_4q": 0,
            "gross_profit": null,
            "gross_margin": null,
            "gross_margin_4q_avg": 0,
            "net_income": null,
            "net_income_4q": null,
            "revenue": null,
            "revenue_4q": null,
            "common_shares": null,
            "book_valuer_per_share": null,
            "book_valuer_per_share_4q_avg": 3.2,
            "equity": null,
            "current_ratio": null,
            "debt_ratio": null,
            "inventory_turnover_ratio": null,
            "account_receivable_turnover_ratio": null,
            "reinvestment_rate": null,
            "research_to_sale_ratio": null,
            "price_fair": 0,
            "eps_avg_yearly": 0,
            "eps_latest_yearly": 0,
            "eps_growth_yearly": 0
        },
        "20072": {
            "year_quarter": 20072,
            "year": 2007,
            "quarter": 2,
            "eps": null,
            "eps_growth_year": null,
            "eps_4q": null,
            "eps_4q_growth_year": null,
            "roe": null,
            "roe_4q": 0,
            "gross_profit": null,
            "gross_margin": null,
            "gross_margin_4q_avg": 0,
            "net_income": null,
            "net_income_4q": null,
            "revenue": null,
            "revenue_4q": null,
            "common_shares": null,
            "book_valuer_per_share": null,
            "book_valuer_per_share_4q_avg": 3.2,
            "equity": null,
            "current_ratio": null,
            "debt_ratio": null,
            "inventory_turnover_ratio": null,
            "account_receivable_turnover_ratio": null,
            "reinvestment_rate": null,
            "research_to_sale_ratio": null,
            "price_fair": 0,
            "eps_avg_yearly": 0,
            "eps_latest_yearly": 0,
            "eps_growth_yearly": 0
        },
        "20073": {
            "year_quarter": 20073,
            "year": 2007,
            "quarter": 3,
            "eps": null,
            "eps_growth_year": null,
            "eps_4q": null,
            "eps_4q_growth_year": null,
            "roe": null,
            "roe_4q": 0,
            "gross_profit": null,
            "gross_margin": null,
            "gross_margin_4q_avg": 0,
            "net_income": null,
            "net_income_4q": null,
            "revenue": null,
            "revenue_4q": null,
            "common_shares": null,
            "book_valuer_per_share": null,
            "book_valuer_per_share_4q_avg": 3.2,
            "equity": null,
            "current_ratio": null,
            "debt_ratio": null,
            "inventory_turnover_ratio": null,
            "account_receivable_turnover_ratio": null,
            "reinvestment_rate": null,
            "research_to_sale_ratio": null,
            "price_fair": 0,
            "eps_avg_yearly": 0,
            "eps_latest_yearly": 0,
            "eps_growth_yearly": 0
        },
        "20074": {
            "year_quarter": 20074,
            "year": 2007,
            "quarter": 4,
            "eps": null,
            "eps_growth_year": null,
            "eps_4q": null,
            "eps_4q_growth_year": null,
            "roe": null,
            "roe_4q": 0,
            "gross_profit": null,
            "gross_margin": null,
            "gross_margin_4q_avg": 0,
            "net_income": null,
            "net_income_4q": null,
            "revenue": null,
            "revenue_4q": null,
            "common_shares": 456981,
            "book_valuer_per_share": 11.67,
            "book_valuer_per_share_4q_avg": 2.92,
            "equity": 533136,
            "current_ratio": 33.71,
            "debt_ratio": 54.73,
            "inventory_turnover_ratio": null,
            "account_receivable_turnover_ratio": null,
            "reinvestment_rate": null,
            "research_to_sale_ratio": null,
            "price_fair": 0,
            "eps_avg_yearly": 0,
            "eps_latest_yearly": 0,
            "eps_growth_yearly": 0
        },
        "20081": {
            "year_quarter": 20081,
            "year": 2008,
            "quarter": 1,
            "eps": null,
            "eps_growth_year": null,
            "eps_4q": null,
            "eps_4q_growth_year": null,
            "roe": null,
            "roe_4q": 0,
            "gross_profit": null,
            "gross_margin": null,
            "gross_margin_4q_avg": 0,
            "net_income": null,
            "net_income_4q": null,
            "revenue": null,
            "revenue_4q": null,
            "common_shares": null,
            "book_valuer_per_share": null,
            "book_valuer_per_share_4q_avg": 2.92,
            "equity": null,
            "current_ratio": null,
            "debt_ratio": null,
            "inventory_turnover_ratio": null,
            "account_receivable_turnover_ratio": null,
            "reinvestment_rate": null,
            "research_to_sale_ratio": null,
            "price_fair": 0,
            "eps_avg_yearly": 0,
            "eps_latest_yearly": 0,
            "eps_growth_yearly": 0
        },
        "20082": {
            "year_quarter": 20082,
            "year": 2008,
            "quarter": 2,
            "eps": null,
            "eps_growth_year": null,
            "eps_4q": null,
            "eps_4q_growth_year": null,
            "roe": null,
            "roe_4q": 0,
            "gross_profit": null,
            "gross_margin": null,
            "gross_margin_4q_avg": 0,
            "net_income": null,
            "net_income_4q": null,
            "revenue": null,
            "revenue_4q": null,
            "common_shares": null,
            "book_valuer_per_share": null,
            "book_valuer_per_share_4q_avg": 2.92,
            "equity": null,
            "current_ratio": null,
            "debt_ratio": null,
            "inventory_turnover_ratio": null,
            "account_receivable_turnover_ratio": null,
            "reinvestment_rate": null,
            "research_to_sale_ratio": null,
            "price_fair": 0,
            "eps_avg_yearly": 0,
            "eps_latest_yearly": 0,
            "eps_growth_yearly": 0
        },
        "20083": {
            "year_quarter": 20083,
            "year": 2008,
            "quarter": 3,
            "eps": null,
            "eps_growth_year": null,
            "eps_4q": null,
            "eps_4q_growth_year": null,
            "roe": null,
            "roe_4q": 0,
            "gross_profit": null,
            "gross_margin": null,
            "gross_margin_4q_avg": 0,
            "net_income": null,
            "net_income_4q": null,
            "revenue": null,
            "revenue_4q": null,
            "common_shares": null,
            "book_valuer_per_share": null,
            "book_valuer_per_share_4q_avg": 2.92,
            "equity": null,
            "current_ratio": null,
            "debt_ratio": null,
            "inventory_turnover_ratio": null,
            "account_receivable_turnover_ratio": null,
            "reinvestment_rate": null,
            "research_to_sale_ratio": null,
            "price_fair": 0,
            "eps_avg_yearly": 0,
            "eps_latest_yearly": 0,
            "eps_growth_yearly": 0
        },
        "20084": {
            "year_quarter": 20084,
            "year": 2008,
            "quarter": 4,
            "eps": null,
            "eps_growth_year": null,
            "eps_4q": null,
            "eps_4q_growth_year": null,
            "roe": null,
            "roe_4q": 0,
            "gross_profit": null,
            "gross_margin": null,
            "gross_margin_4q_avg": 0,
            "net_income": null,
            "net_income_4q": null,
            "revenue": null,
            "revenue_4q": null,
            "common_shares": 566193,
            "book_valuer_per_share": 12.4,
            "book_valuer_per_share_4q_avg": 3.1,
            "equity": 702352,
            "current_ratio": 31.03,
            "debt_ratio": 38.32,
            "inventory_turnover_ratio": null,
            "account_receivable_turnover_ratio": null,
            "reinvestment_rate": null,
            "research_to_sale_ratio": null,
            "price_fair": 0,
            "eps_avg_yearly": 0,
            "eps_latest_yearly": 0,
            "eps_growth_yearly": 0
        },
        "20091": {
            "year_quarter": 20091,
            "year": 2009,
            "quarter": 1,
            "eps": null,
            "eps_growth_year": null,
            "eps_4q": null,
            "eps_4q_growth_year": null,
            "roe": null,
            "roe_4q": 0,
            "gross_profit": null,
            "gross_margin": null,
            "gross_margin_4q_avg": 0,
            "net_income": null,
            "net_income_4q": null,
            "revenue": null,
            "revenue_4q": null,
            "common_shares": null,
            "book_valuer_per_share": null,
            "book_valuer_per_share_4q_avg": 3.1,
            "equity": null,
            "current_ratio": null,
            "debt_ratio": null,
            "inventory_turnover_ratio": null,
            "account_receivable_turnover_ratio": null,
            "reinvestment_rate": null,
            "research_to_sale_ratio": null,
            "price_fair": 0,
            "eps_avg_yearly": 0,
            "eps_latest_yearly": 0,
            "eps_growth_yearly": 0
        },
        "20092": {
            "year_quarter": 20092,
            "year": 2009,
            "quarter": 2,
            "eps": null,
            "eps_growth_year": null,
            "eps_4q": null,
            "eps_4q_growth_year": null,
            "roe": null,
            "roe_4q": 0,
            "gross_profit": null,
            "gross_margin": null,
            "gross_margin_4q_avg": 0,
            "net_income": null,
            "net_income_4q": null,
            "revenue": null,
            "revenue_4q": null,
            "common_shares": 566193,
            "book_valuer_per_share": null,
            "book_valuer_per_share_4q_avg": 3.1,
            "equity": 739345,
            "current_ratio": null,
            "debt_ratio": null,
            "inventory_turnover_ratio": null,
            "account_receivable_turnover_ratio": null,
            "reinvestment_rate": null,
            "research_to_sale_ratio": null,
            "price_fair": 0,
            "eps_avg_yearly": 0,
            "eps_latest_yearly": 0,
            "eps_growth_yearly": 0
        },
        "20093": {
            "year_quarter": 20093,
            "year": 2009,
            "quarter": 3,
            "eps": null,
            "eps_growth_year": null,
            "eps_4q": null,
            "eps_4q_growth_year": null,
            "roe": null,
            "roe_4q": 0,
            "gross_profit": null,
            "gross_margin": null,
            "gross_margin_4q_avg": 0,
            "net_income": null,
            "net_income_4q": null,
            "revenue": null,
            "revenue_4q": null,
            "common_shares": null,
            "book_valuer_per_share": null,
            "book_valuer_per_share_4q_avg": 3.1,
            "equity": null,
            "current_ratio": null,
            "debt_ratio": null,
            "inventory_turnover_ratio": null,
            "account_receivable_turnover_ratio": null,
            "reinvestment_rate": null,
            "research_to_sale_ratio": null,
            "price_fair": 0,
            "eps_avg_yearly": 0,
            "eps_latest_yearly": 0,
            "eps_growth_yearly": 0
        },
        "20094": {
            "year_quarter": 20094,
            "year": 2009,
            "quarter": 4,
            "eps": null,
            "eps_growth_year": null,
            "eps_4q": null,
            "eps_4q_growth_year": null,
            "roe": null,
            "roe_4q": 0,
            "gross_profit": null,
            "gross_margin": null,
            "gross_margin_4q_avg": 0,
            "net_income": null,
            "net_income_4q": null,
            "revenue": null,
            "revenue_4q": null,
            "common_shares": 566193,
            "book_valuer_per_share": 13.73,
            "book_valuer_per_share_4q_avg": 3.43,
            "equity": 777224,
            "current_ratio": 73.48,
            "debt_ratio": 29.81,
            "inventory_turnover_ratio": null,
            "account_receivable_turnover_ratio": null,
            "reinvestment_rate": null,
            "research_to_sale_ratio": null,
            "price_fair": 0,
            "eps_avg_yearly": 0,
            "eps_latest_yearly": 0,
            "eps_growth_yearly": 0
        },
        "20101": {
            "year_quarter": 20101,
            "year": 2010,
            "quarter": 1,
            "eps": null,
            "eps_growth_year": null,
            "eps_4q": null,
            "eps_4q_growth_year": null,
            "roe": null,
            "roe_4q": 0,
            "gross_profit": null,
            "gross_margin": null,
            "gross_margin_4q_avg": 0,
            "net_income": null,
            "net_income_4q": null,
            "revenue": null,
            "revenue_4q": null,
            "common_shares": null,
            "book_valuer_per_share": null,
            "book_valuer_per_share_4q_avg": 3.43,
            "equity": null,
            "current_ratio": null,
            "debt_ratio": null,
            "inventory_turnover_ratio": null,
            "account_receivable_turnover_ratio": null,
            "reinvestment_rate": null,
            "research_to_sale_ratio": null,
            "price_fair": 0,
            "eps_avg_yearly": 0,
            "eps_latest_yearly": 0,
            "eps_growth_yearly": 0
        },
        "20102": {
            "year_quarter": 20102,
            "year": 2010,
            "quarter": 2,
            "eps": null,
            "eps_growth_year": null,
            "eps_4q": null,
            "eps_4q_growth_year": null,
            "roe": null,
            "roe_4q": 0,
            "gross_profit": null,
            "gross_margin": null,
            "gross_margin_4q_avg": 0,
            "net_income": null,
            "net_income_4q": null,
            "revenue": null,
            "revenue_4q": null,
            "common_shares": 634136,
            "book_valuer_per_share": 12.63,
            "book_valuer_per_share_4q_avg": 6.59,
            "equity": 800623,
            "current_ratio": 142.63,
            "debt_ratio": 28.02,
            "inventory_turnover_ratio": null,
            "account_receivable_turnover_ratio": null,
            "reinvestment_rate": null,
            "research_to_sale_ratio": null,
            "price_fair": 0,
            "eps_avg_yearly": 0,
            "eps_latest_yearly": 0,
            "eps_growth_yearly": 0
        },
        "20103": {
            "year_quarter": 20103,
            "year": 2010,
            "quarter": 3,
            "eps": null,
            "eps_growth_year": null,
            "eps_4q": null,
            "eps_4q_growth_year": null,
            "roe": null,
            "roe_4q": 0,
            "gross_profit": 154612,
            "gross_margin": null,
            "gross_margin_4q_avg": 0,
            "net_income": 95855,
            "net_income_4q": null,
            "revenue": 229303,
            "revenue_4q": null,
            "common_shares": 634136,
            "book_valuer_per_share": 14.27,
            "book_valuer_per_share_4q_avg": 10.16,
            "equity": 904854,
            "current_ratio": 200.04,
            "debt_ratio": 24.31,
            "inventory_turnover_ratio": null,
            "account_receivable_turnover_ratio": null,
            "reinvestment_rate": null,
            "research_to_sale_ratio": null,
            "price_fair": 0,
            "eps_avg_yearly": 0,
            "eps_latest_yearly": 0,
            "eps_growth_yearly": 0
        },
        "20104": {
            "year_quarter": 20104,
            "year": 2010,
            "quarter": 4,
            "eps": null,
            "eps_growth_year": null,
            "eps_4q": null,
            "eps_4q_growth_year": null,
            "roe": null,
            "roe_4q": 0,
            "gross_profit": 52570,
            "gross_margin": null,
            "gross_margin_4q_avg": 0,
            "net_income": -822,
            "net_income_4q": null,
            "revenue": 107492,
            "revenue_4q": null,
            "common_shares": 634136,
            "book_valuer_per_share": 14.25,
            "book_valuer_per_share_4q_avg": 10.29,
            "equity": 903653,
            "current_ratio": 194.82,
            "debt_ratio": 24.53,
            "inventory_turnover_ratio": null,
            "account_receivable_turnover_ratio": null,
            "reinvestment_rate": null,
            "research_to_sale_ratio": null,
            "price_fair": 0,
            "eps_avg_yearly": 0,
            "eps_latest_yearly": 0,
            "eps_growth_yearly": 0
        },
        "20111": {
            "year_quarter": 20111,
            "year": 2011,
            "quarter": 1,
            "eps": null,
            "eps_growth_year": null,
            "eps_4q": null,
            "eps_4q_growth_year": null,
            "roe": null,
            "roe_4q": 0,
            "gross_profit": 48832,
            "gross_margin": null,
            "gross_margin_4q_avg": 0,
            "net_income": 8629,
            "net_income_4q": null,
            "revenue": 106444,
            "revenue_4q": null,
            "common_shares": 634136,
            "book_valuer_per_share": 14.26,
            "book_valuer_per_share_4q_avg": 13.85,
            "equity": 904077,
            "current_ratio": 237.59,
            "debt_ratio": 22.74,
            "inventory_turnover_ratio": null,
            "account_receivable_turnover_ratio": null,
            "reinvestment_rate": null,
            "research_to_sale_ratio": null,
            "price_fair": 0,
            "eps_avg_yearly": 0,
            "eps_latest_yearly": 0,
            "eps_growth_yearly": 0
        },
        "20112": {
            "year_quarter": 20112,
            "year": 2011,
            "quarter": 2,
            "eps": 0.4,
            "eps_growth_year": null,
            "eps_4q": 0.4,
            "eps_4q_growth_year": null,
            "roe": 3.09,
            "roe_4q": 3.09,
            "gross_profit": 100745,
            "gross_margin": 61.65,
            "gross_margin_4q_avg": 15.41,
            "net_income": 27763,
            "net_income_4q": null,
            "revenue": 163413,
            "revenue_4q": null,
            "common_shares": 634136,
            "book_valuer_per_share": 14.1,
            "book_valuer_per_share_4q_avg": 14.22,
            "equity": 894405,
            "current_ratio": 182.59,
            "debt_ratio": 27.42,
            "inventory_turnover_ratio": 13.17,
            "account_receivable_turnover_ratio": 54.43,
            "reinvestment_rate": null,
            "research_to_sale_ratio": null,
            "price_fair": 0,
            "eps_avg_yearly": 0,
            "eps_latest_yearly": 0,
            "eps_growth_yearly": 0
        },
        "20113": {
            "year_quarter": 20113,
            "year": 2011,
            "quarter": 3,
            "eps": 1.27,
            "eps_growth_year": null,
            "eps_4q": 1.67,
            "eps_4q_growth_year": null,
            "roe": 9.45,
            "roe_4q": 12.54,
            "gross_profit": 159112,
            "gross_margin": 68.78,
            "gross_margin_4q_avg": 32.61,
            "net_income": 88700,
            "net_income_4q": null,
            "revenue": 231332,
            "revenue_4q": null,
            "common_shares": 697549,
            "book_valuer_per_share": 14.09,
            "book_valuer_per_share_4q_avg": 14.18,
            "equity": 983106,
            "current_ratio": 270.93,
            "debt_ratio": 21.94,
            "inventory_turnover_ratio": 14.14,
            "account_receivable_turnover_ratio": 40.66,
            "reinvestment_rate": null,
            "research_to_sale_ratio": null,
            "price_fair": 177.8,
            "eps_avg_yearly": 5.08,
            "eps_latest_yearly": 5.08,
            "eps_growth_yearly": 870
        },
        "20114": {
            "year_quarter": 20114,
            "year": 2011,
            "quarter": 4,
            "eps": 0.08,
            "eps_growth_year": null,
            "eps_4q": 1.75,
            "eps_4q_growth_year": null,
            "roe": 0.59,
            "roe_4q": 13.129999999999999,
            "gross_profit": 55336,
            "gross_margin": 50.6,
            "gross_margin_4q_avg": 45.26,
            "net_income": 5844,
            "net_income_4q": null,
            "revenue": 109350,
            "revenue_4q": null,
            "common_shares": 697549,
            "book_valuer_per_share": 14.18,
            "book_valuer_per_share_4q_avg": 14.16,
            "equity": 988949,
            "current_ratio": 252.73,
            "debt_ratio": 21.78,
            "inventory_turnover_ratio": 9.98,
            "account_receivable_turnover_ratio": 26.09,
            "reinvestment_rate": null,
            "research_to_sale_ratio": null,
            "price_fair": 94.5,
            "eps_avg_yearly": 2.7,
            "eps_latest_yearly": 0.32,
            "eps_growth_yearly": 247.6
        },
        "20121": {
            "year_quarter": 20121,
            "year": 2012,
            "quarter": 1,
            "eps": 0.13,
            "eps_growth_year": null,
            "eps_4q": 1.7,
            "eps_4q_growth_year": null,
            "roe": 0.82,
            "roe_4q": 13.95,
            "gross_profit": 54169,
            "gross_margin": 48.98,
            "gross_margin_4q_avg": 57.5,
            "net_income": 8982,
            "net_income_4q": null,
            "revenue": 110585,
            "revenue_4q": null,
            "common_shares": 770560,
            "book_valuer_per_share": 15.77,
            "book_valuer_per_share_4q_avg": 14.54,
            "equity": 1215208,
            "current_ratio": 403.05,
            "debt_ratio": 17.45,
            "inventory_turnover_ratio": 11.03,
            "account_receivable_turnover_ratio": 24.65,
            "reinvestment_rate": null,
            "research_to_sale_ratio": null,
            "price_fair": 69.07,
            "eps_avg_yearly": 1.97,
            "eps_latest_yearly": 0.52,
            "eps_growth_yearly": 248.4
        },
        "20122": {
            "year_quarter": 20122,
            "year": 2012,
            "quarter": 2,
            "eps": 0.46,
            "eps_growth_year": 14.57,
            "eps_4q": 1.74,
            "eps_4q_growth_year": 336.05,
            "roe": 3.06,
            "roe_4q": 13.919999999999998,
            "gross_profit": 96242,
            "gross_margin": 61.12,
            "gross_margin_4q_avg": 57.37,
            "net_income": 36893,
            "net_income_4q": null,
            "revenue": 157452,
            "revenue_4q": null,
            "common_shares": 809088,
            "book_valuer_per_share": 14.81,
            "book_valuer_per_share_4q_avg": 14.71,
            "equity": 1198162,
            "current_ratio": 272.89,
            "debt_ratio": 16.81,
            "inventory_turnover_ratio": 12.35,
            "account_receivable_turnover_ratio": 18.41,
            "reinvestment_rate": null,
            "research_to_sale_ratio": null,
            "price_fair": 67.9,
            "eps_avg_yearly": 1.94,
            "eps_latest_yearly": 1.84,
            "eps_growth_yearly": 440.15
        },
        "20123": {
            "year_quarter": 20123,
            "year": 2012,
            "quarter": 3,
            "eps": 1.04,
            "eps_growth_year": -18.58,
            "eps_4q": 1.67,
            "eps_4q_growth_year": 0.29,
            "roe": 6.74,
            "roe_4q": 11.21,
            "gross_profit": 157124,
            "gross_margin": 67.34,
            "gross_margin_4q_avg": 57.01,
            "net_income": 83765,
            "net_income_4q": null,
            "revenue": 233334,
            "revenue_4q": null,
            "common_shares": 809088,
            "book_valuer_per_share": 15.89,
            "book_valuer_per_share_4q_avg": 15.16,
            "equity": 1285977,
            "current_ratio": 396.91,
            "debt_ratio": 10.47,
            "inventory_turnover_ratio": 14.74,
            "account_receivable_turnover_ratio": 23.36,
            "reinvestment_rate": null,
            "research_to_sale_ratio": null,
            "price_fair": 83.44,
            "eps_avg_yearly": 2.38,
            "eps_latest_yearly": 4.16,
            "eps_growth_yearly": 452.99
        },
        "20124": {
            "year_quarter": 20124,
            "year": 2012,
            "quarter": 4,
            "eps": 0.15,
            "eps_growth_year": 77.8,
            "eps_4q": 1.75,
            "eps_4q_growth_year": -0.12,
            "roe": 0.93,
            "roe_4q": 11.55,
            "gross_profit": 62316,
            "gross_margin": 51.46,
            "gross_margin_4q_avg": 57.23,
            "net_income": 12052,
            "net_income_4q": null,
            "revenue": 121097,
            "revenue_4q": null,
            "common_shares": 809088,
            "book_valuer_per_share": 16.03,
            "book_valuer_per_share_4q_avg": 15.63,
            "equity": 1296963,
            "current_ratio": 396.56,
            "debt_ratio": 11,
            "inventory_turnover_ratio": 12.2,
            "account_receivable_turnover_ratio": 13.55,
            "reinvestment_rate": null,
            "research_to_sale_ratio": null,
            "price_fair": 73.03,
            "eps_avg_yearly": 2.09,
            "eps_latest_yearly": 0.6,
            "eps_growth_yearly": 320.44
        },
        "20131": {
            "year_quarter": 20131,
            "year": 2013,
            "quarter": 1,
            "eps": 0.11,
            "eps_growth_year": -15.38,
            "eps_4q": 1.75,
            "eps_4q_growth_year": 2.44,
            "roe": 0.66,
            "roe_4q": 11.39,
            "gross_profit": 55644,
            "gross_margin": 48.42,
            "gross_margin_4q_avg": 57.09,
            "net_income": 8505,
            "net_income_4q": null,
            "revenue": 114919,
            "revenue_4q": null,
            "common_shares": 809088,
            "book_valuer_per_share": 16.04,
            "book_valuer_per_share_4q_avg": 15.69,
            "equity": 1298063,
            "current_ratio": 213.41,
            "debt_ratio": 10.12,
            "inventory_turnover_ratio": 10.84,
            "account_receivable_turnover_ratio": 13.58,
            "reinvestment_rate": null,
            "research_to_sale_ratio": null,
            "price_fair": 64.8,
            "eps_avg_yearly": 1.85,
            "eps_latest_yearly": 0.44,
            "eps_growth_yearly": 259.42
        },
        "20132": {
            "year_quarter": 20132,
            "year": 2013,
            "quarter": 2,
            "eps": 0.57,
            "eps_growth_year": 25,
            "eps_4q": 1.8,
            "eps_4q_growth_year": 3.58,
            "roe": 3.74,
            "roe_4q": 12.07,
            "gross_profit": 112244,
            "gross_margin": 62.41,
            "gross_margin_4q_avg": 57.41,
            "net_income": 48395,
            "net_income_4q": null,
            "revenue": 179841,
            "revenue_4q": null,
            "common_shares": 809088,
            "book_valuer_per_share": 15.92,
            "book_valuer_per_share_4q_avg": 15.97,
            "equity": 1287960,
            "current_ratio": 135.81,
            "debt_ratio": 16.91,
            "inventory_turnover_ratio": 10.5,
            "account_receivable_turnover_ratio": 16.72,
            "reinvestment_rate": null,
            "research_to_sale_ratio": null,
            "price_fair": 66.68,
            "eps_avg_yearly": 1.91,
            "eps_latest_yearly": 2.28,
            "eps_growth_yearly": 436.09
        },
        "20133": {
            "year_quarter": 20133,
            "year": 2013,
            "quarter": 3,
            "eps": 1.11,
            "eps_growth_year": 7.22,
            "eps_4q": 1.92,
            "eps_4q_growth_year": 14.75,
            "roe": 7.06,
            "roe_4q": 12.39,
            "gross_profit": 164871,
            "gross_margin": 65.87,
            "gross_margin_4q_avg": 57.04,
            "net_income": 94296,
            "net_income_4q": null,
            "revenue": 250286,
            "revenue_4q": null,
            "common_shares": 849542,
            "book_valuer_per_share": 16.28,
            "book_valuer_per_share_4q_avg": 16.07,
            "equity": 1382676,
            "current_ratio": 192.25,
            "debt_ratio": 10.92,
            "inventory_turnover_ratio": 13.42,
            "account_receivable_turnover_ratio": 24.98,
            "reinvestment_rate": null,
            "research_to_sale_ratio": null,
            "price_fair": 76.53,
            "eps_avg_yearly": 2.19,
            "eps_latest_yearly": 4.44,
            "eps_growth_yearly": 429.74
        },
        "20134": {
            "year_quarter": 20134,
            "year": 2013,
            "quarter": 4,
            "eps": -0.11,
            "eps_growth_year": -174.27,
            "eps_4q": 1.67,
            "eps_4q_growth_year": -4.69,
            "roe": -0.68,
            "roe_4q": 10.780000000000001,
            "gross_profit": 35908,
            "gross_margin": 30.38,
            "gross_margin_4q_avg": 51.77,
            "net_income": -9399,
            "net_income_4q": null,
            "revenue": 118179,
            "revenue_4q": null,
            "common_shares": 849542,
            "book_valuer_per_share": 16.19,
            "book_valuer_per_share_4q_avg": 16.11,
            "equity": 1375054,
            "current_ratio": 114.58,
            "debt_ratio": 12.18,
            "inventory_turnover_ratio": 13.03,
            "account_receivable_turnover_ratio": 24.11,
            "reinvestment_rate": null,
            "research_to_sale_ratio": null,
            "price_fair": 76.53,
            "eps_avg_yearly": 2.19,
            "eps_latest_yearly": 4.44,
            "eps_growth_yearly": 429.74
        },
        "20141": {
            "year_quarter": 20141,
            "year": 2014,
            "quarter": 1,
            "eps": 0.16,
            "eps_growth_year": 45.45,
            "eps_4q": 1.73,
            "eps_4q_growth_year": -1.13,
            "roe": 0.96,
            "roe_4q": 11.08,
            "gross_profit": 58848,
            "gross_margin": 48.44,
            "gross_margin_4q_avg": 51.78,
            "net_income": 13314,
            "net_income_4q": null,
            "revenue": 121490,
            "revenue_4q": null,
            "common_shares": 849542,
            "book_valuer_per_share": 16.32,
            "book_valuer_per_share_4q_avg": 16.18,
            "equity": 1386625,
            "current_ratio": 104.03,
            "debt_ratio": 10.16,
            "inventory_turnover_ratio": 9.35,
            "account_receivable_turnover_ratio": 28.54,
            "reinvestment_rate": null,
            "research_to_sale_ratio": null,
            "price_fair": 76.53,
            "eps_avg_yearly": 2.19,
            "eps_latest_yearly": 4.44,
            "eps_growth_yearly": 429.74
        },
        "20142": {
            "year_quarter": 20142,
            "year": 2014,
            "quarter": 2,
            "eps": 0.55,
            "eps_growth_year": -3.51,
            "eps_4q": 1.65,
            "eps_4q_growth_year": -7.94,
            "roe": 3.58,
            "roe_4q": 10.92,
            "gross_profit": 115431,
            "gross_margin": 61.17,
            "gross_margin_4q_avg": 51.47,
            "net_income": 49415,
            "net_income_4q": null,
            "revenue": 188699,
            "revenue_4q": null,
            "common_shares": 892019,
            "book_valuer_per_share": 15.4,
            "book_valuer_per_share_4q_avg": 16.05,
            "equity": 1373448,
            "current_ratio": 56,
            "debt_ratio": 17.43,
            "inventory_turnover_ratio": 9.81,
            "account_receivable_turnover_ratio": 24.37,
            "reinvestment_rate": 7.88,
            "research_to_sale_ratio": null,
            "price_fair": 76.58,
            "eps_avg_yearly": 2.19,
            "eps_latest_yearly": 2.2,
            "eps_growth_yearly": 484.26
        },
        "20143": {
            "year_quarter": 20143,
            "year": 2014,
            "quarter": 3,
            "eps": 1.1,
            "eps_growth_year": -0.9,
            "eps_4q": 1.7,
            "eps_4q_growth_year": -11.57,
            "roe": 6.9,
            "roe_4q": 10.760000000000002,
            "gross_profit": 175568,
            "gross_margin": 65.87,
            "gross_margin_4q_avg": 51.47,
            "net_income": 98246,
            "net_income_4q": null,
            "revenue": 266545,
            "revenue_4q": null,
            "common_shares": 892019,
            "book_valuer_per_share": 16.51,
            "book_valuer_per_share_4q_avg": 16.11,
            "equity": 1472475,
            "current_ratio": 94.32,
            "debt_ratio": 12.21,
            "inventory_turnover_ratio": 12.61,
            "account_receivable_turnover_ratio": 31.71,
            "reinvestment_rate": 14.36,
            "research_to_sale_ratio": null,
            "price_fair": 83.62,
            "eps_avg_yearly": 2.39,
            "eps_latest_yearly": 4.4,
            "eps_growth_yearly": 476.6
        },
        "20144": {
            "year_quarter": 20144,
            "year": 2014,
            "quarter": 4,
            "eps": 0.13,
            "eps_growth_year": null,
            "eps_4q": 1.93,
            "eps_4q_growth_year": 15.62,
            "roe": 0.76,
            "roe_4q": 12.2,
            "gross_profit": 66791,
            "gross_margin": 48.65,
            "gross_margin_4q_avg": 56.03,
            "net_income": 11169,
            "net_income_4q": null,
            "revenue": 137291,
            "revenue_4q": null,
            "common_shares": 892019,
            "book_valuer_per_share": 16.6,
            "book_valuer_per_share_4q_avg": 16.21,
            "equity": 1480907,
            "current_ratio": 73.21,
            "debt_ratio": 12.65,
            "inventory_turnover_ratio": 10.86,
            "account_receivable_turnover_ratio": 25.85,
            "reinvestment_rate": 7.11,
            "research_to_sale_ratio": null,
            "price_fair": 78.17,
            "eps_avg_yearly": 2.23,
            "eps_latest_yearly": 0.52,
            "eps_growth_yearly": 407.49
        },
        "20151": {
            "year_quarter": 20151,
            "year": 2015,
            "quarter": 1,
            "eps": 0.17,
            "eps_growth_year": 6.25,
            "eps_4q": 1.95,
            "eps_4q_growth_year": 12.78,
            "roe": 0.99,
            "roe_4q": 12.23,
            "gross_profit": 63343,
            "gross_margin": 47.18,
            "gross_margin_4q_avg": 55.72,
            "net_income": 14777,
            "net_income_4q": null,
            "revenue": 134256,
            "revenue_4q": null,
            "common_shares": 892019,
            "book_valuer_per_share": 16.73,
            "book_valuer_per_share_4q_avg": 16.31,
            "equity": 1492439,
            "current_ratio": 77.33,
            "debt_ratio": 10.83,
            "inventory_turnover_ratio": 10.99,
            "account_receivable_turnover_ratio": 27.78,
            "reinvestment_rate": 14.65,
            "research_to_sale_ratio": null,
            "price_fair": 73.98,
            "eps_avg_yearly": 2.11,
            "eps_latest_yearly": 0.68,
            "eps_growth_yearly": 385.61
        },
        "20152": {
            "year_quarter": 20152,
            "year": 2015,
            "quarter": 2,
            "eps": 0.48,
            "eps_growth_year": -12.73,
            "eps_4q": 1.78,
            "eps_4q_growth_year": 7.49,
            "roe": 3.06,
            "roe_4q": 11.71,
            "gross_profit": 115708,
            "gross_margin": 59.81,
            "gross_margin_4q_avg": 55.38,
            "net_income": 45592,
            "net_income_4q": null,
            "revenue": 193458,
            "revenue_4q": null,
            "common_shares": 954460,
            "book_valuer_per_share": 15.61,
            "book_valuer_per_share_4q_avg": 16.36,
            "equity": 1489464,
            "current_ratio": 47.68,
            "debt_ratio": 16.68,
            "inventory_turnover_ratio": 11.28,
            "account_receivable_turnover_ratio": 26.91,
            "reinvestment_rate": 41.21,
            "research_to_sale_ratio": null,
            "price_fair": 73.5,
            "eps_avg_yearly": 2.1,
            "eps_latest_yearly": 1.92,
            "eps_growth_yearly": 410.17
        },
        "20153": {
            "year_quarter": 20153,
            "year": 2015,
            "quarter": 3,
            "eps": 0.93,
            "eps_growth_year": -15.45,
            "eps_4q": 1.68,
            "eps_4q_growth_year": -1.35,
            "roe": 5.76,
            "roe_4q": 10.57,
            "gross_profit": 168720,
            "gross_margin": 64.7,
            "gross_margin_4q_avg": 55.09,
            "net_income": 88451,
            "net_income_4q": null,
            "revenue": 260782,
            "revenue_4q": null,
            "common_shares": 954460,
            "book_valuer_per_share": 16.56,
            "book_valuer_per_share_4q_avg": 16.38,
            "equity": 1580559,
            "current_ratio": 86.46,
            "debt_ratio": 12.04,
            "inventory_turnover_ratio": 12.15,
            "account_receivable_turnover_ratio": 30.07,
            "reinvestment_rate": 43,
            "research_to_sale_ratio": null,
            "price_fair": 70.1,
            "eps_avg_yearly": 2,
            "eps_latest_yearly": 3.72,
            "eps_growth_yearly": 374.81
        },
        "20154": {
            "year_quarter": 20154,
            "year": 2015,
            "quarter": 4,
            "eps": 0.14,
            "eps_growth_year": 15.02,
            "eps_4q": 1.7,
            "eps_4q_growth_year": -11.74,
            "roe": 0.87,
            "roe_4q": 10.68,
            "gross_profit": 74530,
            "gross_margin": 49.84,
            "gross_margin_4q_avg": 55.38,
            "net_income": 13746,
            "net_income_4q": null,
            "revenue": 149530,
            "revenue_4q": null,
            "common_shares": 954460,
            "book_valuer_per_share": 16.71,
            "book_valuer_per_share_4q_avg": 16.4,
            "equity": 1594831,
            "current_ratio": 101.31,
            "debt_ratio": 12.1,
            "inventory_turnover_ratio": 9.42,
            "account_receivable_turnover_ratio": 21.41,
            "reinvestment_rate": 42.68,
            "research_to_sale_ratio": null,
            "price_fair": 70.7,
            "eps_avg_yearly": 2.02,
            "eps_latest_yearly": 0.56,
            "eps_growth_yearly": 377.31
        },
        "20161": {
            "year_quarter": 20161,
            "year": 2016,
            "quarter": 1,
            "eps": 0.18,
            "eps_growth_year": 5.88,
            "eps_4q": 1.72,
            "eps_4q_growth_year": -11.42,
            "roe": 1.04,
            "roe_4q": 10.73,
            "gross_profit": 69972,
            "gross_margin": 48.26,
            "gross_margin_4q_avg": 55.65,
            "net_income": 16762,
            "net_income_4q": null,
            "revenue": 144977,
            "revenue_4q": null,
            "common_shares": 954460,
            "book_valuer_per_share": 16.92,
            "book_valuer_per_share_4q_avg": 16.45,
            "equity": 1614862,
            "current_ratio": 110.04,
            "debt_ratio": 10.98,
            "inventory_turnover_ratio": 8.95,
            "account_receivable_turnover_ratio": 24.14,
            "reinvestment_rate": 45.04,
            "research_to_sale_ratio": null,
            "price_fair": 71.2,
            "eps_avg_yearly": 2.03,
            "eps_latest_yearly": 0.72,
            "eps_growth_yearly": 367.62
        },
        "20162": {
            "year_quarter": 20162,
            "year": 2016,
            "quarter": 2,
            "eps": 0.44,
            "eps_growth_year": -8.33,
            "eps_4q": 1.61,
            "eps_4q_growth_year": -9.6,
            "roe": 2.81,
            "roe_4q": 10.48,
            "gross_profit": 115619,
            "gross_margin": 57.68,
            "gross_margin_4q_avg": 55.12,
            "net_income": 45274,
            "net_income_4q": null,
            "revenue": 200443,
            "revenue_4q": null,
            "common_shares": 1021273,
            "book_valuer_per_share": 15.79,
            "book_valuer_per_share_4q_avg": 16.5,
            "equity": 1612924,
            "current_ratio": 86.52,
            "debt_ratio": 16.04,
            "inventory_turnover_ratio": 9.92,
            "account_receivable_turnover_ratio": 25.43,
            "reinvestment_rate": 48.17,
            "research_to_sale_ratio": null,
            "price_fair": 71,
            "eps_avg_yearly": 2.03,
            "eps_latest_yearly": 1.76,
            "eps_growth_yearly": 336.36
        },
        "20163": {
            "year_quarter": 20163,
            "year": 2016,
            "quarter": 3,
            "eps": 0.69,
            "eps_growth_year": -25.81,
            "eps_4q": 1.43,
            "eps_4q_growth_year": -14.4,
            "roe": 4.29,
            "roe_4q": 9.01,
            "gross_profit": 148378,
            "gross_margin": 62.01,
            "gross_margin_4q_avg": 54.45,
            "net_income": 70758,
            "net_income_4q": null,
            "revenue": 239276,
            "revenue_4q": null,
            "common_shares": 1021273,
            "book_valuer_per_share": 16.54,
            "book_valuer_per_share_4q_avg": 16.49,
            "equity": 1688789,
            "current_ratio": 83.04,
            "debt_ratio": 12.16,
            "inventory_turnover_ratio": 11.19,
            "account_receivable_turnover_ratio": 29.84,
            "reinvestment_rate": 55.91,
            "research_to_sale_ratio": null,
            "price_fair": 67.5,
            "eps_avg_yearly": 1.93,
            "eps_latest_yearly": 2.76,
            "eps_growth_yearly": 316.57
        },
        "20164": {
            "year_quarter": 20164,
            "year": 2016,
            "quarter": 4,
            "eps": 0.07,
            "eps_growth_year": -49.99,
            "eps_4q": 1.37,
            "eps_4q_growth_year": -19.43,
            "roe": 0.43,
            "roe_4q": 8.57,
            "gross_profit": 65949,
            "gross_margin": 46.03,
            "gross_margin_4q_avg": 53.5,
            "net_income": 7356,
            "net_income_4q": null,
            "revenue": 143271,
            "revenue_4q": null,
            "common_shares": 1021273,
            "book_valuer_per_share": 16.63,
            "book_valuer_per_share_4q_avg": 16.47,
            "equity": 1698686,
            "current_ratio": 70.87,
            "debt_ratio": 11.31,
            "inventory_turnover_ratio": 9.99,
            "account_receivable_turnover_ratio": 23.25,
            "reinvestment_rate": 63.14,
            "research_to_sale_ratio": null,
            "price_fair": 66.7,
            "eps_avg_yearly": 1.91,
            "eps_latest_yearly": 0.28,
            "eps_growth_yearly": 315.35
        },
        "20171": {
            "year_quarter": 20171,
            "year": 2017,
            "quarter": 1,
            "eps": 0,
            "eps_growth_year": -100,
            "eps_4q": 1.21,
            "eps_4q_growth_year": -29.86,
            "roe": 0.01,
            "roe_4q": 7.540000000000001,
            "gross_profit": 52924,
            "gross_margin": 40.38,
            "gross_margin_4q_avg": 51.53,
            "net_income": 109,
            "net_income_4q": null,
            "revenue": 131069,
            "revenue_4q": null,
            "common_shares": 1021273,
            "book_valuer_per_share": 16.7,
            "book_valuer_per_share_4q_avg": 16.42,
            "equity": 1705128,
            "current_ratio": 67.95,
            "debt_ratio": 12.36,
            "inventory_turnover_ratio": 9.78,
            "account_receivable_turnover_ratio": 23.31,
            "reinvestment_rate": 88.99,
            "research_to_sale_ratio": null,
            "price_fair": 70.65,
            "eps_avg_yearly": 2.02,
            "eps_latest_yearly": 0.28,
            "eps_growth_yearly": 347.81
        },
        "20172": {
            "year_quarter": 20172,
            "year": 2017,
            "quarter": 2,
            "eps": 0.28,
            "eps_growth_year": -36.36,
            "eps_4q": 1.01,
            "eps_4q_growth_year": -37.21,
            "roe": 1.78,
            "roe_4q": 6.51,
            "gross_profit": 98059,
            "gross_margin": 55.28,
            "gross_margin_4q_avg": 50.93,
            "net_income": 30054,
            "net_income_4q": null,
            "revenue": 177396,
            "revenue_4q": null,
            "common_shares": 1072336,
            "book_valuer_per_share": 15.66,
            "book_valuer_per_share_4q_avg": 16.38,
            "equity": 1679368,
            "current_ratio": 54.73,
            "debt_ratio": 15.86,
            "inventory_turnover_ratio": 10.09,
            "account_receivable_turnover_ratio": 25.76,
            "reinvestment_rate": 98.12,
            "research_to_sale_ratio": null,
            "price_fair": 69.88,
            "eps_avg_yearly": 2,
            "eps_latest_yearly": 0.28,
            "eps_growth_yearly": 237.4
        },
        "20173": {
            "year_quarter": 20173,
            "year": 2017,
            "quarter": 3,
            "eps": 0.55,
            "eps_growth_year": -20.29,
            "eps_4q": 0.9,
            "eps_4q_growth_year": -37.17,
            "roe": 3.46,
            "roe_4q": 5.68,
            "gross_profit": 129059,
            "gross_margin": 59.42,
            "gross_margin_4q_avg": 50.28,
            "net_income": 59161,
            "net_income_4q": null,
            "revenue": 217194,
            "revenue_4q": null,
            "common_shares": 1072336,
            "book_valuer_per_share": 16.21,
            "book_valuer_per_share_4q_avg": 16.3,
            "equity": 1738478,
            "current_ratio": 74.88,
            "debt_ratio": 13.67,
            "inventory_turnover_ratio": 11.79,
            "account_receivable_turnover_ratio": 34.9,
            "reinvestment_rate": 102.54,
            "research_to_sale_ratio": null,
            "price_fair": 63.35,
            "eps_avg_yearly": 1.81,
            "eps_latest_yearly": 2.2,
            "eps_growth_yearly": 237.97
        },
        "20174": {
            "year_quarter": 20174,
            "year": 2017,
            "quarter": 4,
            "eps": 0.04,
            "eps_growth_year": -39.27,
            "eps_4q": 0.88,
            "eps_4q_growth_year": -36.11,
            "roe": 0.27,
            "roe_4q": 5.52,
            "gross_profit": 57486,
            "gross_margin": 44.16,
            "gross_margin_4q_avg": 49.81,
            "net_income": 4691,
            "net_income_4q": null,
            "revenue": 130168,
            "revenue_4q": null,
            "common_shares": 1072336,
            "book_valuer_per_share": 16.31,
            "book_valuer_per_share_4q_avg": 16.22,
            "equity": 1748543,
            "current_ratio": 83.54,
            "debt_ratio": 17,
            "inventory_turnover_ratio": 9.71,
            "account_receivable_turnover_ratio": 25.57,
            "reinvestment_rate": 113.45,
            "research_to_sale_ratio": null,
            "price_fair": 58.91,
            "eps_avg_yearly": 1.68,
            "eps_latest_yearly": 0.16,
            "eps_growth_yearly": 191.13
        },
        "20181": {
            "year_quarter": 20181,
            "year": 2018,
            "quarter": 1,
            "eps": -0.23,
            "eps_growth_year": null,
            "eps_4q": 0.64,
            "eps_4q_growth_year": -46.8,
            "roe": -1.43,
            "roe_4q": 4.08,
            "gross_profit": 27511,
            "gross_margin": 24.07,
            "gross_margin_4q_avg": 45.73,
            "net_income": -24918,
            "net_income_4q": null,
            "revenue": 114313,
            "revenue_4q": null,
            "common_shares": 1072336,
            "book_valuer_per_share": 16.12,
            "book_valuer_per_share_4q_avg": 16.08,
            "equity": 1728674,
            "current_ratio": 78.31,
            "debt_ratio": 22.29,
            "inventory_turnover_ratio": 10.28,
            "account_receivable_turnover_ratio": 16.58,
            "reinvestment_rate": 134.63,
            "research_to_sale_ratio": null,
            "price_fair": 58.91,
            "eps_avg_yearly": 1.68,
            "eps_latest_yearly": 0.16,
            "eps_growth_yearly": 191.13
        },
        "20182": {
            "year_quarter": 20182,
            "year": 2018,
            "quarter": 2,
            "eps": -0.01,
            "eps_growth_year": -103.57,
            "eps_4q": 0.34,
            "eps_4q_growth_year": -65.92,
            "roe": -0.03,
            "roe_4q": 2.27,
            "gross_profit": 60963,
            "gross_margin": 36,
            "gross_margin_4q_avg": 40.91,
            "net_income": -557,
            "net_income_4q": null,
            "revenue": 169358,
            "revenue_4q": null,
            "common_shares": 1115229,
            "book_valuer_per_share": 15,
            "book_valuer_per_share_4q_avg": 15.91,
            "equity": 1673090,
            "current_ratio": 63.55,
            "debt_ratio": 26.52,
            "inventory_turnover_ratio": 11.04,
            "account_receivable_turnover_ratio": 20.93,
            "reinvestment_rate": 161.41,
            "research_to_sale_ratio": null,
            "price_fair": 57.4,
            "eps_avg_yearly": 1.64,
            "eps_latest_yearly": 0.16,
            "eps_growth_yearly": 125.81
        },
        "20183": {
            "year_quarter": 20183,
            "year": 2018,
            "quarter": 3,
            "eps": 0.25,
            "eps_growth_year": -54.55,
            "eps_4q": 0.06,
            "eps_4q_growth_year": -93.51,
            "roe": 1.51,
            "roe_4q": 0.32000000000000006,
            "gross_profit": 90730,
            "gross_margin": 41.24,
            "gross_margin_4q_avg": 36.37,
            "net_income": 26289,
            "net_income_4q": null,
            "revenue": 220007,
            "revenue_4q": null,
            "common_shares": 1115229,
            "book_valuer_per_share": 15.23,
            "book_valuer_per_share_4q_avg": 15.67,
            "equity": 1815522,
            "current_ratio": 75.16,
            "debt_ratio": 26.28,
            "inventory_turnover_ratio": 12.97,
            "account_receivable_turnover_ratio": 24.17,
            "reinvestment_rate": 234.69,
            "research_to_sale_ratio": null,
            "price_fair": 48.62,
            "eps_avg_yearly": 1.39,
            "eps_latest_yearly": 0.16,
            "eps_growth_yearly": 100.88
        },
        "20184": {
            "year_quarter": 20184,
            "year": 2018,
            "quarter": 4,
            "eps": 0.17,
            "eps_growth_year": 295.33,
            "eps_4q": 0.19,
            "eps_4q_growth_year": -78.39,
            "roe": 1.05,
            "roe_4q": 1.1000000000000003,
            "gross_profit": 51384,
            "gross_margin": 30.84,
            "gross_margin_4q_avg": 33.04,
            "net_income": 19241,
            "net_income_4q": null,
            "revenue": 166623,
            "revenue_4q": null,
            "common_shares": 1115229,
            "book_valuer_per_share": 15.28,
            "book_valuer_per_share_4q_avg": 15.41,
            "equity": 1844803,
            "current_ratio": 66.69,
            "debt_ratio": 27.01,
            "inventory_turnover_ratio": 11.94,
            "account_receivable_turnover_ratio": 11.46,
            "reinvestment_rate": 241.06,
            "research_to_sale_ratio": null,
            "price_fair": 49.13,
            "eps_avg_yearly": 1.4,
            "eps_latest_yearly": 0.68,
            "eps_growth_yearly": 121.31
        },
        "20191": {
            "year_quarter": 20191,
            "year": 2019,
            "quarter": 1,
            "eps": 0.12,
            "eps_growth_year": null,
            "eps_4q": 0.3,
            "eps_4q_growth_year": -53.82,
            "roe": -0.75,
            "roe_4q": 1.78,
            "gross_profit": 50011,
            "gross_margin": 29.62,
            "gross_margin_4q_avg": 34.43,
            "net_income": -13799,
            "net_income_4q": null,
            "revenue": 168831,
            "revenue_4q": null,
            "common_shares": 1115229,
            "book_valuer_per_share": 15.17,
            "book_valuer_per_share_4q_avg": 15.17,
            "equity": 1831240,
            "current_ratio": 65.25,
            "debt_ratio": 29.62,
            "inventory_turnover_ratio": 11.5,
            "account_receivable_turnover_ratio": 9.32,
            "reinvestment_rate": 256.37,
            "research_to_sale_ratio": null,
            "price_fair": 48.49,
            "eps_avg_yearly": 1.39,
            "eps_latest_yearly": 0.48,
            "eps_growth_yearly": 99.43
        },
        "20192": {
            "year_quarter": 20192,
            "year": 2019,
            "quarter": 2,
            "eps": 0.16,
            "eps_growth_year": null,
            "eps_4q": 0.46,
            "eps_4q_growth_year": 32.65,
            "roe": 0.86,
            "roe_4q": 2.67,
            "gross_profit": 74990,
            "gross_margin": 39.89,
            "gross_margin_4q_avg": 35.4,
            "net_income": 15795,
            "net_income_4q": null,
            "revenue": 188012,
            "revenue_4q": null,
            "common_shares": 1115229,
            "book_valuer_per_share": 15.11,
            "book_valuer_per_share_4q_avg": 15.2,
            "equity": 1823194,
            "current_ratio": 66.64,
            "debt_ratio": 30.52,
            "inventory_turnover_ratio": 10.84,
            "account_receivable_turnover_ratio": 10.6,
            "reinvestment_rate": 229.28,
            "research_to_sale_ratio": null,
            "price_fair": 44.42,
            "eps_avg_yearly": 1.27,
            "eps_latest_yearly": 0.64,
            "eps_growth_yearly": 45.24
        },
        "20193": {
            "year_quarter": 20193,
            "year": 2019,
            "quarter": 3,
            "eps": 0.32,
            "eps_growth_year": 28,
            "eps_4q": 0.53,
            "eps_4q_growth_year": 812.69,
            "roe": 1.9,
            "roe_4q": 3.0599999999999996,
            "gross_profit": 115616,
            "gross_margin": 50.02,
            "gross_margin_4q_avg": 37.59,
            "net_income": 34812,
            "net_income_4q": null,
            "revenue": 231154,
            "revenue_4q": null,
            "common_shares": 1115229,
            "book_valuer_per_share": 15.28,
            "book_valuer_per_share_4q_avg": 15.21,
            "equity": 1841227,
            "current_ratio": 71.75,
            "debt_ratio": 28.43,
            "inventory_turnover_ratio": 11.65,
            "account_receivable_turnover_ratio": 12.77,
            "reinvestment_rate": 258.5,
            "research_to_sale_ratio": null,
            "price_fair": 36.65,
            "eps_avg_yearly": 1.05,
            "eps_latest_yearly": 1.28,
            "eps_growth_yearly": 47.51
        },
        "20194": {
            "year_quarter": 20194,
            "year": 2019,
            "quarter": 4,
            "eps": -0,
            "eps_growth_year": -101.61,
            "eps_4q": 0.36,
            "eps_4q_growth_year": 89.34,
            "roe": -0.04,
            "roe_4q": 1.9699999999999998,
            "gross_profit": 59809,
            "gross_margin": 36.25,
            "gross_margin_4q_avg": 38.95,
            "net_income": -668,
            "net_income_4q": null,
            "revenue": 165009,
            "revenue_4q": null,
            "common_shares": 1115229,
            "book_valuer_per_share": 15.3,
            "book_valuer_per_share_4q_avg": 15.22,
            "equity": 1842890,
            "current_ratio": 66.95,
            "debt_ratio": 27.07,
            "inventory_turnover_ratio": 10.09,
            "account_receivable_turnover_ratio": 11.68,
            "reinvestment_rate": 274.52,
            "research_to_sale_ratio": null,
            "price_fair": 38.36,
            "eps_avg_yearly": 1.1,
            "eps_latest_yearly": 1.28,
            "eps_growth_yearly": 86.24
        },
        "20201": {
            "year_quarter": 20201,
            "year": 2020,
            "quarter": 1,
            "eps": -0.13,
            "eps_growth_year": -208.33,
            "eps_4q": 0.35,
            "eps_4q_growth_year": 16.87,
            "roe": -0.83,
            "roe_4q": 1.8899999999999997,
            "gross_profit": 41603,
            "gross_margin": 28.51,
            "gross_margin_4q_avg": 38.67,
            "net_income": -15228,
            "net_income_4q": null,
            "revenue": 145947,
            "revenue_4q": null,
            "common_shares": 1115229,
            "book_valuer_per_share": 15.13,
            "book_valuer_per_share_4q_avg": 15.21,
            "equity": 1822699,
            "current_ratio": 66.5,
            "debt_ratio": 26.1,
            "inventory_turnover_ratio": 9.96,
            "account_receivable_turnover_ratio": 17.55,
            "reinvestment_rate": 293.03,
            "research_to_sale_ratio": null,
            "price_fair": 39.82,
            "eps_avg_yearly": 1.14,
            "eps_latest_yearly": 1.28,
            "eps_growth_yearly": 83.12
        },
        "20202": {
            "year_quarter": 20202,
            "year": 2020,
            "quarter": 2,
            "eps": 0.02,
            "eps_growth_year": -87.5,
            "eps_4q": 0.21,
            "eps_4q_growth_year": -53.68,
            "roe": 0.05,
            "roe_4q": 1.08,
            "gross_profit": 40054,
            "gross_margin": 29.91,
            "gross_margin_4q_avg": 36.17,
            "net_income": 945,
            "net_income_4q": null,
            "revenue": 133927,
            "revenue_4q": null,
            "common_shares": 1115229,
            "book_valuer_per_share": 15.14,
            "book_valuer_per_share_4q_avg": 15.21,
            "equity": 1822963,
            "current_ratio": 72.92,
            "debt_ratio": 27.84,
            "inventory_turnover_ratio": 9.41,
            "account_receivable_turnover_ratio": 18.39,
            "reinvestment_rate": 329.64,
            "research_to_sale_ratio": null,
            "price_fair": 33.17,
            "eps_avg_yearly": 1.06,
            "eps_latest_yearly": 1.28,
            "eps_growth_yearly": 21.29
        },
        "20203": {
            "year_quarter": 20203,
            "year": 2020,
            "quarter": 3,
            "eps": 0.74,
            "eps_growth_year": 131.25,
            "eps_4q": 0.63,
            "eps_4q_growth_year": 18.47,
            "roe": 4.45,
            "roe_4q": 3.63,
            "gross_profit": 166168,
            "gross_margin": 59.74,
            "gross_margin_4q_avg": 38.6,
            "net_income": 83010,
            "net_income_4q": null,
            "revenue": 278131,
            "revenue_4q": null,
            "common_shares": 1115229,
            "book_valuer_per_share": 15.91,
            "book_valuer_per_share_4q_avg": 15.37,
            "equity": 1908691,
            "current_ratio": 82.97,
            "debt_ratio": 25.33,
            "inventory_turnover_ratio": 10.37,
            "account_receivable_turnover_ratio": 18.58,
            "reinvestment_rate": 274.57,
            "research_to_sale_ratio": null,
            "price_fair": 37.98,
            "eps_avg_yearly": 1.09,
            "eps_latest_yearly": 2.96,
            "eps_growth_yearly": 1792.88
        },
        "20204": {
            "year_quarter": 20204,
            "year": 2020,
            "quarter": 4,
            "eps": 0.15,
            "eps_growth_year": null,
            "eps_4q": 0.79,
            "eps_4q_growth_year": 118.97,
            "roe": 0.84,
            "roe_4q": 4.51,
            "gross_profit": 79522,
            "gross_margin": 44.51,
            "gross_margin_4q_avg": 40.67,
            "net_income": 16303,
            "net_income_4q": null,
            "revenue": 178664,
            "revenue_4q": null,
            "common_shares": 1115229,
            "book_valuer_per_share": 16.49,
            "book_valuer_per_share_4q_avg": 15.67,
            "equity": 1972824,
            "current_ratio": 95.82,
            "debt_ratio": 23.26,
            "inventory_turnover_ratio": 8.66,
            "account_receivable_turnover_ratio": 10.05,
            "reinvestment_rate": 245.36,
            "research_to_sale_ratio": null,
            "price_fair": 39.38,
            "eps_avg_yearly": 1.13,
            "eps_latest_yearly": 0.6,
            "eps_growth_yearly": 1797.95
        },
        "20211": {
            "year_quarter": 20211,
            "year": 2021,
            "quarter": 1,
            "eps": 0.07,
            "eps_growth_year": null,
            "eps_4q": 0.98,
            "eps_4q_growth_year": 182.5,
            "roe": 0.37,
            "roe_4q": 5.71,
            "gross_profit": 67533,
            "gross_margin": 39.2,
            "gross_margin_4q_avg": 43.34,
            "net_income": 7364,
            "net_income_4q": null,
            "revenue": 172295,
            "revenue_4q": null,
            "common_shares": 1115229,
            "book_valuer_per_share": 16.53,
            "book_valuer_per_share_4q_avg": 16.02,
            "equity": 1977825,
            "current_ratio": 91.05,
            "debt_ratio": 22.48,
            "inventory_turnover_ratio": 9.55,
            "account_receivable_turnover_ratio": 14.96,
            "reinvestment_rate": 191.79,
            "research_to_sale_ratio": null,
            "price_fair": 36.09,
            "eps_avg_yearly": 1.03,
            "eps_latest_yearly": 0.28,
            "eps_growth_yearly": 1574.47
        },
        "20212": {
            "year_quarter": 20212,
            "year": 2021,
            "quarter": 2,
            "eps": -0.24,
            "eps_growth_year": -1300,
            "eps_4q": 0.72,
            "eps_4q_growth_year": 242.66,
            "roe": -1.4,
            "roe_4q": 4.260000000000001,
            "gross_profit": 19302,
            "gross_margin": 19.14,
            "gross_margin_4q_avg": 40.65,
            "net_income": -28749,
            "net_income_4q": null,
            "revenue": 100862,
            "revenue_4q": null,
            "common_shares": 1115229,
            "book_valuer_per_share": 18.03,
            "book_valuer_per_share_4q_avg": 16.74,
            "equity": 2142883,
            "current_ratio": 146.2,
            "debt_ratio": 23.59,
            "inventory_turnover_ratio": 7.53,
            "account_receivable_turnover_ratio": 17.97,
            "reinvestment_rate": 227.25,
            "research_to_sale_ratio": null,
            "price_fair": 36.09,
            "eps_avg_yearly": 1.03,
            "eps_latest_yearly": 0.28,
            "eps_growth_yearly": 1574.47
        },
        "20213": {
            "year_quarter": 20213,
            "year": 2021,
            "quarter": 3,
            "eps": 0.04,
            "eps_growth_year": -94.59,
            "eps_4q": 0.02,
            "eps_4q_growth_year": -96.62,
            "roe": 0.12,
            "roe_4q": -0.06999999999999984,
            "gross_profit": 35447,
            "gross_margin": 30.51,
            "gross_margin_4q_avg": 33.34,
            "net_income": 2576,
            "net_income_4q": null,
            "revenue": 116182,
            "revenue_4q": null,
            "common_shares": 1115229,
            "book_valuer_per_share": 16.96,
            "book_valuer_per_share_4q_avg": 17,
            "equity": 2020692,
            "current_ratio": 126.45,
            "debt_ratio": 24.49,
            "inventory_turnover_ratio": 7.48,
            "account_receivable_turnover_ratio": 25.01,
            "reinvestment_rate": 282.69,
            "research_to_sale_ratio": null,
            "price_fair": 30.98,
            "eps_avg_yearly": 0.89,
            "eps_latest_yearly": 0.28,
            "eps_growth_yearly": 1723.07
        },
        "20214": {
            "year_quarter": 20214,
            "year": 2021,
            "quarter": 4,
            "eps": 0.31,
            "eps_growth_year": 107.95,
            "eps_4q": 0.18,
            "eps_4q_growth_year": -76.73,
            "roe": 1.7,
            "roe_4q": 0.7899999999999999,
            "gross_profit": 97434,
            "gross_margin": 49.07,
            "gross_margin_4q_avg": 34.48,
            "net_income": 34346,
            "net_income_4q": null,
            "revenue": 198579,
            "revenue_4q": null,
            "common_shares": 1115229,
            "book_valuer_per_share": 16.9,
            "book_valuer_per_share_4q_avg": 17.11,
            "equity": 2013590,
            "current_ratio": 123.67,
            "debt_ratio": 25.29,
            "inventory_turnover_ratio": 8.95,
            "account_receivable_turnover_ratio": 19.67,
            "reinvestment_rate": 186.52,
            "research_to_sale_ratio": null,
            "price_fair": 35.7,
            "eps_avg_yearly": 1.02,
            "eps_latest_yearly": 1.24,
            "eps_growth_yearly": 2106.93
        },
        "20221": {
            "year_quarter": 20221,
            "year": 2022,
            "quarter": 1,
            "eps": 0.11,
            "eps_growth_year": 57.14,
            "eps_4q": 0.23,
            "eps_4q_growth_year": -76.68,
            "roe": 0.57,
            "roe_4q": 0.9900000000000002,
            "gross_profit": 73901,
            "gross_margin": 41.98,
            "gross_margin_4q_avg": 35.18,
            "net_income": 11477,
            "net_income_4q": null,
            "revenue": 176036,
            "revenue_4q": null,
            "common_shares": 1115229,
            "book_valuer_per_share": 16.95,
            "book_valuer_per_share_4q_avg": 17.21,
            "equity": 2017815,
            "current_ratio": 145.54,
            "debt_ratio": 26.75,
            "inventory_turnover_ratio": 8.63,
            "account_receivable_turnover_ratio": 16.21,
            "reinvestment_rate": 122.3,
            "research_to_sale_ratio": null,
            "price_fair": 33.44,
            "eps_avg_yearly": 0.96,
            "eps_latest_yearly": 0.44,
            "eps_growth_yearly": 1844.15
        },
        "20222": {
            "year_quarter": 20222,
            "year": 2022,
            "quarter": 2,
            "eps": 0.09,
            "eps_growth_year": null,
            "eps_4q": 0.56,
            "eps_4q_growth_year": -22.81,
            "roe": 0.38,
            "roe_4q": 2.77,
            "gross_profit": 70412,
            "gross_margin": 44.88,
            "gross_margin_4q_avg": 41.61,
            "net_income": 7473,
            "net_income_4q": null,
            "revenue": 156890,
            "revenue_4q": null,
            "common_shares": 1115229,
            "book_valuer_per_share": 15.97,
            "book_valuer_per_share_4q_avg": 16.7,
            "equity": 1906427,
            "current_ratio": 109.97,
            "debt_ratio": 28.93,
            "inventory_turnover_ratio": 7.65,
            "account_receivable_turnover_ratio": 18.14,
            "reinvestment_rate": 110.12,
            "research_to_sale_ratio": null,
            "price_fair": 31.36,
            "eps_avg_yearly": 0.9,
            "eps_latest_yearly": 0.36,
            "eps_growth_yearly": 1652.46
        },
        "20223": {
            "year_quarter": 20223,
            "year": 2022,
            "quarter": 3,
            "eps": 1.03,
            "eps_growth_year": 2475,
            "eps_4q": 1.54,
            "eps_4q_growth_year": 7121.76,
            "roe": 5.79,
            "roe_4q": 8.44,
            "gross_profit": 203904,
            "gross_margin": 65.54,
            "gross_margin_4q_avg": 50.37,
            "net_income": 113745,
            "net_income_4q": null,
            "revenue": 311113,
            "revenue_4q": null,
            "common_shares": 1115229,
            "book_valuer_per_share": 17.03,
            "book_valuer_per_share_4q_avg": 16.71,
            "equity": 2023784,
            "current_ratio": 132.07,
            "debt_ratio": 27.32,
            "inventory_turnover_ratio": 9.64,
            "account_receivable_turnover_ratio": 22.82,
            "reinvestment_rate": 20.16,
            "research_to_sale_ratio": null,
            "price_fair": 41.62,
            "eps_avg_yearly": 1.19,
            "eps_latest_yearly": 4.12,
            "eps_growth_yearly": 1882.04
        },
        "20224": {
            "year_quarter": 20224,
            "year": 2022,
            "quarter": 4,
            "eps": 0.15,
            "eps_growth_year": -51.34,
            "eps_4q": 1.38,
            "eps_4q_growth_year": 657.01,
            "roe": 0.79,
            "roe_4q": 7.53,
            "gross_profit": 86687,
            "gross_margin": 45.17,
            "gross_margin_4q_avg": 49.39,
            "net_income": 16037,
            "net_income_4q": null,
            "revenue": 191901,
            "revenue_4q": null,
            "common_shares": 1115229,
            "book_valuer_per_share": 17.27,
            "book_valuer_per_share_4q_avg": 16.81,
            "equity": 2049267,
            "current_ratio": 120.84,
            "debt_ratio": 26.45,
            "inventory_turnover_ratio": 9.18,
            "account_receivable_turnover_ratio": 12.82,
            "reinvestment_rate": 5.87,
            "research_to_sale_ratio": null,
            "price_fair": 41.36,
            "eps_avg_yearly": 1.18,
            "eps_latest_yearly": 0.6,
            "eps_growth_yearly": 1862.61
        },
        "20231": {
            "year_quarter": 20231,
            "year": 2023,
            "quarter": 1,
            "eps": 0.2,
            "eps_growth_year": 81.82,
            "eps_4q": 1.47,
            "eps_4q_growth_year": 541.51,
            "roe": 1.29,
            "roe_4q": 8.25,
            "gross_profit": 79148,
            "gross_margin": 42.26,
            "gross_margin_4q_avg": 49.46,
            "net_income": 27955,
            "net_income_4q": null,
            "revenue": 187285,
            "revenue_4q": null,
            "common_shares": 1115229,
            "book_valuer_per_share": 18.04,
            "book_valuer_per_share_4q_avg": 17.08,
            "equity": 2297721,
            "current_ratio": 186.87,
            "debt_ratio": 20.73,
            "inventory_turnover_ratio": 9,
            "account_receivable_turnover_ratio": 20.53,
            "reinvestment_rate": 37.34,
            "research_to_sale_ratio": null,
            "price_fair": 42.38,
            "eps_avg_yearly": 1.21,
            "eps_latest_yearly": 0.8,
            "eps_growth_yearly": 1885.42
        },
        "20232": {
            "year_quarter": 20232,
            "year": 2023,
            "quarter": 2,
            "eps": 0.21,
            "eps_growth_year": 133.33,
            "eps_4q": 1.51,
            "eps_4q_growth_year": 170.06,
            "roe": 1.01,
            "roe_4q": 8.879999999999999,
            "gross_profit": 94707,
            "gross_margin": 48.03,
            "gross_margin_4q_avg": 50.25,
            "net_income": 22974,
            "net_income_4q": null,
            "revenue": 197193,
            "revenue_4q": null,
            "common_shares": 1115229,
            "book_valuer_per_share": 17.57,
            "book_valuer_per_share_4q_avg": 17.48,
            "equity": 2242091,
            "current_ratio": 119.26,
            "debt_ratio": 23.77,
            "inventory_turnover_ratio": 8.4,
            "account_receivable_turnover_ratio": 24.94,
            "reinvestment_rate": 38.86,
            "research_to_sale_ratio": null,
            "price_fair": 43.02,
            "eps_avg_yearly": 1.23,
            "eps_latest_yearly": 0.84,
            "eps_growth_yearly": 1875.12
        },
        "20233": {
            "year_quarter": 20233,
            "year": 2023,
            "quarter": 3,
            "eps": 0.41,
            "eps_growth_year": -60.19,
            "eps_4q": 0.95,
            "eps_4q_growth_year": -38.46,
            "roe": 2.02,
            "roe_4q": 5.11,
            "gross_profit": 126673,
            "gross_margin": 53.56,
            "gross_margin_4q_avg": 47.26,
            "net_income": 45356,
            "net_income_4q": null,
            "revenue": 236485,
            "revenue_4q": null,
            "common_shares": 1182143,
            "book_valuer_per_share": 16.58,
            "book_valuer_per_share_4q_avg": 17.37,
            "equity": 2239823,
            "current_ratio": 121.44,
            "debt_ratio": 22.64,
            "inventory_turnover_ratio": 9.33,
            "account_receivable_turnover_ratio": 23.77,
            "reinvestment_rate": 42.2,
            "research_to_sale_ratio": null,
            "price_fair": 44.16,
            "eps_avg_yearly": 1.26,
            "eps_latest_yearly": 1.64,
            "eps_growth_yearly": 1873.39
        },
        "20234": {
            "year_quarter": 20234,
            "year": 2023,
            "quarter": 4,
            "eps": -0.12,
            "eps_growth_year": -178.6,
            "eps_4q": 0.69,
            "eps_4q_growth_year": -50.27,
            "roe": -0.76,
            "roe_4q": 3.56,
            "gross_profit": 46272,
            "gross_margin": 32.15,
            "gross_margin_4q_avg": 44,
            "net_income": -17103,
            "net_income_4q": null,
            "revenue": 143912,
            "revenue_4q": null,
            "common_shares": 1182143,
            "book_valuer_per_share": 16.65,
            "book_valuer_per_share_4q_avg": 17.21,
            "equity": 2245162,
            "current_ratio": 130.28,
            "debt_ratio": 26.53,
            "inventory_turnover_ratio": 8.43,
            "account_receivable_turnover_ratio": 13.38,
            "reinvestment_rate": 43.77,
            "research_to_sale_ratio": null,
            "price_fair": 44.16,
            "eps_avg_yearly": 1.26,
            "eps_latest_yearly": 1.64,
            "eps_growth_yearly": 1873.39
        }
    },
    "months": {
        "2009-09": {
            "month": "2009-09",
            "price": "24.14",
            "revenue": 34869
        },
        "2009-10": {
            "month": "2009-10",
            "price": "28.46",
            "revenue": 40774
        },
        "2009-11": {
            "month": "2009-11",
            "price": "27.58",
            "revenue": 28341
        },
        "2009-12": {
            "month": "2009-12",
            "price": "27.40",
            "revenue": 25038
        },
        "2010-01": {
            "month": "2010-01",
            "price": "29.21",
            "revenue": 26904
        },
        "2010-02": {
            "month": "2010-02",
            "price": "30.30",
            "revenue": 50231
        },
        "2010-03": {
            "month": "2010-03",
            "price": "29.92",
            "revenue": 36962
        },
        "2010-04": {
            "month": "2010-04",
            "price": "30.08",
            "revenue": 43200
        },
        "2010-05": {
            "month": "2010-05",
            "price": "32.56",
            "revenue": 50524
        },
        "2010-06": {
            "month": "2010-06",
            "price": "38.86",
            "revenue": 57081
        },
        "2010-07": {
            "month": "2010-07",
            "price": "37.22",
            "revenue": 94539
        },
        "2010-08": {
            "month": "2010-08",
            "price": "41.32",
            "revenue": 88256
        },
        "2010-09": {
            "month": "2010-09",
            "price": "47.08",
            "revenue": 44974
        },
        "2010-10": {
            "month": "2010-10",
            "price": "40.38",
            "revenue": 46762
        },
        "2010-11": {
            "month": "2010-11",
            "price": "40.49",
            "revenue": 31404
        },
        "2010-12": {
            "month": "2010-12",
            "price": "39.78",
            "revenue": 28759
        },
        "2011-01": {
            "month": "2011-01",
            "price": "44.79",
            "revenue": 27316
        },
        "2011-02": {
            "month": "2011-02",
            "price": "47.62",
            "revenue": 42659
        },
        "2011-03": {
            "month": "2011-03",
            "price": "43.94",
            "revenue": 35982
        },
        "2011-04": {
            "month": "2011-04",
            "price": "44.87",
            "revenue": 49495
        },
        "2011-05": {
            "month": "2011-05",
            "price": "46.21",
            "revenue": 52892
        },
        "2011-06": {
            "month": "2011-06",
            "price": "46.83",
            "revenue": 59699
        },
        "2011-07": {
            "month": "2011-07",
            "price": "46.55",
            "revenue": 96863
        },
        "2011-08": {
            "month": "2011-08",
            "price": "44.82",
            "revenue": 82279
        },
        "2011-09": {
            "month": "2011-09",
            "price": "41.90",
            "revenue": 51167
        },
        "2011-10": {
            "month": "2011-10",
            "price": "35.08",
            "revenue": 50143
        },
        "2011-11": {
            "month": "2011-11",
            "price": "35.51",
            "revenue": 32519
        },
        "2011-12": {
            "month": "2011-12",
            "price": "39.72",
            "revenue": 26096
        },
        "2012-01": {
            "month": "2012-01",
            "price": "39.58",
            "revenue": 43058
        },
        "2012-02": {
            "month": "2012-02",
            "price": "44.79",
            "revenue": 31631
        },
        "2012-03": {
            "month": "2012-03",
            "price": "51.75",
            "revenue": 36060
        },
        "2012-04": {
            "month": "2012-04",
            "price": "44.19",
            "revenue": 45816
        },
        "2012-05": {
            "month": "2012-05",
            "price": "38.60",
            "revenue": 51793
        },
        "2012-06": {
            "month": "2012-06",
            "price": "35.83",
            "revenue": 60100
        },
        "2012-07": {
            "month": "2012-07",
            "price": "36.62",
            "revenue": 104609
        },
        "2012-08": {
            "month": "2012-08",
            "price": "38.01",
            "revenue": 73364
        },
        "2012-09": {
            "month": "2012-09",
            "price": "39.02",
            "revenue": 55586
        },
        "2012-10": {
            "month": "2012-10",
            "price": "38.64",
            "revenue": 50888
        },
        "2012-11": {
            "month": "2012-11",
            "price": "38.02",
            "revenue": 35442
        },
        "2012-12": {
            "month": "2012-12",
            "price": "38.48",
            "revenue": 34767
        },
        "2013-01": {
            "month": "2013-01",
            "price": "40.28",
            "revenue": 22575
        },
        "2013-02": {
            "month": "2013-02",
            "price": "39.69",
            "revenue": 51685
        },
        "2013-03": {
            "month": "2013-03",
            "price": "39.62",
            "revenue": 40659
        },
        "2013-04": {
            "month": "2013-04",
            "price": "39.65",
            "revenue": 51140
        },
        "2013-05": {
            "month": "2013-05",
            "price": "41.70",
            "revenue": 57369
        },
        "2013-06": {
            "month": "2013-06",
            "price": "41.38",
            "revenue": 71331
        },
        "2013-07": {
            "month": "2013-07",
            "price": "41.61",
            "revenue": 103129
        },
        "2013-08": {
            "month": "2013-08",
            "price": "40.83",
            "revenue": 91560
        },
        "2013-09": {
            "month": "2013-09",
            "price": "41.17",
            "revenue": 55597
        },
        "2013-10": {
            "month": "2013-10",
            "price": "41.10",
            "revenue": 54117
        },
        "2013-11": {
            "month": "2013-11",
            "price": "40.76",
            "revenue": 37304
        },
        "2013-12": {
            "month": "2013-12",
            "price": "41.11",
            "revenue": 26758
        },
        "2014-01": {
            "month": "2014-01",
            "price": "41.46",
            "revenue": 34279
        },
        "2014-02": {
            "month": "2014-02",
            "price": "40.92",
            "revenue": 45098
        },
        "2014-03": {
            "month": "2014-03",
            "price": "40.77",
            "revenue": 42113
        },
        "2014-04": {
            "month": "2014-04",
            "price": "40.79",
            "revenue": 52114
        },
        "2014-05": {
            "month": "2014-05",
            "price": "40.72",
            "revenue": 63166
        },
        "2014-06": {
            "month": "2014-06",
            "price": "40.75",
            "revenue": 73420
        },
        "2014-07": {
            "month": "2014-07",
            "price": "41.02",
            "revenue": 106248
        },
        "2014-08": {
            "month": "2014-08",
            "price": "40.88",
            "revenue": 99117
        },
        "2014-09": {
            "month": "2014-09",
            "price": "41.30",
            "revenue": 61179
        },
        "2014-10": {
            "month": "2014-10",
            "price": "42.54",
            "revenue": 60981
        },
        "2014-11": {
            "month": "2014-11",
            "price": "43.83",
            "revenue": 42872
        },
        "2014-12": {
            "month": "2014-12",
            "price": "44.59",
            "revenue": 33438
        },
        "2015-01": {
            "month": "2015-01",
            "price": "44.24",
            "revenue": 30748
        },
        "2015-02": {
            "month": "2015-02",
            "price": "44.16",
            "revenue": 57218
        },
        "2015-03": {
            "month": "2015-03",
            "price": "44.89",
            "revenue": 46290
        },
        "2015-04": {
            "month": "2015-04",
            "price": "44.96",
            "revenue": 58038
        },
        "2015-05": {
            "month": "2015-05",
            "price": "45.91",
            "revenue": 64107
        },
        "2015-06": {
            "month": "2015-06",
            "price": "45.97",
            "revenue": 71314
        },
        "2015-07": {
            "month": "2015-07",
            "price": "45.04",
            "revenue": 103600
        },
        "2015-08": {
            "month": "2015-08",
            "price": "44.70",
            "revenue": 92726
        },
        "2015-09": {
            "month": "2015-09",
            "price": "45.08",
            "revenue": 64456
        },
        "2015-10": {
            "month": "2015-10",
            "price": "44.78",
            "revenue": 63731
        },
        "2015-11": {
            "month": "2015-11",
            "price": "44.75",
            "revenue": 46415
        },
        "2015-12": {
            "month": "2015-12",
            "price": "44.87",
            "revenue": 39384
        },
        "2016-01": {
            "month": "2016-01",
            "price": "44.78",
            "revenue": 37526
        },
        "2016-02": {
            "month": "2016-02",
            "price": "44.94",
            "revenue": 62619
        },
        "2016-03": {
            "month": "2016-03",
            "price": "45.21",
            "revenue": 44832
        },
        "2016-04": {
            "month": "2016-04",
            "price": "45.08",
            "revenue": 62048
        },
        "2016-05": {
            "month": "2016-05",
            "price": "44.12",
            "revenue": 66163
        },
        "2016-06": {
            "month": "2016-06",
            "price": "43.04",
            "revenue": 72232
        },
        "2016-07": {
            "month": "2016-07",
            "price": "41.47",
            "revenue": 102999
        },
        "2016-08": {
            "month": "2016-08",
            "price": "42.08",
            "revenue": 83606
        },
        "2016-09": {
            "month": "2016-09",
            "price": "42.03",
            "revenue": 52671
        },
        "2016-10": {
            "month": "2016-10",
            "price": "41.88",
            "revenue": 60588
        },
        "2016-11": {
            "month": "2016-11",
            "price": "41.23",
            "revenue": 42842
        },
        "2016-12": {
            "month": "2016-12",
            "price": "41.38",
            "revenue": 39841
        },
        "2017-01": {
            "month": "2017-01",
            "price": "40.92",
            "revenue": 48578
        },
        "2017-02": {
            "month": "2017-02",
            "price": "40.62",
            "revenue": 40790
        },
        "2017-03": {
            "month": "2017-03",
            "price": "40.28",
            "revenue": 41700
        },
        "2017-04": {
            "month": "2017-04",
            "price": "39.29",
            "revenue": 56552
        },
        "2017-05": {
            "month": "2017-05",
            "price": "39.33",
            "revenue": 60120
        },
        "2017-06": {
            "month": "2017-06",
            "price": "38.79",
            "revenue": 60724
        },
        "2017-07": {
            "month": "2017-07",
            "price": "37.02",
            "revenue": 87600
        },
        "2017-08": {
            "month": "2017-08",
            "price": "33.64",
            "revenue": 79606
        },
        "2017-09": {
            "month": "2017-09",
            "price": "34.30",
            "revenue": 49988
        },
        "2017-10": {
            "month": "2017-10",
            "price": "34.37",
            "revenue": 58885
        },
        "2017-11": {
            "month": "2017-11",
            "price": "34.40",
            "revenue": 40681
        },
        "2017-12": {
            "month": "2017-12",
            "price": "34.99",
            "revenue": 30601
        },
        "2018-01": {
            "month": "2018-01",
            "price": "35.05",
            "revenue": 22616
        },
        "2018-02": {
            "month": "2018-02",
            "price": "34.62",
            "revenue": 47994
        },
        "2018-03": {
            "month": "2018-03",
            "price": "34.27",
            "revenue": 43703
        },
        "2018-04": {
            "month": "2018-04",
            "price": "33.63",
            "revenue": 57076
        },
        "2018-05": {
            "month": "2018-05",
            "price": "31.51",
            "revenue": 53407
        },
        "2018-06": {
            "month": "2018-06",
            "price": "30.65",
            "revenue": 58881
        },
        "2018-07": {
            "month": "2018-07",
            "price": "30.74",
            "revenue": 82619
        },
        "2018-08": {
            "month": "2018-08",
            "price": "30.83",
            "revenue": 80672
        },
        "2018-09": {
            "month": "2018-09",
            "price": "29.77",
            "revenue": 56591
        },
        "2018-10": {
            "month": "2018-10",
            "price": "27.77",
            "revenue": 59080
        },
        "2018-11": {
            "month": "2018-11",
            "price": "29.02",
            "revenue": 50029
        },
        "2018-12": {
            "month": "2018-12",
            "price": "28.66",
            "revenue": 57648
        },
        "2019-01": {
            "month": "2019-01",
            "price": "29.30",
            "revenue": 48922
        },
        "2019-02": {
            "month": "2019-02",
            "price": "28.31",
            "revenue": 66026
        },
        "2019-03": {
            "month": "2019-03",
            "price": "26.98",
            "revenue": 53883
        },
        "2019-04": {
            "month": "2019-04",
            "price": "26.47",
            "revenue": 60216
        },
        "2019-05": {
            "month": "2019-05",
            "price": "24.50",
            "revenue": 58471
        },
        "2019-06": {
            "month": "2019-06",
            "price": "24.48",
            "revenue": 69325
        },
        "2019-07": {
            "month": "2019-07",
            "price": "24.65",
            "revenue": 88515
        },
        "2019-08": {
            "month": "2019-08",
            "price": "23.79",
            "revenue": 82360
        },
        "2019-09": {
            "month": "2019-09",
            "price": "24.74",
            "revenue": 60316
        },
        "2019-10": {
            "month": "2019-10",
            "price": "25.61",
            "revenue": 63512
        },
        "2019-11": {
            "month": "2019-11",
            "price": "25.11",
            "revenue": 53467
        },
        "2019-12": {
            "month": "2019-12",
            "price": "24.71",
            "revenue": 48030
        },
        "2020-01": {
            "month": "2020-01",
            "price": "25.12",
            "revenue": 64741
        },
        "2020-02": {
            "month": "2020-02",
            "price": "25.22",
            "revenue": 45166
        },
        "2020-03": {
            "month": "2020-03",
            "price": "22.28",
            "revenue": 36061
        },
        "2020-04": {
            "month": "2020-04",
            "price": "22.50",
            "revenue": 27042
        },
        "2020-05": {
            "month": "2020-05",
            "price": "25.23",
            "revenue": 42556
        },
        "2020-06": {
            "month": "2020-06",
            "price": "35.97",
            "revenue": 64288
        },
        "2020-07": {
            "month": "2020-07",
            "price": "33.92",
            "revenue": 99691
        },
        "2020-08": {
            "month": "2020-08",
            "price": "27.63",
            "revenue": 110899
        },
        "2020-09": {
            "month": "2020-09",
            "price": "27.88",
            "revenue": 67499
        },
        "2020-10": {
            "month": "2020-10",
            "price": "26.88",
            "revenue": 78584
        },
        "2020-11": {
            "month": "2020-11",
            "price": "26.82",
            "revenue": 51573
        },
        "2020-12": {
            "month": "2020-12",
            "price": "26.35",
            "revenue": 48537
        },
        "2021-01": {
            "month": "2021-01",
            "price": "25.98",
            "revenue": 45352
        },
        "2021-02": {
            "month": "2021-02",
            "price": "27.67",
            "revenue": 73471
        },
        "2021-03": {
            "month": "2021-03",
            "price": "30.10",
            "revenue": 53512
        },
        "2021-04": {
            "month": "2021-04",
            "price": "30.98",
            "revenue": 63313
        },
        "2021-05": {
            "month": "2021-05",
            "price": "28.17",
            "revenue": 34397
        },
        "2021-06": {
            "month": "2021-06",
            "price": "29.72",
            "revenue": 3102
        },
        "2021-07": {
            "month": "2021-07",
            "price": "35.34",
            "revenue": 9488
        },
        "2021-08": {
            "month": "2021-08",
            "price": "31.78",
            "revenue": 52068
        },
        "2021-09": {
            "month": "2021-09",
            "price": "32.22",
            "revenue": 54567
        },
        "2021-10": {
            "month": "2021-10",
            "price": "32.43",
            "revenue": 70848
        },
        "2021-11": {
            "month": "2021-11",
            "price": "31.59",
            "revenue": 62221
        },
        "2021-12": {
            "month": "2021-12",
            "price": "30.58",
            "revenue": 65510
        },
        "2022-01": {
            "month": "2022-01",
            "price": "30.46",
            "revenue": 61741
        },
        "2022-02": {
            "month": "2022-02",
            "price": "31.98",
            "revenue": 58862
        },
        "2022-03": {
            "month": "2022-03",
            "price": "31.94",
            "revenue": 55433
        },
        "2022-04": {
            "month": "2022-04",
            "price": "31.20",
            "revenue": 59592
        },
        "2022-05": {
            "month": "2022-05",
            "price": "30.24",
            "revenue": 35357
        },
        "2022-06": {
            "month": "2022-06",
            "price": "33.31",
            "revenue": 61940
        },
        "2022-07": {
            "month": "2022-07",
            "price": "33.55",
            "revenue": 118711
        },
        "2022-08": {
            "month": "2022-08",
            "price": "33.00",
            "revenue": 114328
        },
        "2022-09": {
            "month": "2022-09",
            "price": "32.86",
            "revenue": 78075
        },
        "2022-10": {
            "month": "2022-10",
            "price": "31.81",
            "revenue": 73315
        },
        "2022-11": {
            "month": "2022-11",
            "price": "32.64",
            "revenue": 58184
        },
        "2022-12": {
            "month": "2022-12",
            "price": "34.15",
            "revenue": 60401
        },
        "2023-01": {
            "month": "2023-01",
            "price": "32.49",
            "revenue": 77289
        },
        "2023-02": {
            "month": "2023-02",
            "price": "35.91",
            "revenue": 57482
        },
        "2023-03": {
            "month": "2023-03",
            "price": "50.54",
            "revenue": 52339
        },
        "2023-04": {
            "month": "2023-04",
            "price": "50.43",
            "revenue": 66550
        },
        "2023-05": {
            "month": "2023-05",
            "price": "56.50",
            "revenue": 55600
        },
        "2023-06": {
            "month": "2023-06",
            "price": "87.81",
            "revenue": 75217
        },
        "2023-07": {
            "month": "2023-07",
            "price": "77.64",
            "revenue": 96447
        },
        "2023-08": {
            "month": "2023-08",
            "price": "59.42",
            "revenue": 86356
        },
        "2023-09": {
            "month": "2023-09",
            "price": "51.41",
            "revenue": 53683
        },
        "2023-10": {
            "month": "2023-10",
            "price": "44.74",
            "revenue": 50522
        },
        "2023-11": {
            "month": "2023-11",
            "price": "57.75",
            "revenue": 47958
        },
        "2023-12": {
            "month": "2023-12",
            "price": "58.82",
            "revenue": 45432
        },
        "2024-01": {
            "month": "2024-01",
            "price": "58.16",
            "revenue": 37195
        },
        "2024-02": {
            "month": "2024-02",
            "price": "51.31",
            "revenue": 65334
        }
    }
}
