{
    "summary": {
        "stock_name": "美食-KY",
        "stock_id": "2723",
        "category": "觀光餐旅",
        "main_business": "咖啡飲料及烘培產品製造販售",
        "website_url": "http://www.85cafe.com",
        "ceo": "吳政學",
        "pe_ratio": 21,
        "report_year_from": 2008,
        "report_year_to": 2023,
        "age": 16,
        "eps_negative_percentage": 0,
        "eps_growth_avg": {
            "last_all": 3.36,
            "last_2y": 1.73,
            "last_4y": -6.35,
            "last_8y": 11.11,
            "last_12y": 10.24,
            "last_16y": null,
            "last_20y": null,
            "at_2006_last_3y": null,
            "at_2007_last_3y": null,
            "at_2008_last_3y": null,
            "at_2009_last_3y": null,
            "at_2010_last_3y": null,
            "at_2011_last_3y": null,
            "at_2012_last_3y": null,
            "at_2013_last_3y": -11.22,
            "at_2014_last_3y": 8.29,
            "at_2015_last_3y": 8.29,
            "at_2016_last_3y": 24.58,
            "at_2017_last_3y": 38.06,
            "at_2018_last_3y": 32.93,
            "at_2019_last_3y": -3.53,
            "at_2020_last_3y": -13.48,
            "at_2021_last_3y": -14.45,
            "at_2022_last_3y": -21.22,
            "at_2023_last_3y": 3.52,
            "at_2024_last_3y": 3.52,
            "at_2006_last_all": null,
            "at_2007_last_all": null,
            "at_2008_last_all": null,
            "at_2009_last_all": null,
            "at_2010_last_all": null,
            "at_2011_last_all": 6.92,
            "at_2012_last_all": -0.88,
            "at_2013_last_all": -11.22,
            "at_2014_last_all": -10.6,
            "at_2015_last_all": 7.83,
            "at_2016_last_all": 13.67,
            "at_2017_last_all": 13.42,
            "at_2018_last_all": 8.74,
            "at_2019_last_all": 3.29,
            "at_2020_last_all": 3.8,
            "at_2021_last_all": 4.13,
            "at_2022_last_all": -0.48,
            "at_2023_last_all": 3.36,
            "at_2024_last_all": 3.36
        },
        "latest_eps": 4.83,
        "latest_price": 101.5,
        "latest_roe": 7.57,
        "latest_gross_margin": 59.17,
        "latest_equity": 11151446,
        "latest_revenue": 5146823,
        "latest_gross_profit": 3045409,
        "latest_net_income": 231550,
        "latest_debt_ratio": 44.67,
        "latest_current_ratio": 121.43,
        "latest_account_receivable_turnover_ratio": 16.47,
        "latest_inventory_turnover_ratio": 2.22,
        "latest_reinvestment_rate": 3.17,
        "latest_research_to_sale_ratio": 0.38
    },
    "eps_dividends": {
        "2001": {
            "cash": 0,
            "stock": 0,
            "eps": 0
        },
        "2002": {
            "cash": 0,
            "stock": 0,
            "eps": 0
        },
        "2003": {
            "cash": 0,
            "stock": 0,
            "eps": 0
        },
        "2004": {
            "cash": 0,
            "stock": 0,
            "eps": 0
        },
        "2005": {
            "cash": 0,
            "stock": 0,
            "eps": 0
        },
        "2006": {
            "cash": 0,
            "stock": 0,
            "eps": 0
        },
        "2007": {
            "cash": 0,
            "stock": 0,
            "eps": 0
        },
        "2008": {
            "cash": 0,
            "stock": 0,
            "eps": 0
        },
        "2009": {
            "cash": 0,
            "stock": 0,
            "eps": 11.56
        },
        "2010": {
            "cash": 0,
            "stock": 0,
            "eps": 1.6
        },
        "2011": {
            "cash": 7.5,
            "stock": 1,
            "eps": 8.44
        },
        "2012": {
            "cash": 0,
            "stock": 0,
            "eps": 7.05
        },
        "2013": {
            "cash": 5,
            "stock": 0,
            "eps": 4.07
        },
        "2014": {
            "cash": 1.3,
            "stock": 0,
            "eps": 3.74
        },
        "2015": {
            "cash": 1.2,
            "stock": 0,
            "eps": 8.07
        },
        "2016": {
            "cash": 2.5,
            "stock": 0.5,
            "eps": 12
        },
        "2017": {
            "cash": 5,
            "stock": 1,
            "eps": 13.4
        },
        "2018": {
            "cash": 6,
            "stock": 1.04,
            "eps": 9.56
        },
        "2019": {
            "cash": 5,
            "stock": 0,
            "eps": 5.18
        },
        "2020": {
            "cash": 3,
            "stock": 0,
            "eps": 5.64
        },
        "2021": {
            "cash": 4,
            "stock": 0,
            "eps": 6.08
        },
        "2022": {
            "cash": 5,
            "stock": 0,
            "eps": 2.69
        },
        "2023": {
            "cash": 5,
            "stock": 0,
            "eps": 4.12
        }
    },
    "dividends": {
        "2011-01-01": {
            "cash": 4,
            "stock": 0.5
        },
        "2011-04-29": {
            "cash": 3.5,
            "stock": 0.5
        },
        "2013-03-20": {
            "cash": 5,
            "stock": 0
        },
        "2014-06-06": {
            "cash": 1.3,
            "stock": 0
        },
        "2015-07-10": {
            "cash": 1.2,
            "stock": 0
        },
        "2016-07-08": {
            "cash": 2.5,
            "stock": 0.5
        },
        "2017-07-17": {
            "cash": 5,
            "stock": 1
        },
        "2018-07-13": {
            "cash": 6,
            "stock": 1.04
        },
        "2019-07-16": {
            "cash": 5,
            "stock": 0
        },
        "2020-07-15": {
            "cash": 3,
            "stock": 0
        },
        "2021-08-13": {
            "cash": 4,
            "stock": 0
        },
        "2022-07-11": {
            "cash": 5,
            "stock": 0
        },
        "2023-03-21": {
            "cash": 2.5,
            "stock": 0
        },
        "2023-07-10": {
            "cash": 2.5,
            "stock": 0
        }
    },
    "prices": {
        "200101": "無",
        "200102": "無",
        "200103": "無",
        "200104": "無",
        "200105": "無",
        "200106": "無",
        "200107": "無",
        "200108": "無",
        "200109": "無",
        "200110": "無",
        "200111": "無",
        "200112": "無",
        "200201": "無",
        "200202": "無",
        "200203": "無",
        "200204": "無",
        "200205": "無",
        "200206": "無",
        "200207": "無",
        "200208": "無",
        "200209": "無",
        "200210": "無",
        "200211": "無",
        "200212": "無",
        "200301": "無",
        "200302": "無",
        "200303": "無",
        "200304": "無",
        "200305": "無",
        "200306": "無",
        "200307": "無",
        "200308": "無",
        "200309": "無",
        "200310": "無",
        "200311": "無",
        "200312": "無",
        "200401": "無",
        "200402": "無",
        "200403": "無",
        "200404": "無",
        "200405": "無",
        "200406": "無",
        "200407": "無",
        "200408": "無",
        "200409": "無",
        "200410": "無",
        "200411": "無",
        "200412": "無",
        "200501": "無",
        "200502": "無",
        "200503": "無",
        "200504": "無",
        "200505": "無",
        "200506": "無",
        "200507": "無",
        "200508": "無",
        "200509": "無",
        "200510": "無",
        "200511": "無",
        "200512": "無",
        "200601": "無",
        "200602": "無",
        "200603": "無",
        "200604": "無",
        "200605": "無",
        "200606": "無",
        "200607": "無",
        "200608": "無",
        "200609": "無",
        "200610": "無",
        "200611": "無",
        "200612": "無",
        "200701": "無",
        "200702": "無",
        "200703": "無",
        "200704": "無",
        "200705": "無",
        "200706": "無",
        "200707": "無",
        "200708": "無",
        "200709": "無",
        "200710": "無",
        "200711": "無",
        "200712": "無",
        "200801": "無",
        "200802": "無",
        "200803": "無",
        "200804": "無",
        "200805": "無",
        "200806": "無",
        "200807": "無",
        "200808": "無",
        "200809": "無",
        "200810": "無",
        "200811": "無",
        "200812": "無",
        "200901": "無",
        "200902": "無",
        "200903": "無",
        "200904": "無",
        "200905": "無",
        "200906": "無",
        "200907": "無",
        "200908": "無",
        "200909": "無",
        "200910": "無",
        "200911": "無",
        "200912": "無",
        "201001": "無",
        "201002": "無",
        "201003": "無",
        "201004": "無",
        "201005": "無",
        "201006": "無",
        "201007": "無",
        "201008": "無",
        "201009": "無",
        "201010": "無",
        "201011": "345.50",
        "201012": "339.74",
        "201101": "294.42",
        "201102": "271.68",
        "201103": "246.52",
        "201104": "274.89",
        "201105": "274.50",
        "201106": "253.36",
        "201107": "246.07",
        "201108": "210.78",
        "201109": "204.02",
        "201110": "209.92",
        "201111": "208.36",
        "201112": "193.14",
        "201201": "199.60",
        "201202": "227.12",
        "201203": "246.65",
        "201204": "235.20",
        "201205": "221.59",
        "201206": "209.60",
        "201207": "226.84",
        "201208": "226.93",
        "201209": "223.68",
        "201210": "216.52",
        "201211": "193.95",
        "201212": "190.26",
        "201301": "200.98",
        "201302": "200.04",
        "201303": "185.74",
        "201304": "157.38",
        "201305": "175.66",
        "201306": "176.00",
        "201307": "172.63",
        "201308": "180.00",
        "201309": "215.75",
        "201310": "208.23",
        "201311": "202.00",
        "201312": "202.61",
        "201401": "193.00",
        "201402": "210.82",
        "201403": "237.76",
        "201404": "238.57",
        "201405": "238.79",
        "201406": "234.08",
        "201407": "231.39",
        "201408": "242.71",
        "201409": "245.10",
        "201410": "219.30",
        "201411": "170.32",
        "201412": "168.23",
        "201501": "168.22",
        "201502": "168.23",
        "201503": "149.98",
        "201504": "134.22",
        "201505": "157.08",
        "201506": "149.64",
        "201507": "147.73",
        "201508": "158.21",
        "201509": "178.05",
        "201510": "199.21",
        "201511": "214.81",
        "201512": "227.89",
        "201601": "219.74",
        "201602": "209.85",
        "201603": "235.70",
        "201604": "263.82",
        "201605": "285.95",
        "201606": "284.24",
        "201607": "305.05",
        "201608": "323.93",
        "201609": "310.13",
        "201610": "292.00",
        "201611": "275.68",
        "201612": "257.05",
        "201701": "250.00",
        "201702": "293.28",
        "201703": "302.00",
        "201704": "288.81",
        "201705": "319.28",
        "201706": "341.93",
        "201707": "339.55",
        "201708": "355.91",
        "201709": "340.80",
        "201710": "344.13",
        "201711": "364.70",
        "201712": "410.64",
        "201801": "406.11",
        "201802": "412.08",
        "201803": "384.61",
        "201804": "366.36",
        "201805": "329.61",
        "201806": "319.65",
        "201807": "279.39",
        "201808": "255.48",
        "201809": "236.03",
        "201810": "233.05",
        "201811": "215.75",
        "201812": "219.71",
        "201901": "208.29",
        "201902": "231.85",
        "201903": "208.75",
        "201904": "203.32",
        "201905": "186.82",
        "201906": "171.03",
        "201907": "177.24",
        "201908": "161.07",
        "201909": "146.34",
        "201910": "143.02",
        "201911": "131.64",
        "201912": "123.11",
        "202001": "125.00",
        "202002": "98.55",
        "202003": "78.37",
        "202004": "84.52",
        "202005": "101.24",
        "202006": "109.84",
        "202007": "94.16",
        "202008": "103.13",
        "202009": "104.90",
        "202010": "102.60",
        "202011": "128.60",
        "202012": "149.00",
        "202101": "140.30",
        "202102": "139.77",
        "202103": "162.25",
        "202104": "179.71",
        "202105": "157.02",
        "202106": "175.05",
        "202107": "162.66",
        "202108": "135.43",
        "202109": "140.90",
        "202110": "138.32",
        "202111": "126.16",
        "202112": "114.80",
        "202201": "107.42",
        "202202": "112.17",
        "202203": "97.24",
        "202204": "91.88",
        "202205": "91.33",
        "202206": "104.56",
        "202207": "107.62",
        "202208": "99.11",
        "202209": "105.78",
        "202210": "101.81",
        "202211": "108.79",
        "202212": "140.32",
        "202301": "144.46",
        "202302": "156.58",
        "202303": "149.41",
        "202304": "149.62",
        "202305": "157.45",
        "202306": "150.12",
        "202307": "128.79",
        "202308": "114.07",
        "202309": "110.80",
        "202310": "100.93",
        "202311": "101.78",
        "202312": "99.15"
    },
    "quarters": {
        "20011": {
            "year_quarter": 20011,
            "year": 2001,
            "quarter": 1,
            "eps": null,
            "eps_growth_year": null,
            "eps_4q": null,
            "eps_4q_growth_year": null,
            "roe": null,
            "roe_4q": 0,
            "gross_profit": null,
            "gross_margin": null,
            "gross_margin_4q_avg": 0,
            "net_income": null,
            "net_income_4q": null,
            "revenue": null,
            "revenue_4q": null,
            "common_shares": null,
            "book_valuer_per_share": null,
            "book_valuer_per_share_4q_avg": 0,
            "equity": null,
            "current_ratio": null,
            "debt_ratio": null,
            "inventory_turnover_ratio": null,
            "account_receivable_turnover_ratio": null,
            "reinvestment_rate": null,
            "research_to_sale_ratio": null,
            "price_fair": 0,
            "eps_avg_yearly": 0,
            "eps_latest_yearly": 0,
            "eps_growth_yearly": 0
        },
        "20012": {
            "year_quarter": 20012,
            "year": 2001,
            "quarter": 2,
            "eps": null,
            "eps_growth_year": null,
            "eps_4q": null,
            "eps_4q_growth_year": null,
            "roe": null,
            "roe_4q": 0,
            "gross_profit": null,
            "gross_margin": null,
            "gross_margin_4q_avg": 0,
            "net_income": null,
            "net_income_4q": null,
            "revenue": null,
            "revenue_4q": null,
            "common_shares": null,
            "book_valuer_per_share": null,
            "book_valuer_per_share_4q_avg": 0,
            "equity": null,
            "current_ratio": null,
            "debt_ratio": null,
            "inventory_turnover_ratio": null,
            "account_receivable_turnover_ratio": null,
            "reinvestment_rate": null,
            "research_to_sale_ratio": null,
            "price_fair": 0,
            "eps_avg_yearly": 0,
            "eps_latest_yearly": 0,
            "eps_growth_yearly": 0
        },
        "20013": {
            "year_quarter": 20013,
            "year": 2001,
            "quarter": 3,
            "eps": null,
            "eps_growth_year": null,
            "eps_4q": null,
            "eps_4q_growth_year": null,
            "roe": null,
            "roe_4q": 0,
            "gross_profit": null,
            "gross_margin": null,
            "gross_margin_4q_avg": 0,
            "net_income": null,
            "net_income_4q": null,
            "revenue": null,
            "revenue_4q": null,
            "common_shares": null,
            "book_valuer_per_share": null,
            "book_valuer_per_share_4q_avg": 0,
            "equity": null,
            "current_ratio": null,
            "debt_ratio": null,
            "inventory_turnover_ratio": null,
            "account_receivable_turnover_ratio": null,
            "reinvestment_rate": null,
            "research_to_sale_ratio": null,
            "price_fair": 0,
            "eps_avg_yearly": 0,
            "eps_latest_yearly": 0,
            "eps_growth_yearly": 0
        },
        "20014": {
            "year_quarter": 20014,
            "year": 2001,
            "quarter": 4,
            "eps": null,
            "eps_growth_year": null,
            "eps_4q": null,
            "eps_4q_growth_year": null,
            "roe": null,
            "roe_4q": 0,
            "gross_profit": null,
            "gross_margin": null,
            "gross_margin_4q_avg": 0,
            "net_income": null,
            "net_income_4q": null,
            "revenue": null,
            "revenue_4q": null,
            "common_shares": null,
            "book_valuer_per_share": null,
            "book_valuer_per_share_4q_avg": 0,
            "equity": null,
            "current_ratio": null,
            "debt_ratio": null,
            "inventory_turnover_ratio": null,
            "account_receivable_turnover_ratio": null,
            "reinvestment_rate": null,
            "research_to_sale_ratio": null,
            "price_fair": 0,
            "eps_avg_yearly": 0,
            "eps_latest_yearly": 0,
            "eps_growth_yearly": 0
        },
        "20021": {
            "year_quarter": 20021,
            "year": 2002,
            "quarter": 1,
            "eps": null,
            "eps_growth_year": null,
            "eps_4q": null,
            "eps_4q_growth_year": null,
            "roe": null,
            "roe_4q": 0,
            "gross_profit": null,
            "gross_margin": null,
            "gross_margin_4q_avg": 0,
            "net_income": null,
            "net_income_4q": null,
            "revenue": null,
            "revenue_4q": null,
            "common_shares": null,
            "book_valuer_per_share": null,
            "book_valuer_per_share_4q_avg": 0,
            "equity": null,
            "current_ratio": null,
            "debt_ratio": null,
            "inventory_turnover_ratio": null,
            "account_receivable_turnover_ratio": null,
            "reinvestment_rate": null,
            "research_to_sale_ratio": null,
            "price_fair": 0,
            "eps_avg_yearly": 0,
            "eps_latest_yearly": 0,
            "eps_growth_yearly": 0
        },
        "20022": {
            "year_quarter": 20022,
            "year": 2002,
            "quarter": 2,
            "eps": null,
            "eps_growth_year": null,
            "eps_4q": null,
            "eps_4q_growth_year": null,
            "roe": null,
            "roe_4q": 0,
            "gross_profit": null,
            "gross_margin": null,
            "gross_margin_4q_avg": 0,
            "net_income": null,
            "net_income_4q": null,
            "revenue": null,
            "revenue_4q": null,
            "common_shares": null,
            "book_valuer_per_share": null,
            "book_valuer_per_share_4q_avg": 0,
            "equity": null,
            "current_ratio": null,
            "debt_ratio": null,
            "inventory_turnover_ratio": null,
            "account_receivable_turnover_ratio": null,
            "reinvestment_rate": null,
            "research_to_sale_ratio": null,
            "price_fair": 0,
            "eps_avg_yearly": 0,
            "eps_latest_yearly": 0,
            "eps_growth_yearly": 0
        },
        "20023": {
            "year_quarter": 20023,
            "year": 2002,
            "quarter": 3,
            "eps": null,
            "eps_growth_year": null,
            "eps_4q": null,
            "eps_4q_growth_year": null,
            "roe": null,
            "roe_4q": 0,
            "gross_profit": null,
            "gross_margin": null,
            "gross_margin_4q_avg": 0,
            "net_income": null,
            "net_income_4q": null,
            "revenue": null,
            "revenue_4q": null,
            "common_shares": null,
            "book_valuer_per_share": null,
            "book_valuer_per_share_4q_avg": 0,
            "equity": null,
            "current_ratio": null,
            "debt_ratio": null,
            "inventory_turnover_ratio": null,
            "account_receivable_turnover_ratio": null,
            "reinvestment_rate": null,
            "research_to_sale_ratio": null,
            "price_fair": 0,
            "eps_avg_yearly": 0,
            "eps_latest_yearly": 0,
            "eps_growth_yearly": 0
        },
        "20024": {
            "year_quarter": 20024,
            "year": 2002,
            "quarter": 4,
            "eps": null,
            "eps_growth_year": null,
            "eps_4q": null,
            "eps_4q_growth_year": null,
            "roe": null,
            "roe_4q": 0,
            "gross_profit": null,
            "gross_margin": null,
            "gross_margin_4q_avg": 0,
            "net_income": null,
            "net_income_4q": null,
            "revenue": null,
            "revenue_4q": null,
            "common_shares": null,
            "book_valuer_per_share": null,
            "book_valuer_per_share_4q_avg": 0,
            "equity": null,
            "current_ratio": null,
            "debt_ratio": null,
            "inventory_turnover_ratio": null,
            "account_receivable_turnover_ratio": null,
            "reinvestment_rate": null,
            "research_to_sale_ratio": null,
            "price_fair": 0,
            "eps_avg_yearly": 0,
            "eps_latest_yearly": 0,
            "eps_growth_yearly": 0
        },
        "20031": {
            "year_quarter": 20031,
            "year": 2003,
            "quarter": 1,
            "eps": null,
            "eps_growth_year": null,
            "eps_4q": null,
            "eps_4q_growth_year": null,
            "roe": null,
            "roe_4q": 0,
            "gross_profit": null,
            "gross_margin": null,
            "gross_margin_4q_avg": 0,
            "net_income": null,
            "net_income_4q": null,
            "revenue": null,
            "revenue_4q": null,
            "common_shares": null,
            "book_valuer_per_share": null,
            "book_valuer_per_share_4q_avg": 0,
            "equity": null,
            "current_ratio": null,
            "debt_ratio": null,
            "inventory_turnover_ratio": null,
            "account_receivable_turnover_ratio": null,
            "reinvestment_rate": null,
            "research_to_sale_ratio": null,
            "price_fair": 0,
            "eps_avg_yearly": 0,
            "eps_latest_yearly": 0,
            "eps_growth_yearly": 0
        },
        "20032": {
            "year_quarter": 20032,
            "year": 2003,
            "quarter": 2,
            "eps": null,
            "eps_growth_year": null,
            "eps_4q": null,
            "eps_4q_growth_year": null,
            "roe": null,
            "roe_4q": 0,
            "gross_profit": null,
            "gross_margin": null,
            "gross_margin_4q_avg": 0,
            "net_income": null,
            "net_income_4q": null,
            "revenue": null,
            "revenue_4q": null,
            "common_shares": null,
            "book_valuer_per_share": null,
            "book_valuer_per_share_4q_avg": 0,
            "equity": null,
            "current_ratio": null,
            "debt_ratio": null,
            "inventory_turnover_ratio": null,
            "account_receivable_turnover_ratio": null,
            "reinvestment_rate": null,
            "research_to_sale_ratio": null,
            "price_fair": 0,
            "eps_avg_yearly": 0,
            "eps_latest_yearly": 0,
            "eps_growth_yearly": 0
        },
        "20033": {
            "year_quarter": 20033,
            "year": 2003,
            "quarter": 3,
            "eps": null,
            "eps_growth_year": null,
            "eps_4q": null,
            "eps_4q_growth_year": null,
            "roe": null,
            "roe_4q": 0,
            "gross_profit": null,
            "gross_margin": null,
            "gross_margin_4q_avg": 0,
            "net_income": null,
            "net_income_4q": null,
            "revenue": null,
            "revenue_4q": null,
            "common_shares": null,
            "book_valuer_per_share": null,
            "book_valuer_per_share_4q_avg": 0,
            "equity": null,
            "current_ratio": null,
            "debt_ratio": null,
            "inventory_turnover_ratio": null,
            "account_receivable_turnover_ratio": null,
            "reinvestment_rate": null,
            "research_to_sale_ratio": null,
            "price_fair": 0,
            "eps_avg_yearly": 0,
            "eps_latest_yearly": 0,
            "eps_growth_yearly": 0
        },
        "20034": {
            "year_quarter": 20034,
            "year": 2003,
            "quarter": 4,
            "eps": null,
            "eps_growth_year": null,
            "eps_4q": null,
            "eps_4q_growth_year": null,
            "roe": null,
            "roe_4q": 0,
            "gross_profit": null,
            "gross_margin": null,
            "gross_margin_4q_avg": 0,
            "net_income": null,
            "net_income_4q": null,
            "revenue": null,
            "revenue_4q": null,
            "common_shares": null,
            "book_valuer_per_share": null,
            "book_valuer_per_share_4q_avg": 0,
            "equity": null,
            "current_ratio": null,
            "debt_ratio": null,
            "inventory_turnover_ratio": null,
            "account_receivable_turnover_ratio": null,
            "reinvestment_rate": null,
            "research_to_sale_ratio": null,
            "price_fair": 0,
            "eps_avg_yearly": 0,
            "eps_latest_yearly": 0,
            "eps_growth_yearly": 0
        },
        "20041": {
            "year_quarter": 20041,
            "year": 2004,
            "quarter": 1,
            "eps": null,
            "eps_growth_year": null,
            "eps_4q": null,
            "eps_4q_growth_year": null,
            "roe": null,
            "roe_4q": 0,
            "gross_profit": null,
            "gross_margin": null,
            "gross_margin_4q_avg": 0,
            "net_income": null,
            "net_income_4q": null,
            "revenue": null,
            "revenue_4q": null,
            "common_shares": null,
            "book_valuer_per_share": null,
            "book_valuer_per_share_4q_avg": 0,
            "equity": null,
            "current_ratio": null,
            "debt_ratio": null,
            "inventory_turnover_ratio": null,
            "account_receivable_turnover_ratio": null,
            "reinvestment_rate": null,
            "research_to_sale_ratio": null,
            "price_fair": 0,
            "eps_avg_yearly": 0,
            "eps_latest_yearly": 0,
            "eps_growth_yearly": 0
        },
        "20042": {
            "year_quarter": 20042,
            "year": 2004,
            "quarter": 2,
            "eps": null,
            "eps_growth_year": null,
            "eps_4q": null,
            "eps_4q_growth_year": null,
            "roe": null,
            "roe_4q": 0,
            "gross_profit": null,
            "gross_margin": null,
            "gross_margin_4q_avg": 0,
            "net_income": null,
            "net_income_4q": null,
            "revenue": null,
            "revenue_4q": null,
            "common_shares": null,
            "book_valuer_per_share": null,
            "book_valuer_per_share_4q_avg": 0,
            "equity": null,
            "current_ratio": null,
            "debt_ratio": null,
            "inventory_turnover_ratio": null,
            "account_receivable_turnover_ratio": null,
            "reinvestment_rate": null,
            "research_to_sale_ratio": null,
            "price_fair": 0,
            "eps_avg_yearly": 0,
            "eps_latest_yearly": 0,
            "eps_growth_yearly": 0
        },
        "20043": {
            "year_quarter": 20043,
            "year": 2004,
            "quarter": 3,
            "eps": null,
            "eps_growth_year": null,
            "eps_4q": null,
            "eps_4q_growth_year": null,
            "roe": null,
            "roe_4q": 0,
            "gross_profit": null,
            "gross_margin": null,
            "gross_margin_4q_avg": 0,
            "net_income": null,
            "net_income_4q": null,
            "revenue": null,
            "revenue_4q": null,
            "common_shares": null,
            "book_valuer_per_share": null,
            "book_valuer_per_share_4q_avg": 0,
            "equity": null,
            "current_ratio": null,
            "debt_ratio": null,
            "inventory_turnover_ratio": null,
            "account_receivable_turnover_ratio": null,
            "reinvestment_rate": null,
            "research_to_sale_ratio": null,
            "price_fair": 0,
            "eps_avg_yearly": 0,
            "eps_latest_yearly": 0,
            "eps_growth_yearly": 0
        },
        "20044": {
            "year_quarter": 20044,
            "year": 2004,
            "quarter": 4,
            "eps": null,
            "eps_growth_year": null,
            "eps_4q": null,
            "eps_4q_growth_year": null,
            "roe": null,
            "roe_4q": 0,
            "gross_profit": null,
            "gross_margin": null,
            "gross_margin_4q_avg": 0,
            "net_income": null,
            "net_income_4q": null,
            "revenue": null,
            "revenue_4q": null,
            "common_shares": null,
            "book_valuer_per_share": null,
            "book_valuer_per_share_4q_avg": 0,
            "equity": null,
            "current_ratio": null,
            "debt_ratio": null,
            "inventory_turnover_ratio": null,
            "account_receivable_turnover_ratio": null,
            "reinvestment_rate": null,
            "research_to_sale_ratio": null,
            "price_fair": 0,
            "eps_avg_yearly": 0,
            "eps_latest_yearly": 0,
            "eps_growth_yearly": 0
        },
        "20051": {
            "year_quarter": 20051,
            "year": 2005,
            "quarter": 1,
            "eps": null,
            "eps_growth_year": null,
            "eps_4q": null,
            "eps_4q_growth_year": null,
            "roe": null,
            "roe_4q": 0,
            "gross_profit": null,
            "gross_margin": null,
            "gross_margin_4q_avg": 0,
            "net_income": null,
            "net_income_4q": null,
            "revenue": null,
            "revenue_4q": null,
            "common_shares": null,
            "book_valuer_per_share": null,
            "book_valuer_per_share_4q_avg": 0,
            "equity": null,
            "current_ratio": null,
            "debt_ratio": null,
            "inventory_turnover_ratio": null,
            "account_receivable_turnover_ratio": null,
            "reinvestment_rate": null,
            "research_to_sale_ratio": null,
            "price_fair": 0,
            "eps_avg_yearly": 0,
            "eps_latest_yearly": 0,
            "eps_growth_yearly": 0
        },
        "20052": {
            "year_quarter": 20052,
            "year": 2005,
            "quarter": 2,
            "eps": null,
            "eps_growth_year": null,
            "eps_4q": null,
            "eps_4q_growth_year": null,
            "roe": null,
            "roe_4q": 0,
            "gross_profit": null,
            "gross_margin": null,
            "gross_margin_4q_avg": 0,
            "net_income": null,
            "net_income_4q": null,
            "revenue": null,
            "revenue_4q": null,
            "common_shares": null,
            "book_valuer_per_share": null,
            "book_valuer_per_share_4q_avg": 0,
            "equity": null,
            "current_ratio": null,
            "debt_ratio": null,
            "inventory_turnover_ratio": null,
            "account_receivable_turnover_ratio": null,
            "reinvestment_rate": null,
            "research_to_sale_ratio": null,
            "price_fair": 0,
            "eps_avg_yearly": 0,
            "eps_latest_yearly": 0,
            "eps_growth_yearly": 0
        },
        "20053": {
            "year_quarter": 20053,
            "year": 2005,
            "quarter": 3,
            "eps": null,
            "eps_growth_year": null,
            "eps_4q": null,
            "eps_4q_growth_year": null,
            "roe": null,
            "roe_4q": 0,
            "gross_profit": null,
            "gross_margin": null,
            "gross_margin_4q_avg": 0,
            "net_income": null,
            "net_income_4q": null,
            "revenue": null,
            "revenue_4q": null,
            "common_shares": null,
            "book_valuer_per_share": null,
            "book_valuer_per_share_4q_avg": 0,
            "equity": null,
            "current_ratio": null,
            "debt_ratio": null,
            "inventory_turnover_ratio": null,
            "account_receivable_turnover_ratio": null,
            "reinvestment_rate": null,
            "research_to_sale_ratio": null,
            "price_fair": 0,
            "eps_avg_yearly": 0,
            "eps_latest_yearly": 0,
            "eps_growth_yearly": 0
        },
        "20054": {
            "year_quarter": 20054,
            "year": 2005,
            "quarter": 4,
            "eps": null,
            "eps_growth_year": null,
            "eps_4q": null,
            "eps_4q_growth_year": null,
            "roe": null,
            "roe_4q": 0,
            "gross_profit": null,
            "gross_margin": null,
            "gross_margin_4q_avg": 0,
            "net_income": null,
            "net_income_4q": null,
            "revenue": null,
            "revenue_4q": null,
            "common_shares": null,
            "book_valuer_per_share": null,
            "book_valuer_per_share_4q_avg": 0,
            "equity": null,
            "current_ratio": null,
            "debt_ratio": null,
            "inventory_turnover_ratio": null,
            "account_receivable_turnover_ratio": null,
            "reinvestment_rate": null,
            "research_to_sale_ratio": null,
            "price_fair": 0,
            "eps_avg_yearly": 0,
            "eps_latest_yearly": 0,
            "eps_growth_yearly": 0
        },
        "20061": {
            "year_quarter": 20061,
            "year": 2006,
            "quarter": 1,
            "eps": null,
            "eps_growth_year": null,
            "eps_4q": null,
            "eps_4q_growth_year": null,
            "roe": null,
            "roe_4q": 0,
            "gross_profit": null,
            "gross_margin": null,
            "gross_margin_4q_avg": 0,
            "net_income": null,
            "net_income_4q": null,
            "revenue": null,
            "revenue_4q": null,
            "common_shares": null,
            "book_valuer_per_share": null,
            "book_valuer_per_share_4q_avg": 0,
            "equity": null,
            "current_ratio": null,
            "debt_ratio": null,
            "inventory_turnover_ratio": null,
            "account_receivable_turnover_ratio": null,
            "reinvestment_rate": null,
            "research_to_sale_ratio": null,
            "price_fair": 0,
            "eps_avg_yearly": 0,
            "eps_latest_yearly": 0,
            "eps_growth_yearly": 0
        },
        "20062": {
            "year_quarter": 20062,
            "year": 2006,
            "quarter": 2,
            "eps": null,
            "eps_growth_year": null,
            "eps_4q": null,
            "eps_4q_growth_year": null,
            "roe": null,
            "roe_4q": 0,
            "gross_profit": null,
            "gross_margin": null,
            "gross_margin_4q_avg": 0,
            "net_income": null,
            "net_income_4q": null,
            "revenue": null,
            "revenue_4q": null,
            "common_shares": null,
            "book_valuer_per_share": null,
            "book_valuer_per_share_4q_avg": 0,
            "equity": null,
            "current_ratio": null,
            "debt_ratio": null,
            "inventory_turnover_ratio": null,
            "account_receivable_turnover_ratio": null,
            "reinvestment_rate": null,
            "research_to_sale_ratio": null,
            "price_fair": 0,
            "eps_avg_yearly": 0,
            "eps_latest_yearly": 0,
            "eps_growth_yearly": 0
        },
        "20063": {
            "year_quarter": 20063,
            "year": 2006,
            "quarter": 3,
            "eps": null,
            "eps_growth_year": null,
            "eps_4q": null,
            "eps_4q_growth_year": null,
            "roe": null,
            "roe_4q": 0,
            "gross_profit": null,
            "gross_margin": null,
            "gross_margin_4q_avg": 0,
            "net_income": null,
            "net_income_4q": null,
            "revenue": null,
            "revenue_4q": null,
            "common_shares": null,
            "book_valuer_per_share": null,
            "book_valuer_per_share_4q_avg": 0,
            "equity": null,
            "current_ratio": null,
            "debt_ratio": null,
            "inventory_turnover_ratio": null,
            "account_receivable_turnover_ratio": null,
            "reinvestment_rate": null,
            "research_to_sale_ratio": null,
            "price_fair": 0,
            "eps_avg_yearly": 0,
            "eps_latest_yearly": 0,
            "eps_growth_yearly": 0
        },
        "20064": {
            "year_quarter": 20064,
            "year": 2006,
            "quarter": 4,
            "eps": null,
            "eps_growth_year": null,
            "eps_4q": null,
            "eps_4q_growth_year": null,
            "roe": null,
            "roe_4q": 0,
            "gross_profit": null,
            "gross_margin": null,
            "gross_margin_4q_avg": 0,
            "net_income": null,
            "net_income_4q": null,
            "revenue": null,
            "revenue_4q": null,
            "common_shares": null,
            "book_valuer_per_share": null,
            "book_valuer_per_share_4q_avg": 0,
            "equity": null,
            "current_ratio": null,
            "debt_ratio": null,
            "inventory_turnover_ratio": null,
            "account_receivable_turnover_ratio": null,
            "reinvestment_rate": null,
            "research_to_sale_ratio": null,
            "price_fair": 0,
            "eps_avg_yearly": 0,
            "eps_latest_yearly": 0,
            "eps_growth_yearly": 0
        },
        "20071": {
            "year_quarter": 20071,
            "year": 2007,
            "quarter": 1,
            "eps": null,
            "eps_growth_year": null,
            "eps_4q": null,
            "eps_4q_growth_year": null,
            "roe": null,
            "roe_4q": 0,
            "gross_profit": null,
            "gross_margin": null,
            "gross_margin_4q_avg": 0,
            "net_income": null,
            "net_income_4q": null,
            "revenue": null,
            "revenue_4q": null,
            "common_shares": null,
            "book_valuer_per_share": null,
            "book_valuer_per_share_4q_avg": 0,
            "equity": null,
            "current_ratio": null,
            "debt_ratio": null,
            "inventory_turnover_ratio": null,
            "account_receivable_turnover_ratio": null,
            "reinvestment_rate": null,
            "research_to_sale_ratio": null,
            "price_fair": 0,
            "eps_avg_yearly": 0,
            "eps_latest_yearly": 0,
            "eps_growth_yearly": 0
        },
        "20072": {
            "year_quarter": 20072,
            "year": 2007,
            "quarter": 2,
            "eps": null,
            "eps_growth_year": null,
            "eps_4q": null,
            "eps_4q_growth_year": null,
            "roe": null,
            "roe_4q": 0,
            "gross_profit": null,
            "gross_margin": null,
            "gross_margin_4q_avg": 0,
            "net_income": null,
            "net_income_4q": null,
            "revenue": null,
            "revenue_4q": null,
            "common_shares": null,
            "book_valuer_per_share": null,
            "book_valuer_per_share_4q_avg": 0,
            "equity": null,
            "current_ratio": null,
            "debt_ratio": null,
            "inventory_turnover_ratio": null,
            "account_receivable_turnover_ratio": null,
            "reinvestment_rate": null,
            "research_to_sale_ratio": null,
            "price_fair": 0,
            "eps_avg_yearly": 0,
            "eps_latest_yearly": 0,
            "eps_growth_yearly": 0
        },
        "20073": {
            "year_quarter": 20073,
            "year": 2007,
            "quarter": 3,
            "eps": null,
            "eps_growth_year": null,
            "eps_4q": null,
            "eps_4q_growth_year": null,
            "roe": null,
            "roe_4q": 0,
            "gross_profit": null,
            "gross_margin": null,
            "gross_margin_4q_avg": 0,
            "net_income": null,
            "net_income_4q": null,
            "revenue": null,
            "revenue_4q": null,
            "common_shares": null,
            "book_valuer_per_share": null,
            "book_valuer_per_share_4q_avg": 0,
            "equity": null,
            "current_ratio": null,
            "debt_ratio": null,
            "inventory_turnover_ratio": null,
            "account_receivable_turnover_ratio": null,
            "reinvestment_rate": null,
            "research_to_sale_ratio": null,
            "price_fair": 0,
            "eps_avg_yearly": 0,
            "eps_latest_yearly": 0,
            "eps_growth_yearly": 0
        },
        "20074": {
            "year_quarter": 20074,
            "year": 2007,
            "quarter": 4,
            "eps": null,
            "eps_growth_year": null,
            "eps_4q": null,
            "eps_4q_growth_year": null,
            "roe": null,
            "roe_4q": 0,
            "gross_profit": null,
            "gross_margin": null,
            "gross_margin_4q_avg": 0,
            "net_income": null,
            "net_income_4q": null,
            "revenue": null,
            "revenue_4q": null,
            "common_shares": 419209,
            "book_valuer_per_share": 11.6,
            "book_valuer_per_share_4q_avg": 2.9,
            "equity": 530611,
            "current_ratio": 137.41,
            "debt_ratio": 49.96,
            "inventory_turnover_ratio": null,
            "account_receivable_turnover_ratio": null,
            "reinvestment_rate": null,
            "research_to_sale_ratio": null,
            "price_fair": 0,
            "eps_avg_yearly": 0,
            "eps_latest_yearly": 0,
            "eps_growth_yearly": 0
        },
        "20081": {
            "year_quarter": 20081,
            "year": 2008,
            "quarter": 1,
            "eps": null,
            "eps_growth_year": null,
            "eps_4q": null,
            "eps_4q_growth_year": null,
            "roe": null,
            "roe_4q": 0,
            "gross_profit": null,
            "gross_margin": null,
            "gross_margin_4q_avg": 0,
            "net_income": null,
            "net_income_4q": null,
            "revenue": null,
            "revenue_4q": null,
            "common_shares": null,
            "book_valuer_per_share": null,
            "book_valuer_per_share_4q_avg": 2.9,
            "equity": null,
            "current_ratio": null,
            "debt_ratio": null,
            "inventory_turnover_ratio": null,
            "account_receivable_turnover_ratio": null,
            "reinvestment_rate": null,
            "research_to_sale_ratio": null,
            "price_fair": 0,
            "eps_avg_yearly": 0,
            "eps_latest_yearly": 0,
            "eps_growth_yearly": 0
        },
        "20082": {
            "year_quarter": 20082,
            "year": 2008,
            "quarter": 2,
            "eps": null,
            "eps_growth_year": null,
            "eps_4q": null,
            "eps_4q_growth_year": null,
            "roe": null,
            "roe_4q": 0,
            "gross_profit": null,
            "gross_margin": null,
            "gross_margin_4q_avg": 0,
            "net_income": null,
            "net_income_4q": null,
            "revenue": null,
            "revenue_4q": null,
            "common_shares": null,
            "book_valuer_per_share": null,
            "book_valuer_per_share_4q_avg": 2.9,
            "equity": null,
            "current_ratio": null,
            "debt_ratio": null,
            "inventory_turnover_ratio": null,
            "account_receivable_turnover_ratio": null,
            "reinvestment_rate": null,
            "research_to_sale_ratio": null,
            "price_fair": 0,
            "eps_avg_yearly": 0,
            "eps_latest_yearly": 0,
            "eps_growth_yearly": 0
        },
        "20083": {
            "year_quarter": 20083,
            "year": 2008,
            "quarter": 3,
            "eps": null,
            "eps_growth_year": null,
            "eps_4q": null,
            "eps_4q_growth_year": null,
            "roe": null,
            "roe_4q": 0,
            "gross_profit": null,
            "gross_margin": null,
            "gross_margin_4q_avg": 0,
            "net_income": null,
            "net_income_4q": null,
            "revenue": null,
            "revenue_4q": null,
            "common_shares": null,
            "book_valuer_per_share": null,
            "book_valuer_per_share_4q_avg": 2.9,
            "equity": null,
            "current_ratio": null,
            "debt_ratio": null,
            "inventory_turnover_ratio": null,
            "account_receivable_turnover_ratio": null,
            "reinvestment_rate": null,
            "research_to_sale_ratio": null,
            "price_fair": 0,
            "eps_avg_yearly": 0,
            "eps_latest_yearly": 0,
            "eps_growth_yearly": 0
        },
        "20084": {
            "year_quarter": 20084,
            "year": 2008,
            "quarter": 4,
            "eps": null,
            "eps_growth_year": null,
            "eps_4q": null,
            "eps_4q_growth_year": null,
            "roe": null,
            "roe_4q": 0,
            "gross_profit": null,
            "gross_margin": null,
            "gross_margin_4q_avg": 0,
            "net_income": null,
            "net_income_4q": null,
            "revenue": null,
            "revenue_4q": null,
            "common_shares": 419209,
            "book_valuer_per_share": 11.6,
            "book_valuer_per_share_4q_avg": 2.9,
            "equity": 514696,
            "current_ratio": 75.57,
            "debt_ratio": 61.67,
            "inventory_turnover_ratio": null,
            "account_receivable_turnover_ratio": null,
            "reinvestment_rate": null,
            "research_to_sale_ratio": null,
            "price_fair": 0,
            "eps_avg_yearly": 0,
            "eps_latest_yearly": 0,
            "eps_growth_yearly": 0
        },
        "20091": {
            "year_quarter": 20091,
            "year": 2009,
            "quarter": 1,
            "eps": 4.06,
            "eps_growth_year": null,
            "eps_4q": null,
            "eps_4q_growth_year": null,
            "roe": 28.75,
            "roe_4q": 28.75,
            "gross_profit": 623418,
            "gross_margin": 48.72,
            "gross_margin_4q_avg": 12.18,
            "net_income": 173102,
            "net_income_4q": null,
            "revenue": 1279479,
            "revenue_4q": null,
            "common_shares": 419209,
            "book_valuer_per_share": 15.68,
            "book_valuer_per_share_4q_avg": 6.82,
            "equity": 689369,
            "current_ratio": 85.33,
            "debt_ratio": 57.99,
            "inventory_turnover_ratio": 6.57,
            "account_receivable_turnover_ratio": null,
            "reinvestment_rate": null,
            "research_to_sale_ratio": null,
            "price_fair": 0,
            "eps_avg_yearly": 0,
            "eps_latest_yearly": 0,
            "eps_growth_yearly": 0
        },
        "20092": {
            "year_quarter": 20092,
            "year": 2009,
            "quarter": 2,
            "eps": 1.84,
            "eps_growth_year": null,
            "eps_4q": null,
            "eps_4q_growth_year": null,
            "roe": 26.27,
            "roe_4q": 55.019999999999996,
            "gross_profit": 725336,
            "gross_margin": 49.94,
            "gross_margin_4q_avg": 24.67,
            "net_income": 208172,
            "net_income_4q": null,
            "revenue": 1452275,
            "revenue_4q": null,
            "common_shares": 419209,
            "book_valuer_per_share": 20.48,
            "book_valuer_per_share_4q_avg": 11.94,
            "equity": 895712,
            "current_ratio": 97.26,
            "debt_ratio": 49.99,
            "inventory_turnover_ratio": 6.86,
            "account_receivable_turnover_ratio": null,
            "reinvestment_rate": null,
            "research_to_sale_ratio": null,
            "price_fair": 22.08,
            "eps_avg_yearly": 7.36,
            "eps_latest_yearly": 7.36,
            "eps_growth_yearly": -218.72
        },
        "20093": {
            "year_quarter": 20093,
            "year": 2009,
            "quarter": 3,
            "eps": 2.78,
            "eps_growth_year": null,
            "eps_4q": null,
            "eps_4q_growth_year": null,
            "roe": 14.31,
            "roe_4q": 69.33,
            "gross_profit": 836058,
            "gross_margin": 49.83,
            "gross_margin_4q_avg": 37.12,
            "net_income": 184635,
            "net_income_4q": null,
            "revenue": 1677889,
            "revenue_4q": null,
            "common_shares": 451209,
            "book_valuer_per_share": 36.35,
            "book_valuer_per_share_4q_avg": 21.03,
            "equity": 1684156,
            "current_ratio": 165.25,
            "debt_ratio": 36.96,
            "inventory_turnover_ratio": 5.83,
            "account_receivable_turnover_ratio": 22.05,
            "reinvestment_rate": null,
            "research_to_sale_ratio": null,
            "price_fair": 27.72,
            "eps_avg_yearly": 9.24,
            "eps_latest_yearly": 11.12,
            "eps_growth_yearly": -7.19
        },
        "20094": {
            "year_quarter": 20094,
            "year": 2009,
            "quarter": 4,
            "eps": 2.88,
            "eps_growth_year": null,
            "eps_4q": 11.1,
            "eps_4q_growth_year": null,
            "roe": 10.42,
            "roe_4q": 79.75,
            "gross_profit": 988437,
            "gross_margin": 52.75,
            "gross_margin_4q_avg": 50.31,
            "net_income": 192305,
            "net_income_4q": null,
            "revenue": 1873721,
            "revenue_4q": null,
            "common_shares": 700123,
            "book_valuer_per_share": 27.7,
            "book_valuer_per_share_4q_avg": 25.05,
            "equity": 2006417,
            "current_ratio": 162.89,
            "debt_ratio": 37.27,
            "inventory_turnover_ratio": 4.74,
            "account_receivable_turnover_ratio": 12.73,
            "reinvestment_rate": null,
            "research_to_sale_ratio": null,
            "price_fair": 100,
            "eps_avg_yearly": 10,
            "eps_latest_yearly": 11.52,
            "eps_growth_yearly": 0.01
        },
        "20101": {
            "year_quarter": 20101,
            "year": 2010,
            "quarter": 1,
            "eps": null,
            "eps_growth_year": null,
            "eps_4q": null,
            "eps_4q_growth_year": null,
            "roe": null,
            "roe_4q": 51,
            "gross_profit": 1055677,
            "gross_margin": null,
            "gross_margin_4q_avg": 38.13,
            "net_income": 193390,
            "net_income_4q": null,
            "revenue": 2013601,
            "revenue_4q": null,
            "common_shares": 700123,
            "book_valuer_per_share": 30.42,
            "book_valuer_per_share_4q_avg": 28.74,
            "equity": 2197342,
            "current_ratio": 171.03,
            "debt_ratio": 33.2,
            "inventory_turnover_ratio": null,
            "account_receivable_turnover_ratio": null,
            "reinvestment_rate": null,
            "research_to_sale_ratio": null,
            "price_fair": 100,
            "eps_avg_yearly": 10,
            "eps_latest_yearly": 11.52,
            "eps_growth_yearly": 0.01
        },
        "20102": {
            "year_quarter": 20102,
            "year": 2010,
            "quarter": 2,
            "eps": null,
            "eps_growth_year": null,
            "eps_4q": null,
            "eps_4q_growth_year": null,
            "roe": null,
            "roe_4q": 24.73,
            "gross_profit": 1121736,
            "gross_margin": null,
            "gross_margin_4q_avg": 25.65,
            "net_income": 197531,
            "net_income_4q": null,
            "revenue": 2116094,
            "revenue_4q": null,
            "common_shares": 1137500,
            "book_valuer_per_share": 19.42,
            "book_valuer_per_share_4q_avg": 28.47,
            "equity": 2280434,
            "current_ratio": 156.34,
            "debt_ratio": 34.72,
            "inventory_turnover_ratio": null,
            "account_receivable_turnover_ratio": null,
            "reinvestment_rate": null,
            "research_to_sale_ratio": null,
            "price_fair": 100,
            "eps_avg_yearly": 10,
            "eps_latest_yearly": 11.52,
            "eps_growth_yearly": 0.01
        },
        "20103": {
            "year_quarter": 20103,
            "year": 2010,
            "quarter": 3,
            "eps": null,
            "eps_growth_year": null,
            "eps_4q": null,
            "eps_4q_growth_year": null,
            "roe": null,
            "roe_4q": 10.42,
            "gross_profit": 1183152,
            "gross_margin": null,
            "gross_margin_4q_avg": 13.19,
            "net_income": 242852,
            "net_income_4q": null,
            "revenue": 2235464,
            "revenue_4q": null,
            "common_shares": 1137500,
            "book_valuer_per_share": 21.44,
            "book_valuer_per_share_4q_avg": 24.75,
            "equity": 2518821,
            "current_ratio": 164.15,
            "debt_ratio": 34.59,
            "inventory_turnover_ratio": null,
            "account_receivable_turnover_ratio": null,
            "reinvestment_rate": null,
            "research_to_sale_ratio": null,
            "price_fair": 100,
            "eps_avg_yearly": 10,
            "eps_latest_yearly": 11.52,
            "eps_growth_yearly": 0.01
        },
        "20104": {
            "year_quarter": 20104,
            "year": 2010,
            "quarter": 4,
            "eps": 1.6,
            "eps_growth_year": -44.39,
            "eps_4q": 1.6,
            "eps_4q_growth_year": -85.58,
            "roe": 5.43,
            "roe_4q": 5.43,
            "gross_profit": 1050209,
            "gross_margin": 52.99,
            "gross_margin_4q_avg": 13.25,
            "net_income": 203088,
            "net_income_4q": null,
            "revenue": 1982009,
            "revenue_4q": null,
            "common_shares": 1280000,
            "book_valuer_per_share": 38.15,
            "book_valuer_per_share_4q_avg": 27.36,
            "equity": 4966097,
            "current_ratio": 349.19,
            "debt_ratio": 21.52,
            "inventory_turnover_ratio": 4.22,
            "account_receivable_turnover_ratio": 13.21,
            "reinvestment_rate": null,
            "research_to_sale_ratio": 0.12,
            "price_fair": 100,
            "eps_avg_yearly": 10,
            "eps_latest_yearly": 11.52,
            "eps_growth_yearly": 0.01
        },
        "20111": {
            "year_quarter": 20111,
            "year": 2011,
            "quarter": 1,
            "eps": 2.12,
            "eps_growth_year": null,
            "eps_4q": 3.72,
            "eps_4q_growth_year": null,
            "roe": 5.35,
            "roe_4q": 10.78,
            "gross_profit": 1314556,
            "gross_margin": 53.65,
            "gross_margin_4q_avg": 26.66,
            "net_income": 274106,
            "net_income_4q": null,
            "revenue": 2450208,
            "revenue_4q": null,
            "common_shares": 1280000,
            "book_valuer_per_share": 40.73,
            "book_valuer_per_share_4q_avg": 29.94,
            "equity": 5290252,
            "current_ratio": 346.16,
            "debt_ratio": 21.36,
            "inventory_turnover_ratio": 5.25,
            "account_receivable_turnover_ratio": 15.96,
            "reinvestment_rate": null,
            "research_to_sale_ratio": 0.1,
            "price_fair": 336.7,
            "eps_avg_yearly": 9.62,
            "eps_latest_yearly": 8.48,
            "eps_growth_yearly": 32.5
        },
        "20112": {
            "year_quarter": 20112,
            "year": 2011,
            "quarter": 2,
            "eps": 1.5,
            "eps_growth_year": null,
            "eps_4q": 5.05,
            "eps_4q_growth_year": null,
            "roe": 3.99,
            "roe_4q": 14.77,
            "gross_profit": 1272397,
            "gross_margin": 53.14,
            "gross_margin_4q_avg": 39.95,
            "net_income": 205177,
            "net_income_4q": null,
            "revenue": 2394523,
            "revenue_4q": null,
            "common_shares": 1280000,
            "book_valuer_per_share": 38.45,
            "book_valuer_per_share_4q_avg": 34.69,
            "equity": 5001518,
            "current_ratio": 261.03,
            "debt_ratio": 27.71,
            "inventory_turnover_ratio": 5.2,
            "account_receivable_turnover_ratio": 15.36,
            "reinvestment_rate": null,
            "research_to_sale_ratio": 0.1,
            "price_fair": 112.15,
            "eps_avg_yearly": 8.9,
            "eps_latest_yearly": 6,
            "eps_growth_yearly": 2.61
        },
        "20113": {
            "year_quarter": 20113,
            "year": 2011,
            "quarter": 3,
            "eps": 2.3,
            "eps_growth_year": null,
            "eps_4q": 7.35,
            "eps_4q_growth_year": null,
            "roe": 5.98,
            "roe_4q": 20.75,
            "gross_profit": 1804057,
            "gross_margin": 53.07,
            "gross_margin_4q_avg": 53.21,
            "net_income": 315613,
            "net_income_4q": null,
            "revenue": 3399685,
            "revenue_4q": null,
            "common_shares": 1344000,
            "book_valuer_per_share": 40.63,
            "book_valuer_per_share_4q_avg": 39.49,
            "equity": 5546762,
            "current_ratio": 267.24,
            "debt_ratio": 24.56,
            "inventory_turnover_ratio": 6.08,
            "account_receivable_turnover_ratio": 19.01,
            "reinvestment_rate": null,
            "research_to_sale_ratio": 0.17,
            "price_fair": 313.13,
            "eps_avg_yearly": 8.95,
            "eps_latest_yearly": 9.2,
            "eps_growth_yearly": 37.73
        },
        "20114": {
            "year_quarter": 20114,
            "year": 2011,
            "quarter": 4,
            "eps": 2.52,
            "eps_growth_year": 57.17,
            "eps_4q": 8.34,
            "eps_4q_growth_year": 420.8,
            "roe": 5.98,
            "roe_4q": 21.3,
            "gross_profit": 1741999,
            "gross_margin": 54.23,
            "gross_margin_4q_avg": 53.52,
            "net_income": 342970,
            "net_income_4q": null,
            "revenue": 3211998,
            "revenue_4q": null,
            "common_shares": 1344000,
            "book_valuer_per_share": 43.21,
            "book_valuer_per_share_4q_avg": 40.76,
            "equity": 5916887,
            "current_ratio": 246.27,
            "debt_ratio": 25.92,
            "inventory_turnover_ratio": 4.38,
            "account_receivable_turnover_ratio": 16.56,
            "reinvestment_rate": null,
            "research_to_sale_ratio": 0.12,
            "price_fair": 318.8,
            "eps_avg_yearly": 9.11,
            "eps_latest_yearly": 10.08,
            "eps_growth_yearly": 37.8
        },
        "20121": {
            "year_quarter": 20121,
            "year": 2012,
            "quarter": 1,
            "eps": 2.41,
            "eps_growth_year": 13.68,
            "eps_4q": 8.73,
            "eps_4q_growth_year": 134.48,
            "roe": 5.49,
            "roe_4q": 21.440000000000005,
            "gross_profit": 1837346,
            "gross_margin": 55.96,
            "gross_margin_4q_avg": 54.1,
            "net_income": 330731,
            "net_income_4q": null,
            "revenue": 3283328,
            "revenue_4q": null,
            "common_shares": 1344000,
            "book_valuer_per_share": 44.78,
            "book_valuer_per_share_4q_avg": 41.77,
            "equity": 6127583,
            "current_ratio": 260.31,
            "debt_ratio": 23.84,
            "inventory_turnover_ratio": 4.15,
            "account_receivable_turnover_ratio": 18.68,
            "reinvestment_rate": null,
            "research_to_sale_ratio": 0.09,
            "price_fair": 321.13,
            "eps_avg_yearly": 9.18,
            "eps_latest_yearly": 9.64,
            "eps_growth_yearly": 30.9
        },
        "20122": {
            "year_quarter": 20122,
            "year": 2012,
            "quarter": 2,
            "eps": 1.69,
            "eps_growth_year": 12.38,
            "eps_4q": 8.57,
            "eps_4q_growth_year": 69.81,
            "roe": 4.13,
            "roe_4q": 21.580000000000002,
            "gross_profit": 1778568,
            "gross_margin": 55.41,
            "gross_margin_4q_avg": 54.67,
            "net_income": 246900,
            "net_income_4q": null,
            "revenue": 3209918,
            "revenue_4q": null,
            "common_shares": 1411200,
            "book_valuer_per_share": 40.65,
            "book_valuer_per_share_4q_avg": 42.32,
            "equity": 5819305,
            "current_ratio": 205.67,
            "debt_ratio": 26.49,
            "inventory_turnover_ratio": 4.49,
            "account_receivable_turnover_ratio": 20.66,
            "reinvestment_rate": null,
            "research_to_sale_ratio": 0.07,
            "price_fair": 215.41,
            "eps_avg_yearly": 8.91,
            "eps_latest_yearly": 6.76,
            "eps_growth_yearly": 14.19
        },
        "20123": {
            "year_quarter": 20123,
            "year": 2012,
            "quarter": 3,
            "eps": 1.77,
            "eps_growth_year": -23.25,
            "eps_4q": 8.14,
            "eps_4q_growth_year": 10.8,
            "roe": 4.39,
            "roe_4q": 19.990000000000002,
            "gross_profit": 1891149,
            "gross_margin": 54.79,
            "gross_margin_4q_avg": 55.1,
            "net_income": 260320,
            "net_income_4q": null,
            "revenue": 3451847,
            "revenue_4q": null,
            "common_shares": 1411200,
            "book_valuer_per_share": 42.2,
            "book_valuer_per_share_4q_avg": 42.71,
            "equity": 6042909,
            "current_ratio": 191.32,
            "debt_ratio": 28.48,
            "inventory_turnover_ratio": 4.23,
            "account_receivable_turnover_ratio": 15.94,
            "reinvestment_rate": null,
            "research_to_sale_ratio": 0.09,
            "price_fair": 215.14,
            "eps_avg_yearly": 8.72,
            "eps_latest_yearly": 7.08,
            "eps_growth_yearly": 14.66
        },
        "20124": {
            "year_quarter": 20124,
            "year": 2012,
            "quarter": 4,
            "eps": 1.18,
            "eps_growth_year": -53.15,
            "eps_4q": 6.93,
            "eps_4q_growth_year": -16.97,
            "roe": 2.73,
            "roe_4q": 16.740000000000002,
            "gross_profit": 1938639,
            "gross_margin": 54.85,
            "gross_margin_4q_avg": 55.25,
            "net_income": 167751,
            "net_income_4q": null,
            "revenue": 3534170,
            "revenue_4q": null,
            "common_shares": 1411200,
            "book_valuer_per_share": 43.35,
            "book_valuer_per_share_4q_avg": 42.75,
            "equity": 6242064,
            "current_ratio": 190.84,
            "debt_ratio": 27.28,
            "inventory_turnover_ratio": 3.92,
            "account_receivable_turnover_ratio": 13.01,
            "reinvestment_rate": 62.92,
            "research_to_sale_ratio": 0.23,
            "price_fair": 93.68,
            "eps_avg_yearly": 8.36,
            "eps_latest_yearly": 4.72,
            "eps_growth_yearly": 1.21
        },
        "20131": {
            "year_quarter": 20131,
            "year": 2013,
            "quarter": 1,
            "eps": 1.31,
            "eps_growth_year": -45.64,
            "eps_4q": 5.94,
            "eps_4q_growth_year": -31.88,
            "roe": 2.96,
            "roe_4q": 14.209999999999997,
            "gross_profit": 2011568,
            "gross_margin": 56.11,
            "gross_margin_4q_avg": 55.29,
            "net_income": 189391,
            "net_income_4q": null,
            "revenue": 3584732,
            "revenue_4q": null,
            "common_shares": 1411200,
            "book_valuer_per_share": 45.57,
            "book_valuer_per_share_4q_avg": 42.94,
            "equity": 6541663,
            "current_ratio": 215.9,
            "debt_ratio": 25.29,
            "inventory_turnover_ratio": 3.94,
            "account_receivable_turnover_ratio": 16.17,
            "reinvestment_rate": 77.27,
            "research_to_sale_ratio": 0.11,
            "price_fair": 119.7,
            "eps_avg_yearly": 8.1,
            "eps_latest_yearly": 5.24,
            "eps_growth_yearly": 4.78
        },
        "20132": {
            "year_quarter": 20132,
            "year": 2013,
            "quarter": 2,
            "eps": 0.99,
            "eps_growth_year": -41.34,
            "eps_4q": 5.25,
            "eps_4q_growth_year": -38.75,
            "roe": 2.32,
            "roe_4q": 12.399999999999999,
            "gross_profit": 2026282,
            "gross_margin": 56.4,
            "gross_margin_4q_avg": 55.54,
            "net_income": 146206,
            "net_income_4q": null,
            "revenue": 3592574,
            "revenue_4q": null,
            "common_shares": 1411200,
            "book_valuer_per_share": 42.04,
            "book_valuer_per_share_4q_avg": 43.29,
            "equity": 6045210,
            "current_ratio": 153.18,
            "debt_ratio": 34.03,
            "inventory_turnover_ratio": 3.92,
            "account_receivable_turnover_ratio": 20.14,
            "reinvestment_rate": 87.49,
            "research_to_sale_ratio": 0.13,
            "price_fair": 194.34,
            "eps_avg_yearly": 7.82,
            "eps_latest_yearly": 3.96,
            "eps_growth_yearly": 14.86
        },
        "20133": {
            "year_quarter": 20133,
            "year": 2013,
            "quarter": 3,
            "eps": 1.12,
            "eps_growth_year": -36.64,
            "eps_4q": 4.6,
            "eps_4q_growth_year": -43.54,
            "roe": 2.7,
            "roe_4q": 10.709999999999999,
            "gross_profit": 2206321,
            "gross_margin": 55.09,
            "gross_margin_4q_avg": 55.61,
            "net_income": 164037,
            "net_income_4q": null,
            "revenue": 4004767,
            "revenue_4q": null,
            "common_shares": 1411200,
            "book_valuer_per_share": 42.76,
            "book_valuer_per_share_4q_avg": 43.43,
            "equity": 6093193,
            "current_ratio": 153.44,
            "debt_ratio": 30.29,
            "inventory_turnover_ratio": 4.2,
            "account_receivable_turnover_ratio": 17.17,
            "reinvestment_rate": 89.32,
            "research_to_sale_ratio": 0.1,
            "price_fair": 88.69,
            "eps_avg_yearly": 7.26,
            "eps_latest_yearly": 4.48,
            "eps_growth_yearly": 2.21
        },
        "20134": {
            "year_quarter": 20134,
            "year": 2013,
            "quarter": 4,
            "eps": 0.65,
            "eps_growth_year": -44.95,
            "eps_4q": 4.07,
            "eps_4q_growth_year": -41.27,
            "roe": 1.69,
            "roe_4q": 9.670000000000002,
            "gross_profit": 2151067,
            "gross_margin": 54.7,
            "gross_margin_4q_avg": 55.58,
            "net_income": 104714,
            "net_income_4q": null,
            "revenue": 3932261,
            "revenue_4q": null,
            "common_shares": 1411200,
            "book_valuer_per_share": 43.96,
            "book_valuer_per_share_4q_avg": 43.58,
            "equity": 6274154,
            "current_ratio": 163.88,
            "debt_ratio": 28.93,
            "inventory_turnover_ratio": 3.87,
            "account_receivable_turnover_ratio": 14.89,
            "reinvestment_rate": 89.69,
            "research_to_sale_ratio": 0.12,
            "price_fair": 19.56,
            "eps_avg_yearly": 6.52,
            "eps_latest_yearly": 2.6,
            "eps_growth_yearly": -12.98
        },
        "20141": {
            "year_quarter": 20141,
            "year": 2014,
            "quarter": 1,
            "eps": 1.3,
            "eps_growth_year": -0.76,
            "eps_4q": 4.05,
            "eps_4q_growth_year": -31.82,
            "roe": 2.93,
            "roe_4q": 9.64,
            "gross_profit": 2411688,
            "gross_margin": 57.17,
            "gross_margin_4q_avg": 55.84,
            "net_income": 185761,
            "net_income_4q": null,
            "revenue": 4218788,
            "revenue_4q": null,
            "common_shares": 1411200,
            "book_valuer_per_share": 45.17,
            "book_valuer_per_share_4q_avg": 43.48,
            "equity": 6414773,
            "current_ratio": 167.4,
            "debt_ratio": 27.6,
            "inventory_turnover_ratio": 3.9,
            "account_receivable_turnover_ratio": 18.85,
            "reinvestment_rate": 89.19,
            "research_to_sale_ratio": 0.17,
            "price_fair": 184.79,
            "eps_avg_yearly": 6.42,
            "eps_latest_yearly": 5.2,
            "eps_growth_yearly": 18.79
        },
        "20142": {
            "year_quarter": 20142,
            "year": 2014,
            "quarter": 2,
            "eps": 0.06,
            "eps_growth_year": -93.94,
            "eps_4q": 3.12,
            "eps_4q_growth_year": -40.51,
            "roe": 0.21,
            "roe_4q": 7.53,
            "gross_profit": 2332708,
            "gross_margin": 56.57,
            "gross_margin_4q_avg": 55.88,
            "net_income": 12991,
            "net_income_4q": null,
            "revenue": 4123428,
            "revenue_4q": null,
            "common_shares": 1411200,
            "book_valuer_per_share": 43.29,
            "book_valuer_per_share_4q_avg": 43.8,
            "equity": 6154161,
            "current_ratio": 146.73,
            "debt_ratio": 29.91,
            "inventory_turnover_ratio": 3.77,
            "account_receivable_turnover_ratio": 18.32,
            "reinvestment_rate": 95.42,
            "research_to_sale_ratio": 0.29,
            "price_fair": 17.93,
            "eps_avg_yearly": 5.98,
            "eps_latest_yearly": 0.24,
            "eps_growth_yearly": -9.8
        },
        "20143": {
            "year_quarter": 20143,
            "year": 2014,
            "quarter": 3,
            "eps": 0.88,
            "eps_growth_year": -21.43,
            "eps_4q": 2.89,
            "eps_4q_growth_year": -37.21,
            "roe": 2.1,
            "roe_4q": 6.93,
            "gross_profit": 2578635,
            "gross_margin": 54.44,
            "gross_margin_4q_avg": 55.72,
            "net_income": 131744,
            "net_income_4q": null,
            "revenue": 4736857,
            "revenue_4q": null,
            "common_shares": 1411200,
            "book_valuer_per_share": 45.02,
            "book_valuer_per_share_4q_avg": 44.36,
            "equity": 6403431,
            "current_ratio": 138.48,
            "debt_ratio": 30.75,
            "inventory_turnover_ratio": 4.29,
            "account_receivable_turnover_ratio": 21.71,
            "reinvestment_rate": 105.31,
            "research_to_sale_ratio": 0.1,
            "price_fair": 203.47,
            "eps_avg_yearly": 5.81,
            "eps_latest_yearly": 3.52,
            "eps_growth_yearly": 355.29
        },
        "20144": {
            "year_quarter": 20144,
            "year": 2014,
            "quarter": 4,
            "eps": 1.5,
            "eps_growth_year": 131.08,
            "eps_4q": 3.74,
            "eps_4q_growth_year": -8.1,
            "roe": 3.24,
            "roe_4q": 8.48,
            "gross_profit": 2761790,
            "gross_margin": 57.04,
            "gross_margin_4q_avg": 56.31,
            "net_income": 213290,
            "net_income_4q": null,
            "revenue": 4842163,
            "revenue_4q": null,
            "common_shares": 1411200,
            "book_valuer_per_share": 47.65,
            "book_valuer_per_share_4q_avg": 45.28,
            "equity": 6775075,
            "current_ratio": 129.56,
            "debt_ratio": 31.03,
            "inventory_turnover_ratio": 3.92,
            "account_receivable_turnover_ratio": 22.25,
            "reinvestment_rate": 117.64,
            "research_to_sale_ratio": 0.25,
            "price_fair": 203.88,
            "eps_avg_yearly": 5.83,
            "eps_latest_yearly": 6,
            "eps_growth_yearly": 350.7
        },
        "20151": {
            "year_quarter": 20151,
            "year": 2015,
            "quarter": 1,
            "eps": 1.34,
            "eps_growth_year": 3.08,
            "eps_4q": 3.78,
            "eps_4q_growth_year": -6.65,
            "roe": 2.81,
            "roe_4q": 8.360000000000001,
            "gross_profit": 2730578,
            "gross_margin": 57.18,
            "gross_margin_4q_avg": 56.31,
            "net_income": 192135,
            "net_income_4q": null,
            "revenue": 4775696,
            "revenue_4q": null,
            "common_shares": 1411200,
            "book_valuer_per_share": 48.63,
            "book_valuer_per_share_4q_avg": 46.15,
            "equity": 6914101,
            "current_ratio": 147.6,
            "debt_ratio": 33.91,
            "inventory_turnover_ratio": 4.01,
            "account_receivable_turnover_ratio": 21.05,
            "reinvestment_rate": 123.34,
            "research_to_sale_ratio": 0.22,
            "price_fair": 197.05,
            "eps_avg_yearly": 5.63,
            "eps_latest_yearly": 5.36,
            "eps_growth_yearly": 339.91
        },
        "20152": {
            "year_quarter": 20152,
            "year": 2015,
            "quarter": 2,
            "eps": 1.32,
            "eps_growth_year": 2100,
            "eps_4q": 5.04,
            "eps_4q_growth_year": 61.35,
            "roe": 2.82,
            "roe_4q": 10.97,
            "gross_profit": 2744706,
            "gross_margin": 57.86,
            "gross_margin_4q_avg": 56.63,
            "net_income": 193919,
            "net_income_4q": null,
            "revenue": 4743880,
            "revenue_4q": null,
            "common_shares": 1411200,
            "book_valuer_per_share": 48.19,
            "book_valuer_per_share_4q_avg": 47.37,
            "equity": 6841976,
            "current_ratio": 155.82,
            "debt_ratio": 36.3,
            "inventory_turnover_ratio": 4.33,
            "account_receivable_turnover_ratio": 22.67,
            "reinvestment_rate": 114.46,
            "research_to_sale_ratio": 0.2,
            "price_fair": 195.48,
            "eps_avg_yearly": 5.59,
            "eps_latest_yearly": 5.28,
            "eps_growth_yearly": 346.85
        },
        "20153": {
            "year_quarter": 20153,
            "year": 2015,
            "quarter": 3,
            "eps": 2.93,
            "eps_growth_year": 232.95,
            "eps_4q": 7.09,
            "eps_4q_growth_year": 145.57,
            "roe": 5.86,
            "roe_4q": 14.73,
            "gross_profit": 3083760,
            "gross_margin": 56.21,
            "gross_margin_4q_avg": 57.07,
            "net_income": 420856,
            "net_income_4q": null,
            "revenue": 5485843,
            "revenue_4q": null,
            "common_shares": 1411200,
            "book_valuer_per_share": 52.99,
            "book_valuer_per_share_4q_avg": 49.37,
            "equity": 7527398,
            "current_ratio": 151.99,
            "debt_ratio": 37.72,
            "inventory_turnover_ratio": 4.77,
            "account_receivable_turnover_ratio": 19.06,
            "reinvestment_rate": 118.5,
            "research_to_sale_ratio": 0.15,
            "price_fair": 200.99,
            "eps_avg_yearly": 5.74,
            "eps_latest_yearly": 11.72,
            "eps_growth_yearly": 364.01
        },
        "20154": {
            "year_quarter": 20154,
            "year": 2015,
            "quarter": 4,
            "eps": 2.48,
            "eps_growth_year": 65.52,
            "eps_4q": 8.07,
            "eps_4q_growth_year": 115.96,
            "roe": 4.72,
            "roe_4q": 16.21,
            "gross_profit": 3030166,
            "gross_margin": 55.58,
            "gross_margin_4q_avg": 56.71,
            "net_income": 359133,
            "net_income_4q": null,
            "revenue": 5451945,
            "revenue_4q": null,
            "common_shares": 1411200,
            "book_valuer_per_share": 54.1,
            "book_valuer_per_share_4q_avg": 50.98,
            "equity": 7692611,
            "current_ratio": 158.91,
            "debt_ratio": 37.41,
            "inventory_turnover_ratio": 4.01,
            "account_receivable_turnover_ratio": 17,
            "reinvestment_rate": 108.25,
            "research_to_sale_ratio": 0.15,
            "price_fair": 200.64,
            "eps_avg_yearly": 5.73,
            "eps_latest_yearly": 9.92,
            "eps_growth_yearly": 357.78
        },
        "20161": {
            "year_quarter": 20161,
            "year": 2016,
            "quarter": 1,
            "eps": 2.62,
            "eps_growth_year": 95.52,
            "eps_4q": 9.35,
            "eps_4q_growth_year": 147.05,
            "roe": 4.82,
            "roe_4q": 18.22,
            "gross_profit": 3070376,
            "gross_margin": 56.14,
            "gross_margin_4q_avg": 56.45,
            "net_income": 379297,
            "net_income_4q": null,
            "revenue": 5468800,
            "revenue_4q": null,
            "common_shares": 1411200,
            "book_valuer_per_share": 56.46,
            "book_valuer_per_share_4q_avg": 52.94,
            "equity": 8035634,
            "current_ratio": 172.12,
            "debt_ratio": 35.23,
            "inventory_turnover_ratio": 3.96,
            "account_receivable_turnover_ratio": 21.48,
            "reinvestment_rate": 100.82,
            "research_to_sale_ratio": 0.16,
            "price_fair": 202.48,
            "eps_avg_yearly": 5.79,
            "eps_latest_yearly": 10.48,
            "eps_growth_yearly": 360.28
        },
        "20162": {
            "year_quarter": 20162,
            "year": 2016,
            "quarter": 2,
            "eps": 2.64,
            "eps_growth_year": 100,
            "eps_4q": 10.17,
            "eps_4q_growth_year": 101.8,
            "roe": 4.77,
            "roe_4q": 20.169999999999998,
            "gross_profit": 3174729,
            "gross_margin": 58.46,
            "gross_margin_4q_avg": 56.6,
            "net_income": 380459,
            "net_income_4q": null,
            "revenue": 5430464,
            "revenue_4q": null,
            "common_shares": 1411200,
            "book_valuer_per_share": 55.63,
            "book_valuer_per_share_4q_avg": 54.8,
            "equity": 7905305,
            "current_ratio": 162.44,
            "debt_ratio": 36.36,
            "inventory_turnover_ratio": 3.95,
            "account_receivable_turnover_ratio": 23.57,
            "reinvestment_rate": 79.68,
            "research_to_sale_ratio": 0.14,
            "price_fair": 210.79,
            "eps_avg_yearly": 6.02,
            "eps_latest_yearly": 10.56,
            "eps_growth_yearly": 367.94
        },
        "20163": {
            "year_quarter": 20163,
            "year": 2016,
            "quarter": 3,
            "eps": 3.34,
            "eps_growth_year": 13.99,
            "eps_4q": 10.72,
            "eps_4q_growth_year": 51.16,
            "roe": 6.2,
            "roe_4q": 20.509999999999998,
            "gross_profit": 3324162,
            "gross_margin": 59.04,
            "gross_margin_4q_avg": 57.31,
            "net_income": 499569,
            "net_income_4q": null,
            "revenue": 5630047,
            "revenue_4q": null,
            "common_shares": 1481760,
            "book_valuer_per_share": 55.01,
            "book_valuer_per_share_4q_avg": 55.3,
            "equity": 8209652,
            "current_ratio": 169.77,
            "debt_ratio": 34.68,
            "inventory_turnover_ratio": 3.89,
            "account_receivable_turnover_ratio": 24.74,
            "reinvestment_rate": 70.22,
            "research_to_sale_ratio": 0.13,
            "price_fair": 224.53,
            "eps_avg_yearly": 6.42,
            "eps_latest_yearly": 13.36,
            "eps_growth_yearly": 373.38
        },
        "20164": {
            "year_quarter": 20164,
            "year": 2016,
            "quarter": 4,
            "eps": 3.4,
            "eps_growth_year": 36.85,
            "eps_4q": 11.75,
            "eps_4q_growth_year": 45.56,
            "roe": 6.2,
            "roe_4q": 21.990000000000002,
            "gross_profit": 3258398,
            "gross_margin": 59.06,
            "gross_margin_4q_avg": 58.18,
            "net_income": 523230,
            "net_income_4q": null,
            "revenue": 5517193,
            "revenue_4q": null,
            "common_shares": 1481760,
            "book_valuer_per_share": 57.97,
            "book_valuer_per_share_4q_avg": 56.27,
            "equity": 8667734,
            "current_ratio": 171.02,
            "debt_ratio": 35.49,
            "inventory_turnover_ratio": 3.41,
            "account_receivable_turnover_ratio": 20.75,
            "reinvestment_rate": 58.26,
            "research_to_sale_ratio": 0.15,
            "price_fair": 243.95,
            "eps_avg_yearly": 6.97,
            "eps_latest_yearly": 13.6,
            "eps_growth_yearly": 382.17
        },
        "20171": {
            "year_quarter": 20171,
            "year": 2017,
            "quarter": 1,
            "eps": 3.22,
            "eps_growth_year": 22.9,
            "eps_4q": 12.48,
            "eps_4q_growth_year": 33.52,
            "roe": 5.48,
            "roe_4q": 22.65,
            "gross_profit": 3170183,
            "gross_margin": 59.22,
            "gross_margin_4q_avg": 58.95,
            "net_income": 479345,
            "net_income_4q": null,
            "revenue": 5353169,
            "revenue_4q": null,
            "common_shares": 1481760,
            "book_valuer_per_share": 59.03,
            "book_valuer_per_share_4q_avg": 56.91,
            "equity": 8823593,
            "current_ratio": 175.67,
            "debt_ratio": 32.74,
            "inventory_turnover_ratio": 3.3,
            "account_receivable_turnover_ratio": 20.69,
            "reinvestment_rate": 34.57,
            "research_to_sale_ratio": 0.17,
            "price_fair": 260.66,
            "eps_avg_yearly": 7.45,
            "eps_latest_yearly": 12.88,
            "eps_growth_yearly": 378.09
        },
        "20172": {
            "year_quarter": 20172,
            "year": 2017,
            "quarter": 2,
            "eps": 2.92,
            "eps_growth_year": 10.61,
            "eps_4q": 11.98,
            "eps_4q_growth_year": 17.84,
            "roe": 5.54,
            "roe_4q": 23.419999999999998,
            "gross_profit": 3193722,
            "gross_margin": 59.83,
            "gross_margin_4q_avg": 59.29,
            "net_income": 484273,
            "net_income_4q": null,
            "revenue": 5338061,
            "revenue_4q": null,
            "common_shares": 1481760,
            "book_valuer_per_share": 57.95,
            "book_valuer_per_share_4q_avg": 57.49,
            "equity": 8651382,
            "current_ratio": 147.42,
            "debt_ratio": 38.91,
            "inventory_turnover_ratio": 3.4,
            "account_receivable_turnover_ratio": 24.57,
            "reinvestment_rate": 31.31,
            "research_to_sale_ratio": 0.17,
            "price_fair": 277.55,
            "eps_avg_yearly": 7.93,
            "eps_latest_yearly": 11.68,
            "eps_growth_yearly": 381.87
        },
        "20173": {
            "year_quarter": 20173,
            "year": 2017,
            "quarter": 3,
            "eps": 3.71,
            "eps_growth_year": 11.08,
            "eps_4q": 12.66,
            "eps_4q_growth_year": 18.1,
            "roe": 6.71,
            "roe_4q": 23.93,
            "gross_profit": 3647306,
            "gross_margin": 58.94,
            "gross_margin_4q_avg": 59.26,
            "net_income": 603568,
            "net_income_4q": null,
            "revenue": 6187871,
            "revenue_4q": null,
            "common_shares": 1629936,
            "book_valuer_per_share": 56.89,
            "book_valuer_per_share_4q_avg": 57.96,
            "equity": 9335145,
            "current_ratio": 153.97,
            "debt_ratio": 37.38,
            "inventory_turnover_ratio": 3.4,
            "account_receivable_turnover_ratio": 20.82,
            "reinvestment_rate": 31.16,
            "research_to_sale_ratio": 0.15,
            "price_fair": 300.21,
            "eps_avg_yearly": 8.58,
            "eps_latest_yearly": 14.84,
            "eps_growth_yearly": 385.35
        },
        "20174": {
            "year_quarter": 20174,
            "year": 2017,
            "quarter": 4,
            "eps": 3.55,
            "eps_growth_year": 4.47,
            "eps_4q": 13.12,
            "eps_4q_growth_year": 11.64,
            "roe": 6.1,
            "roe_4q": 23.83,
            "gross_profit": 3645463,
            "gross_margin": 59.38,
            "gross_margin_4q_avg": 59.34,
            "net_income": 587764,
            "net_income_4q": null,
            "revenue": 6139312,
            "revenue_4q": null,
            "common_shares": 1629936,
            "book_valuer_per_share": 60.46,
            "book_valuer_per_share_4q_avg": 58.58,
            "equity": 9926858,
            "current_ratio": 155.37,
            "debt_ratio": 37.2,
            "inventory_turnover_ratio": 3.08,
            "account_receivable_turnover_ratio": 16.63,
            "reinvestment_rate": 35.91,
            "research_to_sale_ratio": 0.17,
            "price_fair": 325.59,
            "eps_avg_yearly": 9.3,
            "eps_latest_yearly": 14.2,
            "eps_growth_yearly": 394.76
        },
        "20181": {
            "year_quarter": 20181,
            "year": 2018,
            "quarter": 1,
            "eps": 3.07,
            "eps_growth_year": -4.66,
            "eps_4q": 13.25,
            "eps_4q_growth_year": 6.18,
            "roe": 4.97,
            "roe_4q": 23.32,
            "gross_profit": 3605957,
            "gross_margin": 58.76,
            "gross_margin_4q_avg": 59.23,
            "net_income": 508404,
            "net_income_4q": null,
            "revenue": 6136237,
            "revenue_4q": null,
            "common_shares": 1629936,
            "book_valuer_per_share": 64.17,
            "book_valuer_per_share_4q_avg": 59.87,
            "equity": 10532345,
            "current_ratio": 155.36,
            "debt_ratio": 36.12,
            "inventory_turnover_ratio": 3.28,
            "account_receivable_turnover_ratio": 18.08,
            "reinvestment_rate": 40.69,
            "research_to_sale_ratio": 0.14,
            "price_fair": 341.08,
            "eps_avg_yearly": 9.75,
            "eps_latest_yearly": 12.28,
            "eps_growth_yearly": 366.38
        },
        "20182": {
            "year_quarter": 20182,
            "year": 2018,
            "quarter": 2,
            "eps": 2.88,
            "eps_growth_year": -1.37,
            "eps_4q": 12.24,
            "eps_4q_growth_year": 2.13,
            "roe": 5.07,
            "roe_4q": 22.85,
            "gross_profit": 3648850,
            "gross_margin": 59.39,
            "gross_margin_4q_avg": 59.12,
            "net_income": 520838,
            "net_income_4q": null,
            "revenue": 6144074,
            "revenue_4q": null,
            "common_shares": 1800000,
            "book_valuer_per_share": 55.39,
            "book_valuer_per_share_4q_avg": 59.23,
            "equity": 10029405,
            "current_ratio": 130.37,
            "debt_ratio": 39.88,
            "inventory_turnover_ratio": 3.41,
            "account_receivable_turnover_ratio": 19.12,
            "reinvestment_rate": 46.28,
            "research_to_sale_ratio": 0.15,
            "price_fair": 365.75,
            "eps_avg_yearly": 10.45,
            "eps_latest_yearly": 11.52,
            "eps_growth_yearly": 388.68
        },
        "20183": {
            "year_quarter": 20183,
            "year": 2018,
            "quarter": 3,
            "eps": 1.99,
            "eps_growth_year": -46.36,
            "eps_4q": 10.86,
            "eps_4q_growth_year": -14.2,
            "roe": 3.37,
            "roe_4q": 19.509999999999998,
            "gross_profit": 3478462,
            "gross_margin": 58.22,
            "gross_margin_4q_avg": 58.94,
            "net_income": 339216,
            "net_income_4q": null,
            "revenue": 5974753,
            "revenue_4q": null,
            "common_shares": 1800000,
            "book_valuer_per_share": 56.11,
            "book_valuer_per_share_4q_avg": 59.03,
            "equity": 10121964,
            "current_ratio": 142.9,
            "debt_ratio": 36.71,
            "inventory_turnover_ratio": 3.54,
            "account_receivable_turnover_ratio": 18.19,
            "reinvestment_rate": 41.38,
            "research_to_sale_ratio": 0.14,
            "price_fair": 375.46,
            "eps_avg_yearly": 10.73,
            "eps_latest_yearly": 7.96,
            "eps_growth_yearly": 39.29
        },
        "20184": {
            "year_quarter": 20184,
            "year": 2018,
            "quarter": 4,
            "eps": 1.62,
            "eps_growth_year": -54.37,
            "eps_4q": 9.26,
            "eps_4q_growth_year": -29.37,
            "roe": 2.83,
            "roe_4q": 16.24,
            "gross_profit": 3431649,
            "gross_margin": 58.56,
            "gross_margin_4q_avg": 58.73,
            "net_income": 291487,
            "net_income_4q": null,
            "revenue": 5860020,
            "revenue_4q": null,
            "common_shares": 1800000,
            "book_valuer_per_share": 58.08,
            "book_valuer_per_share_4q_avg": 58.44,
            "equity": 10477927,
            "current_ratio": 136.38,
            "debt_ratio": 35.18,
            "inventory_turnover_ratio": 3.27,
            "account_receivable_turnover_ratio": 18.03,
            "reinvestment_rate": 32.75,
            "research_to_sale_ratio": 0.15,
            "price_fair": 290.72,
            "eps_avg_yearly": 10.76,
            "eps_latest_yearly": 6.48,
            "eps_growth_yearly": 17.02
        },
        "20191": {
            "year_quarter": 20191,
            "year": 2019,
            "quarter": 1,
            "eps": 1.76,
            "eps_growth_year": -42.67,
            "eps_4q": 8.25,
            "eps_4q_growth_year": -37.75,
            "roe": 2.97,
            "roe_4q": 14.240000000000002,
            "gross_profit": 3423091,
            "gross_margin": 59.98,
            "gross_margin_4q_avg": 59.04,
            "net_income": 318249,
            "net_income_4q": null,
            "revenue": 5706835,
            "revenue_4q": null,
            "common_shares": 1800000,
            "book_valuer_per_share": 60.89,
            "book_valuer_per_share_4q_avg": 57.62,
            "equity": 10977388,
            "current_ratio": 101.78,
            "debt_ratio": 53.77,
            "inventory_turnover_ratio": 2.97,
            "account_receivable_turnover_ratio": 19.58,
            "reinvestment_rate": 29.59,
            "research_to_sale_ratio": 0.15,
            "price_fair": 345.99,
            "eps_avg_yearly": 10.86,
            "eps_latest_yearly": 7.04,
            "eps_growth_yearly": 21.85
        },
        "20192": {
            "year_quarter": 20192,
            "year": 2019,
            "quarter": 2,
            "eps": 1.2,
            "eps_growth_year": -58.33,
            "eps_4q": 6.56,
            "eps_4q_growth_year": -46.35,
            "roe": 1.99,
            "roe_4q": 11.16,
            "gross_profit": 3488958,
            "gross_margin": 60.04,
            "gross_margin_4q_avg": 59.2,
            "net_income": 211138,
            "net_income_4q": null,
            "revenue": 5810981,
            "revenue_4q": null,
            "common_shares": 1800000,
            "book_valuer_per_share": 56.66,
            "book_valuer_per_share_4q_avg": 57.94,
            "equity": 10204085,
            "current_ratio": 88.72,
            "debt_ratio": 57.03,
            "inventory_turnover_ratio": 3.01,
            "account_receivable_turnover_ratio": 21.13,
            "reinvestment_rate": 31.88,
            "research_to_sale_ratio": 0.16,
            "price_fair": 262.91,
            "eps_avg_yearly": 10.83,
            "eps_latest_yearly": 4.8,
            "eps_growth_yearly": 14.27
        },
        "20193": {
            "year_quarter": 20193,
            "year": 2019,
            "quarter": 3,
            "eps": 1.32,
            "eps_growth_year": -33.67,
            "eps_4q": 5.9,
            "eps_4q_growth_year": -45.65,
            "roe": 2.38,
            "roe_4q": 10.17,
            "gross_profit": 3481126,
            "gross_margin": 59.14,
            "gross_margin_4q_avg": 59.43,
            "net_income": 242141,
            "net_income_4q": null,
            "revenue": 5886272,
            "revenue_4q": null,
            "common_shares": 1800000,
            "book_valuer_per_share": 56.47,
            "book_valuer_per_share_4q_avg": 58.03,
            "equity": 10161908,
            "current_ratio": 93.16,
            "debt_ratio": 54.68,
            "inventory_turnover_ratio": 3.13,
            "account_receivable_turnover_ratio": 19.25,
            "reinvestment_rate": 17.01,
            "research_to_sale_ratio": 0.16,
            "price_fair": 31.29,
            "eps_avg_yearly": 10.43,
            "eps_latest_yearly": 5.28,
            "eps_growth_yearly": -13.72
        },
        "20194": {
            "year_quarter": 20194,
            "year": 2019,
            "quarter": 4,
            "eps": 0.9,
            "eps_growth_year": -44.43,
            "eps_4q": 5.18,
            "eps_4q_growth_year": -44.06,
            "roe": 1.6,
            "roe_4q": 8.94,
            "gross_profit": 3423378,
            "gross_margin": 59.51,
            "gross_margin_4q_avg": 59.67,
            "net_income": 162912,
            "net_income_4q": null,
            "revenue": 5752833,
            "revenue_4q": null,
            "common_shares": 1800000,
            "book_valuer_per_share": 56.78,
            "book_valuer_per_share_4q_avg": 57.7,
            "equity": 10216316,
            "current_ratio": 101.65,
            "debt_ratio": 54.82,
            "inventory_turnover_ratio": 3.02,
            "account_receivable_turnover_ratio": 18.17,
            "reinvestment_rate": 10.41,
            "research_to_sale_ratio": 0.15,
            "price_fair": 30.11,
            "eps_avg_yearly": 10.04,
            "eps_latest_yearly": 3.6,
            "eps_growth_yearly": -17.84
        },
        "20201": {
            "year_quarter": 20201,
            "year": 2020,
            "quarter": 1,
            "eps": 0.36,
            "eps_growth_year": -79.55,
            "eps_4q": 3.78,
            "eps_4q_growth_year": -54.13,
            "roe": 0.53,
            "roe_4q": 6.5,
            "gross_profit": 2788920,
            "gross_margin": 59.32,
            "gross_margin_4q_avg": 59.5,
            "net_income": 53814,
            "net_income_4q": null,
            "revenue": 4701855,
            "revenue_4q": null,
            "common_shares": 1800000,
            "book_valuer_per_share": 56.79,
            "book_valuer_per_share_4q_avg": 56.68,
            "equity": 10214229,
            "current_ratio": 94.99,
            "debt_ratio": 55.34,
            "inventory_turnover_ratio": 2.53,
            "account_receivable_turnover_ratio": 16.57,
            "reinvestment_rate": 27.15,
            "research_to_sale_ratio": 0.17,
            "price_fair": 28.41,
            "eps_avg_yearly": 9.47,
            "eps_latest_yearly": 1.44,
            "eps_growth_yearly": -34.25
        },
        "20202": {
            "year_quarter": 20202,
            "year": 2020,
            "quarter": 2,
            "eps": 1.16,
            "eps_growth_year": -3.33,
            "eps_4q": 3.74,
            "eps_4q_growth_year": -42.96,
            "roe": 2.09,
            "roe_4q": 6.6000000000000005,
            "gross_profit": 2589179,
            "gross_margin": 58.57,
            "gross_margin_4q_avg": 59.14,
            "net_income": 209025,
            "net_income_4q": null,
            "revenue": 4420517,
            "revenue_4q": null,
            "common_shares": 1800000,
            "book_valuer_per_share": 54.25,
            "book_valuer_per_share_4q_avg": 56.07,
            "equity": 9751271,
            "current_ratio": 98.13,
            "debt_ratio": 56.48,
            "inventory_turnover_ratio": 2.65,
            "account_receivable_turnover_ratio": 16.05,
            "reinvestment_rate": 17.84,
            "research_to_sale_ratio": 0.17,
            "price_fair": 283.16,
            "eps_avg_yearly": 9.1,
            "eps_latest_yearly": 4.64,
            "eps_growth_yearly": 21.12
        },
        "20203": {
            "year_quarter": 20203,
            "year": 2020,
            "quarter": 3,
            "eps": 2.19,
            "eps_growth_year": 65.91,
            "eps_4q": 4.61,
            "eps_4q_growth_year": -21.96,
            "roe": 4,
            "roe_4q": 8.22,
            "gross_profit": 3197442,
            "gross_margin": 60.18,
            "gross_margin_4q_avg": 59.4,
            "net_income": 399671,
            "net_income_4q": null,
            "revenue": 5313382,
            "revenue_4q": null,
            "common_shares": 1800000,
            "book_valuer_per_share": 56.87,
            "book_valuer_per_share_4q_avg": 56.17,
            "equity": 10211757,
            "current_ratio": 103.95,
            "debt_ratio": 54.19,
            "inventory_turnover_ratio": 3.06,
            "account_receivable_turnover_ratio": 15.43,
            "reinvestment_rate": 16.99,
            "research_to_sale_ratio": 0.14,
            "price_fair": 308.44,
            "eps_avg_yearly": 8.81,
            "eps_latest_yearly": 8.76,
            "eps_growth_yearly": 36.69
        },
        "20204": {
            "year_quarter": 20204,
            "year": 2020,
            "quarter": 4,
            "eps": 1.93,
            "eps_growth_year": 114.93,
            "eps_4q": 5.64,
            "eps_4q_growth_year": 8.84,
            "roe": 3.22,
            "roe_4q": 9.84,
            "gross_profit": 3126352,
            "gross_margin": 59.62,
            "gross_margin_4q_avg": 59.42,
            "net_income": 335714,
            "net_income_4q": null,
            "revenue": 5243701,
            "revenue_4q": null,
            "common_shares": 1800000,
            "book_valuer_per_share": 59.52,
            "book_valuer_per_share_4q_avg": 56.86,
            "equity": 10671014,
            "current_ratio": 110.52,
            "debt_ratio": 51.88,
            "inventory_turnover_ratio": 2.93,
            "account_receivable_turnover_ratio": 15.59,
            "reinvestment_rate": 17.97,
            "research_to_sale_ratio": 0.15,
            "price_fair": 295.58,
            "eps_avg_yearly": 8.45,
            "eps_latest_yearly": 7.72,
            "eps_growth_yearly": 33.27
        },
        "20211": {
            "year_quarter": 20211,
            "year": 2021,
            "quarter": 1,
            "eps": 1.4,
            "eps_growth_year": 288.89,
            "eps_4q": 6.67,
            "eps_4q_growth_year": 76.36,
            "roe": 2.33,
            "roe_4q": 11.64,
            "gross_profit": 2867943,
            "gross_margin": 58.83,
            "gross_margin_4q_avg": 59.3,
            "net_income": 250483,
            "net_income_4q": null,
            "revenue": 4874770,
            "revenue_4q": null,
            "common_shares": 1800000,
            "book_valuer_per_share": 60.64,
            "book_valuer_per_share_4q_avg": 57.82,
            "equity": 10871814,
            "current_ratio": 120.03,
            "debt_ratio": 49.97,
            "inventory_turnover_ratio": 2.9,
            "account_receivable_turnover_ratio": 20.26,
            "reinvestment_rate": 21.17,
            "research_to_sale_ratio": 0.21,
            "price_fair": 279.65,
            "eps_avg_yearly": 7.99,
            "eps_latest_yearly": 5.6,
            "eps_growth_yearly": 27.73
        },
        "20212": {
            "year_quarter": 20212,
            "year": 2021,
            "quarter": 2,
            "eps": 2.2,
            "eps_growth_year": 89.66,
            "eps_4q": 7.72,
            "eps_4q_growth_year": 106.15,
            "roe": 3.64,
            "roe_4q": 13.190000000000001,
            "gross_profit": 2928190,
            "gross_margin": 60.03,
            "gross_margin_4q_avg": 59.67,
            "net_income": 401161,
            "net_income_4q": null,
            "revenue": 4877818,
            "revenue_4q": null,
            "common_shares": 1800000,
            "book_valuer_per_share": 62.34,
            "book_valuer_per_share_4q_avg": 59.84,
            "equity": 11184897,
            "current_ratio": 126.19,
            "debt_ratio": 47.73,
            "inventory_turnover_ratio": 2.83,
            "account_receivable_turnover_ratio": 21.39,
            "reinvestment_rate": 12.03,
            "research_to_sale_ratio": 0.2,
            "price_fair": 273.35,
            "eps_avg_yearly": 7.81,
            "eps_latest_yearly": 8.8,
            "eps_growth_yearly": 44.34
        },
        "20213": {
            "year_quarter": 20213,
            "year": 2021,
            "quarter": 3,
            "eps": 1.49,
            "eps_growth_year": -31.96,
            "eps_4q": 7.02,
            "eps_4q_growth_year": 52.37,
            "roe": 2.41,
            "roe_4q": 11.600000000000001,
            "gross_profit": 3004174,
            "gross_margin": 59.1,
            "gross_margin_4q_avg": 59.4,
            "net_income": 264265,
            "net_income_4q": null,
            "revenue": 5083522,
            "revenue_4q": null,
            "common_shares": 1800000,
            "book_valuer_per_share": 59.84,
            "book_valuer_per_share_4q_avg": 60.59,
            "equity": 10728559,
            "current_ratio": 147.15,
            "debt_ratio": 47.6,
            "inventory_turnover_ratio": 2.86,
            "account_receivable_turnover_ratio": 16.84,
            "reinvestment_rate": 4.39,
            "research_to_sale_ratio": 0.17,
            "price_fair": 253.93,
            "eps_avg_yearly": 7.26,
            "eps_latest_yearly": 5.96,
            "eps_growth_yearly": 29.51
        },
        "20214": {
            "year_quarter": 20214,
            "year": 2021,
            "quarter": 4,
            "eps": 0.99,
            "eps_growth_year": -48.82,
            "eps_4q": 6.07,
            "eps_4q_growth_year": 7.68,
            "roe": 1.42,
            "roe_4q": 9.8,
            "gross_profit": 2950656,
            "gross_margin": 58.72,
            "gross_margin_4q_avg": 59.17,
            "net_income": 153676,
            "net_income_4q": null,
            "revenue": 5025023,
            "revenue_4q": null,
            "common_shares": 1800000,
            "book_valuer_per_share": 61.06,
            "book_valuer_per_share_4q_avg": 60.97,
            "equity": 10923987,
            "current_ratio": 134.19,
            "debt_ratio": 47.54,
            "inventory_turnover_ratio": 2.73,
            "account_receivable_turnover_ratio": 15.45,
            "reinvestment_rate": -6.08,
            "research_to_sale_ratio": 0.19,
            "price_fair": 212.99,
            "eps_avg_yearly": 6.62,
            "eps_latest_yearly": 3.96,
            "eps_growth_yearly": 22.2
        },
        "20221": {
            "year_quarter": 20221,
            "year": 2022,
            "quarter": 1,
            "eps": 1.33,
            "eps_growth_year": -5,
            "eps_4q": 6,
            "eps_4q_growth_year": -10.03,
            "roe": 2.14,
            "roe_4q": 9.610000000000001,
            "gross_profit": 2866457,
            "gross_margin": 59.08,
            "gross_margin_4q_avg": 59.23,
            "net_income": 239271,
            "net_income_4q": null,
            "revenue": 4851673,
            "revenue_4q": null,
            "common_shares": 1800000,
            "book_valuer_per_share": 64.01,
            "book_valuer_per_share_4q_avg": 61.81,
            "equity": 11429038,
            "current_ratio": 140.47,
            "debt_ratio": 45.62,
            "inventory_turnover_ratio": 2.45,
            "account_receivable_turnover_ratio": 18.79,
            "reinvestment_rate": -15.42,
            "research_to_sale_ratio": 0.32,
            "price_fair": 216.3,
            "eps_avg_yearly": 6.18,
            "eps_latest_yearly": 5.32,
            "eps_growth_yearly": 34.16
        },
        "20222": {
            "year_quarter": 20222,
            "year": 2022,
            "quarter": 2,
            "eps": -0.27,
            "eps_growth_year": -112.27,
            "eps_4q": 3.53,
            "eps_4q_growth_year": -54.27,
            "roe": -0.32,
            "roe_4q": 5.65,
            "gross_profit": 2513183,
            "gross_margin": 57.39,
            "gross_margin_4q_avg": 58.57,
            "net_income": -34615,
            "net_income_4q": null,
            "revenue": 4378843,
            "revenue_4q": null,
            "common_shares": 1800000,
            "book_valuer_per_share": 58.76,
            "book_valuer_per_share_4q_avg": 60.92,
            "equity": 10503950,
            "current_ratio": 117.44,
            "debt_ratio": 50.51,
            "inventory_turnover_ratio": 2.04,
            "account_receivable_turnover_ratio": 20.7,
            "reinvestment_rate": -36.7,
            "research_to_sale_ratio": 0.37,
            "price_fair": 203.84,
            "eps_avg_yearly": 5.82,
            "eps_latest_yearly": 5.32,
            "eps_growth_yearly": 38.09
        },
        "20223": {
            "year_quarter": 20223,
            "year": 2022,
            "quarter": 3,
            "eps": 0.92,
            "eps_growth_year": -38.26,
            "eps_4q": 2.96,
            "eps_4q_growth_year": -57.81,
            "roe": 1.51,
            "roe_4q": 4.75,
            "gross_profit": 2935110,
            "gross_margin": 57.05,
            "gross_margin_4q_avg": 58.06,
            "net_income": 160980,
            "net_income_4q": null,
            "revenue": 5145053,
            "revenue_4q": null,
            "common_shares": 1800000,
            "book_valuer_per_share": 60.75,
            "book_valuer_per_share_4q_avg": 61.15,
            "equity": 10856973,
            "current_ratio": 120.69,
            "debt_ratio": 47.54,
            "inventory_turnover_ratio": 2.22,
            "account_receivable_turnover_ratio": 22.59,
            "reinvestment_rate": -21.81,
            "research_to_sale_ratio": 0.36,
            "price_fair": 198.5,
            "eps_avg_yearly": 5.67,
            "eps_latest_yearly": 5.32,
            "eps_growth_yearly": 49.64
        },
        "20224": {
            "year_quarter": 20224,
            "year": 2022,
            "quarter": 4,
            "eps": 0.71,
            "eps_growth_year": -28,
            "eps_4q": 2.68,
            "eps_4q_growth_year": -55.81,
            "roe": 0.96,
            "roe_4q": 4.29,
            "gross_profit": 2933724,
            "gross_margin": 57.1,
            "gross_margin_4q_avg": 57.66,
            "net_income": 103769,
            "net_income_4q": null,
            "revenue": 5138267,
            "revenue_4q": null,
            "common_shares": 1800000,
            "book_valuer_per_share": 60.55,
            "book_valuer_per_share_4q_avg": 61.02,
            "equity": 10794725,
            "current_ratio": 119.86,
            "debt_ratio": 47.33,
            "inventory_turnover_ratio": 2.26,
            "account_receivable_turnover_ratio": 19.09,
            "reinvestment_rate": -14.77,
            "research_to_sale_ratio": 0.37,
            "price_fair": 189.4,
            "eps_avg_yearly": 5.41,
            "eps_latest_yearly": 2.84,
            "eps_growth_yearly": 48.43
        },
        "20231": {
            "year_quarter": 20231,
            "year": 2023,
            "quarter": 1,
            "eps": 1.38,
            "eps_growth_year": 3.76,
            "eps_4q": 2.73,
            "eps_4q_growth_year": -54.5,
            "roe": 2.18,
            "roe_4q": 4.33,
            "gross_profit": 3054055,
            "gross_margin": 58.75,
            "gross_margin_4q_avg": 57.57,
            "net_income": 237771,
            "net_income_4q": null,
            "revenue": 5198088,
            "revenue_4q": null,
            "common_shares": 1800000,
            "book_valuer_per_share": 61.99,
            "book_valuer_per_share_4q_avg": 60.51,
            "equity": 11048090,
            "current_ratio": 123.56,
            "debt_ratio": 46.22,
            "inventory_turnover_ratio": 2.4,
            "account_receivable_turnover_ratio": 20.94,
            "reinvestment_rate": -15,
            "research_to_sale_ratio": 0.39,
            "price_fair": 185.6,
            "eps_avg_yearly": 5.3,
            "eps_latest_yearly": 5.52,
            "eps_growth_yearly": 72.93
        },
        "20232": {
            "year_quarter": 20232,
            "year": 2023,
            "quarter": 2,
            "eps": 1.47,
            "eps_growth_year": null,
            "eps_4q": 4.48,
            "eps_4q_growth_year": 26.84,
            "roe": 2.39,
            "roe_4q": 7.04,
            "gross_profit": 3010133,
            "gross_margin": 59.5,
            "gross_margin_4q_avg": 58.1,
            "net_income": 259738,
            "net_income_4q": null,
            "revenue": 5058904,
            "revenue_4q": null,
            "common_shares": 1800000,
            "book_valuer_per_share": 59.74,
            "book_valuer_per_share_4q_avg": 60.76,
            "equity": 10695479,
            "current_ratio": 117.44,
            "debt_ratio": 46.78,
            "inventory_turnover_ratio": 2.35,
            "account_receivable_turnover_ratio": 22.28,
            "reinvestment_rate": -11.94,
            "research_to_sale_ratio": 0.34,
            "price_fair": 188.3,
            "eps_avg_yearly": 5.38,
            "eps_latest_yearly": 5.88,
            "eps_growth_yearly": 83.88
        },
        "20233": {
            "year_quarter": 20233,
            "year": 2023,
            "quarter": 3,
            "eps": 1.27,
            "eps_growth_year": 38.04,
            "eps_4q": 4.83,
            "eps_4q_growth_year": 63.16,
            "roe": 2.12,
            "roe_4q": 7.6499999999999995,
            "gross_profit": 3045409,
            "gross_margin": 59.17,
            "gross_margin_4q_avg": 58.63,
            "net_income": 231550,
            "net_income_4q": null,
            "revenue": 5146823,
            "revenue_4q": null,
            "common_shares": 1800000,
            "book_valuer_per_share": 62.25,
            "book_valuer_per_share_4q_avg": 61.13,
            "equity": 11151446,
            "current_ratio": 121.43,
            "debt_ratio": 44.67,
            "inventory_turnover_ratio": 2.22,
            "account_receivable_turnover_ratio": 16.47,
            "reinvestment_rate": 3.17,
            "research_to_sale_ratio": 0.38,
            "price_fair": 187.8,
            "eps_avg_yearly": 5.37,
            "eps_latest_yearly": 5.08,
            "eps_growth_yearly": 77.14
        }
    },
    "months": {
        "2010-11": {
            "month": "2010-11",
            "price": "345.50",
            "revenue": 825070
        },
        "2010-12": {
            "month": "2010-12",
            "price": "339.74",
            "revenue": 826095
        },
        "2011-01": {
            "month": "2011-01",
            "price": "294.42",
            "revenue": 859878
        },
        "2011-02": {
            "month": "2011-02",
            "price": "271.68",
            "revenue": 711178
        },
        "2011-03": {
            "month": "2011-03",
            "price": "246.52",
            "revenue": 856593
        },
        "2011-04": {
            "month": "2011-04",
            "price": "274.89",
            "revenue": 817167
        },
        "2011-05": {
            "month": "2011-05",
            "price": "274.50",
            "revenue": 812648
        },
        "2011-06": {
            "month": "2011-06",
            "price": "253.36",
            "revenue": 773623
        },
        "2011-07": {
            "month": "2011-07",
            "price": "246.07",
            "revenue": 825082
        },
        "2011-08": {
            "month": "2011-08",
            "price": "210.78",
            "revenue": 933398
        },
        "2011-09": {
            "month": "2011-09",
            "price": "204.02",
            "revenue": 1158012
        },
        "2011-10": {
            "month": "2011-10",
            "price": "209.92",
            "revenue": 1011645
        },
        "2011-11": {
            "month": "2011-11",
            "price": "208.36",
            "revenue": 1028213
        },
        "2011-12": {
            "month": "2011-12",
            "price": "193.14",
            "revenue": 1126976
        },
        "2012-01": {
            "month": "2012-01",
            "price": "199.60",
            "revenue": 1122045
        },
        "2012-02": {
            "month": "2012-02",
            "price": "227.12",
            "revenue": 1015727
        },
        "2012-03": {
            "month": "2012-03",
            "price": "246.65",
            "revenue": 1155763
        },
        "2012-04": {
            "month": "2012-04",
            "price": "235.20",
            "revenue": 1050628
        },
        "2012-05": {
            "month": "2012-05",
            "price": "221.59",
            "revenue": 1118707
        },
        "2012-06": {
            "month": "2012-06",
            "price": "209.60",
            "revenue": 1011973
        },
        "2012-07": {
            "month": "2012-07",
            "price": "226.84",
            "revenue": 1029161
        },
        "2012-08": {
            "month": "2012-08",
            "price": "226.93",
            "revenue": 1146097
        },
        "2012-09": {
            "month": "2012-09",
            "price": "223.68",
            "revenue": 1349479
        },
        "2012-10": {
            "month": "2012-10",
            "price": "216.52",
            "revenue": 1126412
        },
        "2012-11": {
            "month": "2012-11",
            "price": "193.95",
            "revenue": 1173943
        },
        "2012-12": {
            "month": "2012-12",
            "price": "190.26",
            "revenue": 1255129
        },
        "2013-01": {
            "month": "2013-01",
            "price": "200.98",
            "revenue": 1210190
        },
        "2013-02": {
            "month": "2013-02",
            "price": "200.04",
            "revenue": 1119111
        },
        "2013-03": {
            "month": "2013-03",
            "price": "185.74",
            "revenue": 1259056
        },
        "2013-04": {
            "month": "2013-04",
            "price": "157.38",
            "revenue": 1239929
        },
        "2013-05": {
            "month": "2013-05",
            "price": "175.66",
            "revenue": 1232034
        },
        "2013-06": {
            "month": "2013-06",
            "price": "176.00",
            "revenue": 1134930
        },
        "2013-07": {
            "month": "2013-07",
            "price": "172.63",
            "revenue": 1177922
        },
        "2013-08": {
            "month": "2013-08",
            "price": "180.00",
            "revenue": 1320927
        },
        "2013-09": {
            "month": "2013-09",
            "price": "215.75",
            "revenue": 1533653
        },
        "2013-10": {
            "month": "2013-10",
            "price": "208.23",
            "revenue": 1284238
        },
        "2013-11": {
            "month": "2013-11",
            "price": "202.00",
            "revenue": 1301798
        },
        "2013-12": {
            "month": "2013-12",
            "price": "202.61",
            "revenue": 1390387
        },
        "2014-01": {
            "month": "2014-01",
            "price": "193.00",
            "revenue": 1435139
        },
        "2014-02": {
            "month": "2014-02",
            "price": "210.82",
            "revenue": 1294144
        },
        "2014-03": {
            "month": "2014-03",
            "price": "237.76",
            "revenue": 1488044
        },
        "2014-04": {
            "month": "2014-04",
            "price": "238.57",
            "revenue": 1376945
        },
        "2014-05": {
            "month": "2014-05",
            "price": "238.79",
            "revenue": 1406664
        },
        "2014-06": {
            "month": "2014-06",
            "price": "234.08",
            "revenue": 1330698
        },
        "2014-07": {
            "month": "2014-07",
            "price": "231.39",
            "revenue": 1469510
        },
        "2014-08": {
            "month": "2014-08",
            "price": "242.71",
            "revenue": 1750466
        },
        "2014-09": {
            "month": "2014-09",
            "price": "245.10",
            "revenue": 1521046
        },
        "2014-10": {
            "month": "2014-10",
            "price": "219.30",
            "revenue": 1509567
        },
        "2014-11": {
            "month": "2014-11",
            "price": "170.32",
            "revenue": 1552860
        },
        "2014-12": {
            "month": "2014-12",
            "price": "168.23",
            "revenue": 1785852
        },
        "2015-01": {
            "month": "2015-01",
            "price": "168.22",
            "revenue": 1606700
        },
        "2015-02": {
            "month": "2015-02",
            "price": "168.23",
            "revenue": 1513053
        },
        "2015-03": {
            "month": "2015-03",
            "price": "149.98",
            "revenue": 1656129
        },
        "2015-04": {
            "month": "2015-04",
            "price": "134.22",
            "revenue": 1588269
        },
        "2015-05": {
            "month": "2015-05",
            "price": "157.08",
            "revenue": 1628026
        },
        "2015-06": {
            "month": "2015-06",
            "price": "149.64",
            "revenue": 1528728
        },
        "2015-07": {
            "month": "2015-07",
            "price": "147.73",
            "revenue": 1670438
        },
        "2015-08": {
            "month": "2015-08",
            "price": "158.21",
            "revenue": 1866983
        },
        "2015-09": {
            "month": "2015-09",
            "price": "178.05",
            "revenue": 1950862
        },
        "2015-10": {
            "month": "2015-10",
            "price": "199.21",
            "revenue": 1723102
        },
        "2015-11": {
            "month": "2015-11",
            "price": "214.81",
            "revenue": 1782824
        },
        "2015-12": {
            "month": "2015-12",
            "price": "227.89",
            "revenue": 1946412
        },
        "2016-01": {
            "month": "2016-01",
            "price": "219.74",
            "revenue": 1846385
        },
        "2016-02": {
            "month": "2016-02",
            "price": "209.85",
            "revenue": 1744263
        },
        "2016-03": {
            "month": "2016-03",
            "price": "235.70",
            "revenue": 1878546
        },
        "2016-04": {
            "month": "2016-04",
            "price": "263.82",
            "revenue": 1851844
        },
        "2016-05": {
            "month": "2016-05",
            "price": "285.95",
            "revenue": 1844655
        },
        "2016-06": {
            "month": "2016-06",
            "price": "284.24",
            "revenue": 1730664
        },
        "2016-07": {
            "month": "2016-07",
            "price": "305.05",
            "revenue": 1770747
        },
        "2016-08": {
            "month": "2016-08",
            "price": "323.93",
            "revenue": 1931852
        },
        "2016-09": {
            "month": "2016-09",
            "price": "310.13",
            "revenue": 1931850
        },
        "2016-10": {
            "month": "2016-10",
            "price": "292.00",
            "revenue": 1786395
        },
        "2016-11": {
            "month": "2016-11",
            "price": "275.68",
            "revenue": 1769982
        },
        "2016-12": {
            "month": "2016-12",
            "price": "257.05",
            "revenue": 1961729
        },
        "2017-01": {
            "month": "2017-01",
            "price": "250.00",
            "revenue": 1873229
        },
        "2017-02": {
            "month": "2017-02",
            "price": "293.28",
            "revenue": 1638906
        },
        "2017-03": {
            "month": "2017-03",
            "price": "302.00",
            "revenue": 1841703
        },
        "2017-04": {
            "month": "2017-04",
            "price": "288.81",
            "revenue": 1758378
        },
        "2017-05": {
            "month": "2017-05",
            "price": "319.28",
            "revenue": 1842870
        },
        "2017-06": {
            "month": "2017-06",
            "price": "341.93",
            "revenue": 1737509
        },
        "2017-07": {
            "month": "2017-07",
            "price": "339.55",
            "revenue": 1883839
        },
        "2017-08": {
            "month": "2017-08",
            "price": "355.91",
            "revenue": 2075232
        },
        "2017-09": {
            "month": "2017-09",
            "price": "340.80",
            "revenue": 2231129
        },
        "2017-10": {
            "month": "2017-10",
            "price": "344.13",
            "revenue": 2025092
        },
        "2017-11": {
            "month": "2017-11",
            "price": "364.70",
            "revenue": 1972563
        },
        "2017-12": {
            "month": "2017-12",
            "price": "410.64",
            "revenue": 2143118
        },
        "2018-01": {
            "month": "2018-01",
            "price": "406.11",
            "revenue": 2019243
        },
        "2018-02": {
            "month": "2018-02",
            "price": "412.08",
            "revenue": 2006290
        },
        "2018-03": {
            "month": "2018-03",
            "price": "384.61",
            "revenue": 2115654
        },
        "2018-04": {
            "month": "2018-04",
            "price": "366.36",
            "revenue": 2013213
        },
        "2018-05": {
            "month": "2018-05",
            "price": "329.61",
            "revenue": 2122339
        },
        "2018-06": {
            "month": "2018-06",
            "price": "319.65",
            "revenue": 2004353
        },
        "2018-07": {
            "month": "2018-07",
            "price": "279.39",
            "revenue": 2028864
        },
        "2018-08": {
            "month": "2018-08",
            "price": "255.48",
            "revenue": 2010299
        },
        "2018-09": {
            "month": "2018-09",
            "price": "236.03",
            "revenue": 1944955
        },
        "2018-10": {
            "month": "2018-10",
            "price": "233.05",
            "revenue": 1963527
        },
        "2018-11": {
            "month": "2018-11",
            "price": "215.75",
            "revenue": 1862967
        },
        "2018-12": {
            "month": "2018-12",
            "price": "219.71",
            "revenue": 2036986
        },
        "2019-01": {
            "month": "2019-01",
            "price": "208.29",
            "revenue": 1965247
        },
        "2019-02": {
            "month": "2019-02",
            "price": "231.85",
            "revenue": 1765759
        },
        "2019-03": {
            "month": "2019-03",
            "price": "208.75",
            "revenue": 1981683
        },
        "2019-04": {
            "month": "2019-04",
            "price": "203.32",
            "revenue": 1912529
        },
        "2019-05": {
            "month": "2019-05",
            "price": "186.82",
            "revenue": 2000920
        },
        "2019-06": {
            "month": "2019-06",
            "price": "171.03",
            "revenue": 1901095
        },
        "2019-07": {
            "month": "2019-07",
            "price": "177.24",
            "revenue": 1939520
        },
        "2019-08": {
            "month": "2019-08",
            "price": "161.07",
            "revenue": 1987999
        },
        "2019-09": {
            "month": "2019-09",
            "price": "146.34",
            "revenue": 1964974
        },
        "2019-10": {
            "month": "2019-10",
            "price": "143.02",
            "revenue": 1921033
        },
        "2019-11": {
            "month": "2019-11",
            "price": "131.64",
            "revenue": 1852815
        },
        "2019-12": {
            "month": "2019-12",
            "price": "123.11",
            "revenue": 1971584
        },
        "2020-01": {
            "month": "2020-01",
            "price": "125.00",
            "revenue": 1839925
        },
        "2020-02": {
            "month": "2020-02",
            "price": "98.55",
            "revenue": 1376667
        },
        "2020-03": {
            "month": "2020-03",
            "price": "78.37",
            "revenue": 1486683
        },
        "2020-04": {
            "month": "2020-04",
            "price": "84.52",
            "revenue": 1411906
        },
        "2020-05": {
            "month": "2020-05",
            "price": "101.24",
            "revenue": 1494534
        },
        "2020-06": {
            "month": "2020-06",
            "price": "109.84",
            "revenue": 1515482
        },
        "2020-07": {
            "month": "2020-07",
            "price": "94.16",
            "revenue": 1648692
        },
        "2020-08": {
            "month": "2020-08",
            "price": "103.13",
            "revenue": 1816466
        },
        "2020-09": {
            "month": "2020-09",
            "price": "104.90",
            "revenue": 1850850
        },
        "2020-10": {
            "month": "2020-10",
            "price": "102.60",
            "revenue": 1746736
        },
        "2020-11": {
            "month": "2020-11",
            "price": "128.60",
            "revenue": 1737119
        },
        "2020-12": {
            "month": "2020-12",
            "price": "149.00",
            "revenue": 1723438
        },
        "2021-01": {
            "month": "2021-01",
            "price": "140.30",
            "revenue": 1634278
        },
        "2021-02": {
            "month": "2021-02",
            "price": "139.77",
            "revenue": 1545411
        },
        "2021-03": {
            "month": "2021-03",
            "price": "162.25",
            "revenue": 1693560
        },
        "2021-04": {
            "month": "2021-04",
            "price": "179.71",
            "revenue": 1619180
        },
        "2021-05": {
            "month": "2021-05",
            "price": "157.02",
            "revenue": 1662192
        },
        "2021-06": {
            "month": "2021-06",
            "price": "175.05",
            "revenue": 1595193
        },
        "2021-07": {
            "month": "2021-07",
            "price": "162.66",
            "revenue": 1660979
        },
        "2021-08": {
            "month": "2021-08",
            "price": "135.43",
            "revenue": 1705554
        },
        "2021-09": {
            "month": "2021-09",
            "price": "140.90",
            "revenue": 1717413
        },
        "2021-10": {
            "month": "2021-10",
            "price": "138.32",
            "revenue": 1677278
        },
        "2021-11": {
            "month": "2021-11",
            "price": "126.16",
            "revenue": 1600741
        },
        "2021-12": {
            "month": "2021-12",
            "price": "114.80",
            "revenue": 1747348
        },
        "2022-01": {
            "month": "2022-01",
            "price": "107.42",
            "revenue": 1676313
        },
        "2022-02": {
            "month": "2022-02",
            "price": "112.17",
            "revenue": 1559556
        },
        "2022-03": {
            "month": "2022-03",
            "price": "97.24",
            "revenue": 1617049
        },
        "2022-04": {
            "month": "2022-04",
            "price": "91.88",
            "revenue": 1277047
        },
        "2022-05": {
            "month": "2022-05",
            "price": "91.33",
            "revenue": 1543018
        },
        "2022-06": {
            "month": "2022-06",
            "price": "104.56",
            "revenue": 1555213
        },
        "2022-07": {
            "month": "2022-07",
            "price": "107.62",
            "revenue": 1636887
        },
        "2022-08": {
            "month": "2022-08",
            "price": "99.11",
            "revenue": 1733154
        },
        "2022-09": {
            "month": "2022-09",
            "price": "105.78",
            "revenue": 1756918
        },
        "2022-10": {
            "month": "2022-10",
            "price": "101.81",
            "revenue": 1732985
        },
        "2022-11": {
            "month": "2022-11",
            "price": "108.79",
            "revenue": 1634157
        },
        "2022-12": {
            "month": "2022-12",
            "price": "140.32",
            "revenue": 1774550
        },
        "2023-01": {
            "month": "2023-01",
            "price": "144.46",
            "revenue": 1782504
        },
        "2023-02": {
            "month": "2023-02",
            "price": "156.58",
            "revenue": 1629377
        },
        "2023-03": {
            "month": "2023-03",
            "price": "149.41",
            "revenue": 1787747
        },
        "2023-04": {
            "month": "2023-04",
            "price": "149.62",
            "revenue": 1707089
        },
        "2023-05": {
            "month": "2023-05",
            "price": "157.45",
            "revenue": 1750135
        },
        "2023-06": {
            "month": "2023-06",
            "price": "150.12",
            "revenue": 1608947
        },
        "2023-07": {
            "month": "2023-07",
            "price": "128.79",
            "revenue": 1642884
        },
        "2023-08": {
            "month": "2023-08",
            "price": "114.07",
            "revenue": 1724115
        },
        "2023-09": {
            "month": "2023-09",
            "price": "110.80",
            "revenue": 1758128
        },
        "2023-10": {
            "month": "2023-10",
            "price": "100.93",
            "revenue": 1633086
        },
        "2023-11": {
            "month": "2023-11",
            "price": "101.78",
            "revenue": 1697825
        }
    }
}
