{
    "summary": {
        "stock_name": "藝舍-KY",
        "stock_id": "2724",
        "category": "觀光餐旅",
        "main_business": "飯店業",
        "website_url": "http://www.fxhotelsgroup.com",
        "ceo": "侯嘉禎",
        "pe_ratio": -137,
        "report_year_from": 2008,
        "report_year_to": 2023,
        "age": 16,
        "eps_negative_percentage": 62,
        "eps_growth_avg": {
            "last_all": -14.99,
            "last_2y": null,
            "last_4y": null,
            "last_8y": -100,
            "last_12y": null,
            "last_16y": null,
            "last_20y": null,
            "at_2006_last_3y": null,
            "at_2007_last_3y": null,
            "at_2008_last_3y": null,
            "at_2009_last_3y": null,
            "at_2010_last_3y": null,
            "at_2011_last_3y": null,
            "at_2012_last_3y": null,
            "at_2013_last_3y": null,
            "at_2014_last_3y": null,
            "at_2015_last_3y": -14.99,
            "at_2016_last_3y": -43.79,
            "at_2017_last_3y": -49.68,
            "at_2018_last_3y": -100,
            "at_2019_last_3y": null,
            "at_2020_last_3y": null,
            "at_2021_last_3y": null,
            "at_2022_last_3y": null,
            "at_2023_last_3y": null,
            "at_2024_last_3y": null,
            "at_2006_last_all": null,
            "at_2007_last_all": null,
            "at_2008_last_all": null,
            "at_2009_last_all": null,
            "at_2010_last_all": null,
            "at_2011_last_all": null,
            "at_2012_last_all": null,
            "at_2013_last_all": 19.71,
            "at_2014_last_all": 13.35,
            "at_2015_last_all": -14.99,
            "at_2016_last_all": -14.99,
            "at_2017_last_all": -14.99,
            "at_2018_last_all": -14.99,
            "at_2019_last_all": -14.99,
            "at_2020_last_all": -14.99,
            "at_2021_last_all": -14.99,
            "at_2022_last_all": -14.99,
            "at_2023_last_all": -14.99,
            "at_2024_last_all": -14.99
        },
        "latest_eps": -0.11,
        "latest_price": 15.1,
        "latest_roe": -2.63,
        "latest_gross_margin": 59.58,
        "latest_equity": 238195,
        "latest_revenue": 6474,
        "latest_gross_profit": 3857,
        "latest_net_income": 6308,
        "latest_debt_ratio": 63.71,
        "latest_current_ratio": 217.37,
        "latest_account_receivable_turnover_ratio": 7.2,
        "latest_inventory_turnover_ratio": 1308.5,
        "latest_reinvestment_rate": null,
        "latest_research_to_sale_ratio": null
    },
    "eps_dividends": {
        "2001": {
            "cash": 0,
            "stock": 0,
            "eps": 0
        },
        "2002": {
            "cash": 0,
            "stock": 0,
            "eps": 0
        },
        "2003": {
            "cash": 0,
            "stock": 0,
            "eps": 0
        },
        "2004": {
            "cash": 0,
            "stock": 0,
            "eps": 0
        },
        "2005": {
            "cash": 0,
            "stock": 0,
            "eps": 0
        },
        "2006": {
            "cash": 0,
            "stock": 0,
            "eps": 0
        },
        "2007": {
            "cash": 0,
            "stock": 0,
            "eps": 0
        },
        "2008": {
            "cash": 0,
            "stock": 0,
            "eps": 0
        },
        "2009": {
            "cash": 0,
            "stock": 0,
            "eps": 0
        },
        "2010": {
            "cash": 0,
            "stock": 0.3,
            "eps": 0
        },
        "2011": {
            "cash": 0,
            "stock": 0.5,
            "eps": 1.33
        },
        "2012": {
            "cash": 0,
            "stock": 0.73,
            "eps": 2.28
        },
        "2013": {
            "cash": 0.5,
            "stock": 0.5,
            "eps": 1.55
        },
        "2014": {
            "cash": 0,
            "stock": 0.5,
            "eps": 1.56
        },
        "2015": {
            "cash": 0,
            "stock": 0,
            "eps": -3.9
        },
        "2016": {
            "cash": 0,
            "stock": 0,
            "eps": -15.75
        },
        "2017": {
            "cash": 0,
            "stock": 0,
            "eps": -2.98
        },
        "2018": {
            "cash": 0,
            "stock": 0,
            "eps": -0.07
        },
        "2019": {
            "cash": 0,
            "stock": 0,
            "eps": -0.42
        },
        "2020": {
            "cash": 0,
            "stock": 0,
            "eps": -2.22
        },
        "2021": {
            "cash": 0,
            "stock": 0,
            "eps": -0.65
        },
        "2022": {
            "cash": 0,
            "stock": 0,
            "eps": -0.6
        },
        "2023": {
            "cash": 0,
            "stock": 0,
            "eps": 0.01
        }
    },
    "dividends": {
        "2010-04-29": {
            "cash": 0,
            "stock": 0.3
        },
        "2011-03-29": {
            "cash": 0,
            "stock": 0.5
        },
        "2012-04-08": {
            "cash": 0,
            "stock": 0.73
        },
        "2013-06-24": {
            "cash": 0.5,
            "stock": 0.5
        },
        "2014-06-27": {
            "cash": 0,
            "stock": 0.5
        }
    },
    "prices": {
        "200101": "無",
        "200102": "無",
        "200103": "無",
        "200104": "無",
        "200105": "無",
        "200106": "無",
        "200107": "無",
        "200108": "無",
        "200109": "無",
        "200110": "無",
        "200111": "無",
        "200112": "無",
        "200201": "無",
        "200202": "無",
        "200203": "無",
        "200204": "無",
        "200205": "無",
        "200206": "無",
        "200207": "無",
        "200208": "無",
        "200209": "無",
        "200210": "無",
        "200211": "無",
        "200212": "無",
        "200301": "無",
        "200302": "無",
        "200303": "無",
        "200304": "無",
        "200305": "無",
        "200306": "無",
        "200307": "無",
        "200308": "無",
        "200309": "無",
        "200310": "無",
        "200311": "無",
        "200312": "無",
        "200401": "無",
        "200402": "無",
        "200403": "無",
        "200404": "無",
        "200405": "無",
        "200406": "無",
        "200407": "無",
        "200408": "無",
        "200409": "無",
        "200410": "無",
        "200411": "無",
        "200412": "無",
        "200501": "無",
        "200502": "無",
        "200503": "無",
        "200504": "無",
        "200505": "無",
        "200506": "無",
        "200507": "無",
        "200508": "無",
        "200509": "無",
        "200510": "無",
        "200511": "無",
        "200512": "無",
        "200601": "無",
        "200602": "無",
        "200603": "無",
        "200604": "無",
        "200605": "無",
        "200606": "無",
        "200607": "無",
        "200608": "無",
        "200609": "無",
        "200610": "無",
        "200611": "無",
        "200612": "無",
        "200701": "無",
        "200702": "無",
        "200703": "無",
        "200704": "無",
        "200705": "無",
        "200706": "無",
        "200707": "無",
        "200708": "無",
        "200709": "無",
        "200710": "無",
        "200711": "無",
        "200712": "無",
        "200801": "無",
        "200802": "無",
        "200803": "無",
        "200804": "無",
        "200805": "無",
        "200806": "無",
        "200807": "無",
        "200808": "無",
        "200809": "無",
        "200810": "無",
        "200811": "無",
        "200812": "無",
        "200901": "無",
        "200902": "無",
        "200903": "無",
        "200904": "無",
        "200905": "無",
        "200906": "無",
        "200907": "無",
        "200908": "無",
        "200909": "無",
        "200910": "無",
        "200911": "無",
        "200912": "無",
        "201001": "57.51",
        "201002": "57.08",
        "201003": "56.60",
        "201004": "65.24",
        "201005": "69.30",
        "201006": "66.75",
        "201007": "60.98",
        "201008": "61.20",
        "201009": "64.59",
        "201010": "77.13",
        "201011": "83.49",
        "201012": "85.61",
        "201101": "84.14",
        "201102": "74.55",
        "201103": "72.57",
        "201104": "71.50",
        "201105": "75.45",
        "201106": "83.29",
        "201107": "102.63",
        "201108": "112.72",
        "201109": "106.19",
        "201110": "107.62",
        "201111": "98.02",
        "201112": "90.39",
        "201201": "89.34",
        "201202": "85.56",
        "201203": "91.88",
        "201204": "90.32",
        "201205": "90.73",
        "201206": "80.18",
        "201207": "78.62",
        "201208": "74.02",
        "201209": "81.95",
        "201210": "67.51",
        "201211": "58.23",
        "201212": "51.39",
        "201301": "56.58",
        "201302": "60.96",
        "201303": "59.12",
        "201304": "50.54",
        "201305": "51.26",
        "201306": "60.79",
        "201307": "63.27",
        "201308": "51.67",
        "201309": "47.09",
        "201310": "43.63",
        "201311": "36.49",
        "201312": "36.39",
        "201401": "38.51",
        "201402": "36.55",
        "201403": "36.66",
        "201404": "37.29",
        "201405": "34.65",
        "201406": "34.52",
        "201407": "34.62",
        "201408": "35.10",
        "201409": "35.02",
        "201410": "32.36",
        "201411": "29.22",
        "201412": "28.78",
        "201501": "28.61",
        "201502": "29.43",
        "201503": "29.46",
        "201504": "28.15",
        "201505": "23.89",
        "201506": "20.49",
        "201507": "19.65",
        "201508": "16.40",
        "201509": "15.07",
        "201510": "16.98",
        "201511": "16.09",
        "201512": "14.24",
        "201601": "13.15",
        "201602": "12.89",
        "201603": "14.18",
        "201604": "13.18",
        "201605": "12.42",
        "201606": "11.92",
        "201607": "11.62",
        "201608": "10.45",
        "201609": "9.69",
        "201610": "9.15",
        "201611": "7.22",
        "201612": "6.70",
        "201701": "6.61",
        "201702": "6.86",
        "201703": "6.88",
        "201704": "5.07",
        "201705": "4.89",
        "201706": "4.86",
        "201707": "4.32",
        "201708": "無",
        "201709": "無",
        "201710": "無",
        "201711": "無",
        "201712": "無",
        "201801": "6.46",
        "201802": "5.75",
        "201803": "4.61",
        "201804": "4.33",
        "201805": "3.58",
        "201806": "2.78",
        "201807": "3.37",
        "201808": "3.25",
        "201809": "3.17",
        "201810": "3.17",
        "201811": "3.38",
        "201812": "2.96",
        "201901": "3.05",
        "201902": "3.21",
        "201903": "3.35",
        "201904": "2.98",
        "201905": "2.96",
        "201906": "3.02",
        "201907": "3.54",
        "201908": "3.09",
        "201909": "3.05",
        "201910": "3.00",
        "201911": "3.25",
        "201912": "2.98",
        "202001": "3.09",
        "202002": "2.76",
        "202003": "2.79",
        "202004": "2.19",
        "202005": "2.90",
        "202006": "3.55",
        "202007": "3.58",
        "202008": "3.11",
        "202009": "3.37",
        "202010": "3.49",
        "202011": "3.50",
        "202012": "3.37",
        "202101": "3.27",
        "202102": "3.68",
        "202103": "4.39",
        "202104": "5.76",
        "202105": "5.78",
        "202106": "5.90",
        "202107": "5.90",
        "202108": "5.46",
        "202109": "5.42",
        "202110": "6.84",
        "202111": "7.24",
        "202112": "8.46",
        "202201": "17.59",
        "202202": "13.73",
        "202203": "15.50",
        "202204": "15.00",
        "202205": "15.35",
        "202206": "15.28",
        "202207": "15.02",
        "202208": "14.96",
        "202209": "14.43",
        "202210": "14.22",
        "202211": "13.91",
        "202212": "13.58",
        "202301": "12.98",
        "202302": "13.71",
        "202303": "14.44",
        "202304": "13.68",
        "202305": "13.57",
        "202306": "13.26",
        "202307": "14.32",
        "202308": "14.08",
        "202309": "13.88",
        "202310": "13.50",
        "202311": "13.59",
        "202312": "13.53"
    },
    "quarters": {
        "20011": {
            "year_quarter": 20011,
            "year": 2001,
            "quarter": 1,
            "eps": null,
            "eps_growth_year": null,
            "eps_4q": null,
            "eps_4q_growth_year": null,
            "roe": null,
            "roe_4q": 0,
            "gross_profit": null,
            "gross_margin": null,
            "gross_margin_4q_avg": 0,
            "net_income": null,
            "net_income_4q": null,
            "revenue": null,
            "revenue_4q": null,
            "common_shares": null,
            "book_valuer_per_share": null,
            "book_valuer_per_share_4q_avg": 0,
            "equity": null,
            "current_ratio": null,
            "debt_ratio": null,
            "inventory_turnover_ratio": null,
            "account_receivable_turnover_ratio": null,
            "reinvestment_rate": null,
            "research_to_sale_ratio": null,
            "price_fair": 0,
            "eps_avg_yearly": 0,
            "eps_latest_yearly": 0,
            "eps_growth_yearly": 0
        },
        "20012": {
            "year_quarter": 20012,
            "year": 2001,
            "quarter": 2,
            "eps": null,
            "eps_growth_year": null,
            "eps_4q": null,
            "eps_4q_growth_year": null,
            "roe": null,
            "roe_4q": 0,
            "gross_profit": null,
            "gross_margin": null,
            "gross_margin_4q_avg": 0,
            "net_income": null,
            "net_income_4q": null,
            "revenue": null,
            "revenue_4q": null,
            "common_shares": null,
            "book_valuer_per_share": null,
            "book_valuer_per_share_4q_avg": 0,
            "equity": null,
            "current_ratio": null,
            "debt_ratio": null,
            "inventory_turnover_ratio": null,
            "account_receivable_turnover_ratio": null,
            "reinvestment_rate": null,
            "research_to_sale_ratio": null,
            "price_fair": 0,
            "eps_avg_yearly": 0,
            "eps_latest_yearly": 0,
            "eps_growth_yearly": 0
        },
        "20013": {
            "year_quarter": 20013,
            "year": 2001,
            "quarter": 3,
            "eps": null,
            "eps_growth_year": null,
            "eps_4q": null,
            "eps_4q_growth_year": null,
            "roe": null,
            "roe_4q": 0,
            "gross_profit": null,
            "gross_margin": null,
            "gross_margin_4q_avg": 0,
            "net_income": null,
            "net_income_4q": null,
            "revenue": null,
            "revenue_4q": null,
            "common_shares": null,
            "book_valuer_per_share": null,
            "book_valuer_per_share_4q_avg": 0,
            "equity": null,
            "current_ratio": null,
            "debt_ratio": null,
            "inventory_turnover_ratio": null,
            "account_receivable_turnover_ratio": null,
            "reinvestment_rate": null,
            "research_to_sale_ratio": null,
            "price_fair": 0,
            "eps_avg_yearly": 0,
            "eps_latest_yearly": 0,
            "eps_growth_yearly": 0
        },
        "20014": {
            "year_quarter": 20014,
            "year": 2001,
            "quarter": 4,
            "eps": null,
            "eps_growth_year": null,
            "eps_4q": null,
            "eps_4q_growth_year": null,
            "roe": null,
            "roe_4q": 0,
            "gross_profit": null,
            "gross_margin": null,
            "gross_margin_4q_avg": 0,
            "net_income": null,
            "net_income_4q": null,
            "revenue": null,
            "revenue_4q": null,
            "common_shares": null,
            "book_valuer_per_share": null,
            "book_valuer_per_share_4q_avg": 0,
            "equity": null,
            "current_ratio": null,
            "debt_ratio": null,
            "inventory_turnover_ratio": null,
            "account_receivable_turnover_ratio": null,
            "reinvestment_rate": null,
            "research_to_sale_ratio": null,
            "price_fair": 0,
            "eps_avg_yearly": 0,
            "eps_latest_yearly": 0,
            "eps_growth_yearly": 0
        },
        "20021": {
            "year_quarter": 20021,
            "year": 2002,
            "quarter": 1,
            "eps": null,
            "eps_growth_year": null,
            "eps_4q": null,
            "eps_4q_growth_year": null,
            "roe": null,
            "roe_4q": 0,
            "gross_profit": null,
            "gross_margin": null,
            "gross_margin_4q_avg": 0,
            "net_income": null,
            "net_income_4q": null,
            "revenue": null,
            "revenue_4q": null,
            "common_shares": null,
            "book_valuer_per_share": null,
            "book_valuer_per_share_4q_avg": 0,
            "equity": null,
            "current_ratio": null,
            "debt_ratio": null,
            "inventory_turnover_ratio": null,
            "account_receivable_turnover_ratio": null,
            "reinvestment_rate": null,
            "research_to_sale_ratio": null,
            "price_fair": 0,
            "eps_avg_yearly": 0,
            "eps_latest_yearly": 0,
            "eps_growth_yearly": 0
        },
        "20022": {
            "year_quarter": 20022,
            "year": 2002,
            "quarter": 2,
            "eps": null,
            "eps_growth_year": null,
            "eps_4q": null,
            "eps_4q_growth_year": null,
            "roe": null,
            "roe_4q": 0,
            "gross_profit": null,
            "gross_margin": null,
            "gross_margin_4q_avg": 0,
            "net_income": null,
            "net_income_4q": null,
            "revenue": null,
            "revenue_4q": null,
            "common_shares": null,
            "book_valuer_per_share": null,
            "book_valuer_per_share_4q_avg": 0,
            "equity": null,
            "current_ratio": null,
            "debt_ratio": null,
            "inventory_turnover_ratio": null,
            "account_receivable_turnover_ratio": null,
            "reinvestment_rate": null,
            "research_to_sale_ratio": null,
            "price_fair": 0,
            "eps_avg_yearly": 0,
            "eps_latest_yearly": 0,
            "eps_growth_yearly": 0
        },
        "20023": {
            "year_quarter": 20023,
            "year": 2002,
            "quarter": 3,
            "eps": null,
            "eps_growth_year": null,
            "eps_4q": null,
            "eps_4q_growth_year": null,
            "roe": null,
            "roe_4q": 0,
            "gross_profit": null,
            "gross_margin": null,
            "gross_margin_4q_avg": 0,
            "net_income": null,
            "net_income_4q": null,
            "revenue": null,
            "revenue_4q": null,
            "common_shares": null,
            "book_valuer_per_share": null,
            "book_valuer_per_share_4q_avg": 0,
            "equity": null,
            "current_ratio": null,
            "debt_ratio": null,
            "inventory_turnover_ratio": null,
            "account_receivable_turnover_ratio": null,
            "reinvestment_rate": null,
            "research_to_sale_ratio": null,
            "price_fair": 0,
            "eps_avg_yearly": 0,
            "eps_latest_yearly": 0,
            "eps_growth_yearly": 0
        },
        "20024": {
            "year_quarter": 20024,
            "year": 2002,
            "quarter": 4,
            "eps": null,
            "eps_growth_year": null,
            "eps_4q": null,
            "eps_4q_growth_year": null,
            "roe": null,
            "roe_4q": 0,
            "gross_profit": null,
            "gross_margin": null,
            "gross_margin_4q_avg": 0,
            "net_income": null,
            "net_income_4q": null,
            "revenue": null,
            "revenue_4q": null,
            "common_shares": null,
            "book_valuer_per_share": null,
            "book_valuer_per_share_4q_avg": 0,
            "equity": null,
            "current_ratio": null,
            "debt_ratio": null,
            "inventory_turnover_ratio": null,
            "account_receivable_turnover_ratio": null,
            "reinvestment_rate": null,
            "research_to_sale_ratio": null,
            "price_fair": 0,
            "eps_avg_yearly": 0,
            "eps_latest_yearly": 0,
            "eps_growth_yearly": 0
        },
        "20031": {
            "year_quarter": 20031,
            "year": 2003,
            "quarter": 1,
            "eps": null,
            "eps_growth_year": null,
            "eps_4q": null,
            "eps_4q_growth_year": null,
            "roe": null,
            "roe_4q": 0,
            "gross_profit": null,
            "gross_margin": null,
            "gross_margin_4q_avg": 0,
            "net_income": null,
            "net_income_4q": null,
            "revenue": null,
            "revenue_4q": null,
            "common_shares": null,
            "book_valuer_per_share": null,
            "book_valuer_per_share_4q_avg": 0,
            "equity": null,
            "current_ratio": null,
            "debt_ratio": null,
            "inventory_turnover_ratio": null,
            "account_receivable_turnover_ratio": null,
            "reinvestment_rate": null,
            "research_to_sale_ratio": null,
            "price_fair": 0,
            "eps_avg_yearly": 0,
            "eps_latest_yearly": 0,
            "eps_growth_yearly": 0
        },
        "20032": {
            "year_quarter": 20032,
            "year": 2003,
            "quarter": 2,
            "eps": null,
            "eps_growth_year": null,
            "eps_4q": null,
            "eps_4q_growth_year": null,
            "roe": null,
            "roe_4q": 0,
            "gross_profit": null,
            "gross_margin": null,
            "gross_margin_4q_avg": 0,
            "net_income": null,
            "net_income_4q": null,
            "revenue": null,
            "revenue_4q": null,
            "common_shares": null,
            "book_valuer_per_share": null,
            "book_valuer_per_share_4q_avg": 0,
            "equity": null,
            "current_ratio": null,
            "debt_ratio": null,
            "inventory_turnover_ratio": null,
            "account_receivable_turnover_ratio": null,
            "reinvestment_rate": null,
            "research_to_sale_ratio": null,
            "price_fair": 0,
            "eps_avg_yearly": 0,
            "eps_latest_yearly": 0,
            "eps_growth_yearly": 0
        },
        "20033": {
            "year_quarter": 20033,
            "year": 2003,
            "quarter": 3,
            "eps": null,
            "eps_growth_year": null,
            "eps_4q": null,
            "eps_4q_growth_year": null,
            "roe": null,
            "roe_4q": 0,
            "gross_profit": null,
            "gross_margin": null,
            "gross_margin_4q_avg": 0,
            "net_income": null,
            "net_income_4q": null,
            "revenue": null,
            "revenue_4q": null,
            "common_shares": null,
            "book_valuer_per_share": null,
            "book_valuer_per_share_4q_avg": 0,
            "equity": null,
            "current_ratio": null,
            "debt_ratio": null,
            "inventory_turnover_ratio": null,
            "account_receivable_turnover_ratio": null,
            "reinvestment_rate": null,
            "research_to_sale_ratio": null,
            "price_fair": 0,
            "eps_avg_yearly": 0,
            "eps_latest_yearly": 0,
            "eps_growth_yearly": 0
        },
        "20034": {
            "year_quarter": 20034,
            "year": 2003,
            "quarter": 4,
            "eps": null,
            "eps_growth_year": null,
            "eps_4q": null,
            "eps_4q_growth_year": null,
            "roe": null,
            "roe_4q": 0,
            "gross_profit": null,
            "gross_margin": null,
            "gross_margin_4q_avg": 0,
            "net_income": null,
            "net_income_4q": null,
            "revenue": null,
            "revenue_4q": null,
            "common_shares": null,
            "book_valuer_per_share": null,
            "book_valuer_per_share_4q_avg": 0,
            "equity": null,
            "current_ratio": null,
            "debt_ratio": null,
            "inventory_turnover_ratio": null,
            "account_receivable_turnover_ratio": null,
            "reinvestment_rate": null,
            "research_to_sale_ratio": null,
            "price_fair": 0,
            "eps_avg_yearly": 0,
            "eps_latest_yearly": 0,
            "eps_growth_yearly": 0
        },
        "20041": {
            "year_quarter": 20041,
            "year": 2004,
            "quarter": 1,
            "eps": null,
            "eps_growth_year": null,
            "eps_4q": null,
            "eps_4q_growth_year": null,
            "roe": null,
            "roe_4q": 0,
            "gross_profit": null,
            "gross_margin": null,
            "gross_margin_4q_avg": 0,
            "net_income": null,
            "net_income_4q": null,
            "revenue": null,
            "revenue_4q": null,
            "common_shares": null,
            "book_valuer_per_share": null,
            "book_valuer_per_share_4q_avg": 0,
            "equity": null,
            "current_ratio": null,
            "debt_ratio": null,
            "inventory_turnover_ratio": null,
            "account_receivable_turnover_ratio": null,
            "reinvestment_rate": null,
            "research_to_sale_ratio": null,
            "price_fair": 0,
            "eps_avg_yearly": 0,
            "eps_latest_yearly": 0,
            "eps_growth_yearly": 0
        },
        "20042": {
            "year_quarter": 20042,
            "year": 2004,
            "quarter": 2,
            "eps": null,
            "eps_growth_year": null,
            "eps_4q": null,
            "eps_4q_growth_year": null,
            "roe": null,
            "roe_4q": 0,
            "gross_profit": null,
            "gross_margin": null,
            "gross_margin_4q_avg": 0,
            "net_income": null,
            "net_income_4q": null,
            "revenue": null,
            "revenue_4q": null,
            "common_shares": null,
            "book_valuer_per_share": null,
            "book_valuer_per_share_4q_avg": 0,
            "equity": null,
            "current_ratio": null,
            "debt_ratio": null,
            "inventory_turnover_ratio": null,
            "account_receivable_turnover_ratio": null,
            "reinvestment_rate": null,
            "research_to_sale_ratio": null,
            "price_fair": 0,
            "eps_avg_yearly": 0,
            "eps_latest_yearly": 0,
            "eps_growth_yearly": 0
        },
        "20043": {
            "year_quarter": 20043,
            "year": 2004,
            "quarter": 3,
            "eps": null,
            "eps_growth_year": null,
            "eps_4q": null,
            "eps_4q_growth_year": null,
            "roe": null,
            "roe_4q": 0,
            "gross_profit": null,
            "gross_margin": null,
            "gross_margin_4q_avg": 0,
            "net_income": null,
            "net_income_4q": null,
            "revenue": null,
            "revenue_4q": null,
            "common_shares": null,
            "book_valuer_per_share": null,
            "book_valuer_per_share_4q_avg": 0,
            "equity": null,
            "current_ratio": null,
            "debt_ratio": null,
            "inventory_turnover_ratio": null,
            "account_receivable_turnover_ratio": null,
            "reinvestment_rate": null,
            "research_to_sale_ratio": null,
            "price_fair": 0,
            "eps_avg_yearly": 0,
            "eps_latest_yearly": 0,
            "eps_growth_yearly": 0
        },
        "20044": {
            "year_quarter": 20044,
            "year": 2004,
            "quarter": 4,
            "eps": null,
            "eps_growth_year": null,
            "eps_4q": null,
            "eps_4q_growth_year": null,
            "roe": null,
            "roe_4q": 0,
            "gross_profit": null,
            "gross_margin": null,
            "gross_margin_4q_avg": 0,
            "net_income": null,
            "net_income_4q": null,
            "revenue": null,
            "revenue_4q": null,
            "common_shares": null,
            "book_valuer_per_share": null,
            "book_valuer_per_share_4q_avg": 0,
            "equity": null,
            "current_ratio": null,
            "debt_ratio": null,
            "inventory_turnover_ratio": null,
            "account_receivable_turnover_ratio": null,
            "reinvestment_rate": null,
            "research_to_sale_ratio": null,
            "price_fair": 0,
            "eps_avg_yearly": 0,
            "eps_latest_yearly": 0,
            "eps_growth_yearly": 0
        },
        "20051": {
            "year_quarter": 20051,
            "year": 2005,
            "quarter": 1,
            "eps": null,
            "eps_growth_year": null,
            "eps_4q": null,
            "eps_4q_growth_year": null,
            "roe": null,
            "roe_4q": 0,
            "gross_profit": null,
            "gross_margin": null,
            "gross_margin_4q_avg": 0,
            "net_income": null,
            "net_income_4q": null,
            "revenue": null,
            "revenue_4q": null,
            "common_shares": null,
            "book_valuer_per_share": null,
            "book_valuer_per_share_4q_avg": 0,
            "equity": null,
            "current_ratio": null,
            "debt_ratio": null,
            "inventory_turnover_ratio": null,
            "account_receivable_turnover_ratio": null,
            "reinvestment_rate": null,
            "research_to_sale_ratio": null,
            "price_fair": 0,
            "eps_avg_yearly": 0,
            "eps_latest_yearly": 0,
            "eps_growth_yearly": 0
        },
        "20052": {
            "year_quarter": 20052,
            "year": 2005,
            "quarter": 2,
            "eps": null,
            "eps_growth_year": null,
            "eps_4q": null,
            "eps_4q_growth_year": null,
            "roe": null,
            "roe_4q": 0,
            "gross_profit": null,
            "gross_margin": null,
            "gross_margin_4q_avg": 0,
            "net_income": null,
            "net_income_4q": null,
            "revenue": null,
            "revenue_4q": null,
            "common_shares": null,
            "book_valuer_per_share": null,
            "book_valuer_per_share_4q_avg": 0,
            "equity": null,
            "current_ratio": null,
            "debt_ratio": null,
            "inventory_turnover_ratio": null,
            "account_receivable_turnover_ratio": null,
            "reinvestment_rate": null,
            "research_to_sale_ratio": null,
            "price_fair": 0,
            "eps_avg_yearly": 0,
            "eps_latest_yearly": 0,
            "eps_growth_yearly": 0
        },
        "20053": {
            "year_quarter": 20053,
            "year": 2005,
            "quarter": 3,
            "eps": null,
            "eps_growth_year": null,
            "eps_4q": null,
            "eps_4q_growth_year": null,
            "roe": null,
            "roe_4q": 0,
            "gross_profit": null,
            "gross_margin": null,
            "gross_margin_4q_avg": 0,
            "net_income": null,
            "net_income_4q": null,
            "revenue": null,
            "revenue_4q": null,
            "common_shares": null,
            "book_valuer_per_share": null,
            "book_valuer_per_share_4q_avg": 0,
            "equity": null,
            "current_ratio": null,
            "debt_ratio": null,
            "inventory_turnover_ratio": null,
            "account_receivable_turnover_ratio": null,
            "reinvestment_rate": null,
            "research_to_sale_ratio": null,
            "price_fair": 0,
            "eps_avg_yearly": 0,
            "eps_latest_yearly": 0,
            "eps_growth_yearly": 0
        },
        "20054": {
            "year_quarter": 20054,
            "year": 2005,
            "quarter": 4,
            "eps": null,
            "eps_growth_year": null,
            "eps_4q": null,
            "eps_4q_growth_year": null,
            "roe": null,
            "roe_4q": 0,
            "gross_profit": null,
            "gross_margin": null,
            "gross_margin_4q_avg": 0,
            "net_income": null,
            "net_income_4q": null,
            "revenue": null,
            "revenue_4q": null,
            "common_shares": null,
            "book_valuer_per_share": null,
            "book_valuer_per_share_4q_avg": 0,
            "equity": null,
            "current_ratio": null,
            "debt_ratio": null,
            "inventory_turnover_ratio": null,
            "account_receivable_turnover_ratio": null,
            "reinvestment_rate": null,
            "research_to_sale_ratio": null,
            "price_fair": 0,
            "eps_avg_yearly": 0,
            "eps_latest_yearly": 0,
            "eps_growth_yearly": 0
        },
        "20061": {
            "year_quarter": 20061,
            "year": 2006,
            "quarter": 1,
            "eps": null,
            "eps_growth_year": null,
            "eps_4q": null,
            "eps_4q_growth_year": null,
            "roe": null,
            "roe_4q": 0,
            "gross_profit": null,
            "gross_margin": null,
            "gross_margin_4q_avg": 0,
            "net_income": null,
            "net_income_4q": null,
            "revenue": null,
            "revenue_4q": null,
            "common_shares": null,
            "book_valuer_per_share": null,
            "book_valuer_per_share_4q_avg": 0,
            "equity": null,
            "current_ratio": null,
            "debt_ratio": null,
            "inventory_turnover_ratio": null,
            "account_receivable_turnover_ratio": null,
            "reinvestment_rate": null,
            "research_to_sale_ratio": null,
            "price_fair": 0,
            "eps_avg_yearly": 0,
            "eps_latest_yearly": 0,
            "eps_growth_yearly": 0
        },
        "20062": {
            "year_quarter": 20062,
            "year": 2006,
            "quarter": 2,
            "eps": null,
            "eps_growth_year": null,
            "eps_4q": null,
            "eps_4q_growth_year": null,
            "roe": null,
            "roe_4q": 0,
            "gross_profit": null,
            "gross_margin": null,
            "gross_margin_4q_avg": 0,
            "net_income": null,
            "net_income_4q": null,
            "revenue": null,
            "revenue_4q": null,
            "common_shares": null,
            "book_valuer_per_share": null,
            "book_valuer_per_share_4q_avg": 0,
            "equity": null,
            "current_ratio": null,
            "debt_ratio": null,
            "inventory_turnover_ratio": null,
            "account_receivable_turnover_ratio": null,
            "reinvestment_rate": null,
            "research_to_sale_ratio": null,
            "price_fair": 0,
            "eps_avg_yearly": 0,
            "eps_latest_yearly": 0,
            "eps_growth_yearly": 0
        },
        "20063": {
            "year_quarter": 20063,
            "year": 2006,
            "quarter": 3,
            "eps": null,
            "eps_growth_year": null,
            "eps_4q": null,
            "eps_4q_growth_year": null,
            "roe": null,
            "roe_4q": 0,
            "gross_profit": null,
            "gross_margin": null,
            "gross_margin_4q_avg": 0,
            "net_income": null,
            "net_income_4q": null,
            "revenue": null,
            "revenue_4q": null,
            "common_shares": null,
            "book_valuer_per_share": null,
            "book_valuer_per_share_4q_avg": 0,
            "equity": null,
            "current_ratio": null,
            "debt_ratio": null,
            "inventory_turnover_ratio": null,
            "account_receivable_turnover_ratio": null,
            "reinvestment_rate": null,
            "research_to_sale_ratio": null,
            "price_fair": 0,
            "eps_avg_yearly": 0,
            "eps_latest_yearly": 0,
            "eps_growth_yearly": 0
        },
        "20064": {
            "year_quarter": 20064,
            "year": 2006,
            "quarter": 4,
            "eps": null,
            "eps_growth_year": null,
            "eps_4q": null,
            "eps_4q_growth_year": null,
            "roe": null,
            "roe_4q": 0,
            "gross_profit": null,
            "gross_margin": null,
            "gross_margin_4q_avg": 0,
            "net_income": null,
            "net_income_4q": null,
            "revenue": null,
            "revenue_4q": null,
            "common_shares": null,
            "book_valuer_per_share": null,
            "book_valuer_per_share_4q_avg": 0,
            "equity": null,
            "current_ratio": null,
            "debt_ratio": null,
            "inventory_turnover_ratio": null,
            "account_receivable_turnover_ratio": null,
            "reinvestment_rate": null,
            "research_to_sale_ratio": null,
            "price_fair": 0,
            "eps_avg_yearly": 0,
            "eps_latest_yearly": 0,
            "eps_growth_yearly": 0
        },
        "20071": {
            "year_quarter": 20071,
            "year": 2007,
            "quarter": 1,
            "eps": null,
            "eps_growth_year": null,
            "eps_4q": null,
            "eps_4q_growth_year": null,
            "roe": null,
            "roe_4q": 0,
            "gross_profit": null,
            "gross_margin": null,
            "gross_margin_4q_avg": 0,
            "net_income": null,
            "net_income_4q": null,
            "revenue": null,
            "revenue_4q": null,
            "common_shares": null,
            "book_valuer_per_share": null,
            "book_valuer_per_share_4q_avg": 0,
            "equity": null,
            "current_ratio": null,
            "debt_ratio": null,
            "inventory_turnover_ratio": null,
            "account_receivable_turnover_ratio": null,
            "reinvestment_rate": null,
            "research_to_sale_ratio": null,
            "price_fair": 0,
            "eps_avg_yearly": 0,
            "eps_latest_yearly": 0,
            "eps_growth_yearly": 0
        },
        "20072": {
            "year_quarter": 20072,
            "year": 2007,
            "quarter": 2,
            "eps": null,
            "eps_growth_year": null,
            "eps_4q": null,
            "eps_4q_growth_year": null,
            "roe": null,
            "roe_4q": 0,
            "gross_profit": null,
            "gross_margin": null,
            "gross_margin_4q_avg": 0,
            "net_income": null,
            "net_income_4q": null,
            "revenue": null,
            "revenue_4q": null,
            "common_shares": null,
            "book_valuer_per_share": null,
            "book_valuer_per_share_4q_avg": 0,
            "equity": null,
            "current_ratio": null,
            "debt_ratio": null,
            "inventory_turnover_ratio": null,
            "account_receivable_turnover_ratio": null,
            "reinvestment_rate": null,
            "research_to_sale_ratio": null,
            "price_fair": 0,
            "eps_avg_yearly": 0,
            "eps_latest_yearly": 0,
            "eps_growth_yearly": 0
        },
        "20073": {
            "year_quarter": 20073,
            "year": 2007,
            "quarter": 3,
            "eps": null,
            "eps_growth_year": null,
            "eps_4q": null,
            "eps_4q_growth_year": null,
            "roe": null,
            "roe_4q": 0,
            "gross_profit": null,
            "gross_margin": null,
            "gross_margin_4q_avg": 0,
            "net_income": null,
            "net_income_4q": null,
            "revenue": null,
            "revenue_4q": null,
            "common_shares": null,
            "book_valuer_per_share": null,
            "book_valuer_per_share_4q_avg": 0,
            "equity": null,
            "current_ratio": null,
            "debt_ratio": null,
            "inventory_turnover_ratio": null,
            "account_receivable_turnover_ratio": null,
            "reinvestment_rate": null,
            "research_to_sale_ratio": null,
            "price_fair": 0,
            "eps_avg_yearly": 0,
            "eps_latest_yearly": 0,
            "eps_growth_yearly": 0
        },
        "20074": {
            "year_quarter": 20074,
            "year": 2007,
            "quarter": 4,
            "eps": null,
            "eps_growth_year": null,
            "eps_4q": null,
            "eps_4q_growth_year": null,
            "roe": null,
            "roe_4q": 0,
            "gross_profit": null,
            "gross_margin": null,
            "gross_margin_4q_avg": 0,
            "net_income": null,
            "net_income_4q": null,
            "revenue": null,
            "revenue_4q": null,
            "common_shares": 86434,
            "book_valuer_per_share": 11.98,
            "book_valuer_per_share_4q_avg": 3,
            "equity": 103575,
            "current_ratio": 71.45,
            "debt_ratio": 71.73,
            "inventory_turnover_ratio": null,
            "account_receivable_turnover_ratio": null,
            "reinvestment_rate": null,
            "research_to_sale_ratio": null,
            "price_fair": 0,
            "eps_avg_yearly": 0,
            "eps_latest_yearly": 0,
            "eps_growth_yearly": 0
        },
        "20081": {
            "year_quarter": 20081,
            "year": 2008,
            "quarter": 1,
            "eps": null,
            "eps_growth_year": null,
            "eps_4q": null,
            "eps_4q_growth_year": null,
            "roe": null,
            "roe_4q": 0,
            "gross_profit": null,
            "gross_margin": null,
            "gross_margin_4q_avg": 0,
            "net_income": null,
            "net_income_4q": null,
            "revenue": null,
            "revenue_4q": null,
            "common_shares": null,
            "book_valuer_per_share": null,
            "book_valuer_per_share_4q_avg": 3,
            "equity": null,
            "current_ratio": null,
            "debt_ratio": null,
            "inventory_turnover_ratio": null,
            "account_receivable_turnover_ratio": null,
            "reinvestment_rate": null,
            "research_to_sale_ratio": null,
            "price_fair": 0,
            "eps_avg_yearly": 0,
            "eps_latest_yearly": 0,
            "eps_growth_yearly": 0
        },
        "20082": {
            "year_quarter": 20082,
            "year": 2008,
            "quarter": 2,
            "eps": null,
            "eps_growth_year": null,
            "eps_4q": null,
            "eps_4q_growth_year": null,
            "roe": null,
            "roe_4q": 0,
            "gross_profit": null,
            "gross_margin": null,
            "gross_margin_4q_avg": 0,
            "net_income": null,
            "net_income_4q": null,
            "revenue": null,
            "revenue_4q": null,
            "common_shares": null,
            "book_valuer_per_share": null,
            "book_valuer_per_share_4q_avg": 3,
            "equity": null,
            "current_ratio": null,
            "debt_ratio": null,
            "inventory_turnover_ratio": null,
            "account_receivable_turnover_ratio": null,
            "reinvestment_rate": null,
            "research_to_sale_ratio": null,
            "price_fair": 0,
            "eps_avg_yearly": 0,
            "eps_latest_yearly": 0,
            "eps_growth_yearly": 0
        },
        "20083": {
            "year_quarter": 20083,
            "year": 2008,
            "quarter": 3,
            "eps": null,
            "eps_growth_year": null,
            "eps_4q": null,
            "eps_4q_growth_year": null,
            "roe": null,
            "roe_4q": 0,
            "gross_profit": null,
            "gross_margin": null,
            "gross_margin_4q_avg": 0,
            "net_income": null,
            "net_income_4q": null,
            "revenue": null,
            "revenue_4q": null,
            "common_shares": null,
            "book_valuer_per_share": null,
            "book_valuer_per_share_4q_avg": 3,
            "equity": null,
            "current_ratio": null,
            "debt_ratio": null,
            "inventory_turnover_ratio": null,
            "account_receivable_turnover_ratio": null,
            "reinvestment_rate": null,
            "research_to_sale_ratio": null,
            "price_fair": 0,
            "eps_avg_yearly": 0,
            "eps_latest_yearly": 0,
            "eps_growth_yearly": 0
        },
        "20084": {
            "year_quarter": 20084,
            "year": 2008,
            "quarter": 4,
            "eps": null,
            "eps_growth_year": null,
            "eps_4q": null,
            "eps_4q_growth_year": null,
            "roe": null,
            "roe_4q": 0,
            "gross_profit": null,
            "gross_margin": null,
            "gross_margin_4q_avg": 0,
            "net_income": null,
            "net_income_4q": null,
            "revenue": null,
            "revenue_4q": null,
            "common_shares": 144844,
            "book_valuer_per_share": 10.39,
            "book_valuer_per_share_4q_avg": 2.6,
            "equity": 150484,
            "current_ratio": 73.59,
            "debt_ratio": 77.11,
            "inventory_turnover_ratio": null,
            "account_receivable_turnover_ratio": null,
            "reinvestment_rate": null,
            "research_to_sale_ratio": null,
            "price_fair": 0,
            "eps_avg_yearly": 0,
            "eps_latest_yearly": 0,
            "eps_growth_yearly": 0
        },
        "20091": {
            "year_quarter": 20091,
            "year": 2009,
            "quarter": 1,
            "eps": null,
            "eps_growth_year": null,
            "eps_4q": null,
            "eps_4q_growth_year": null,
            "roe": null,
            "roe_4q": 0,
            "gross_profit": null,
            "gross_margin": null,
            "gross_margin_4q_avg": 0,
            "net_income": null,
            "net_income_4q": null,
            "revenue": null,
            "revenue_4q": null,
            "common_shares": null,
            "book_valuer_per_share": null,
            "book_valuer_per_share_4q_avg": 2.6,
            "equity": null,
            "current_ratio": null,
            "debt_ratio": null,
            "inventory_turnover_ratio": null,
            "account_receivable_turnover_ratio": null,
            "reinvestment_rate": null,
            "research_to_sale_ratio": null,
            "price_fair": 0,
            "eps_avg_yearly": 0,
            "eps_latest_yearly": 0,
            "eps_growth_yearly": 0
        },
        "20092": {
            "year_quarter": 20092,
            "year": 2009,
            "quarter": 2,
            "eps": null,
            "eps_growth_year": null,
            "eps_4q": null,
            "eps_4q_growth_year": null,
            "roe": null,
            "roe_4q": 0,
            "gross_profit": null,
            "gross_margin": null,
            "gross_margin_4q_avg": 0,
            "net_income": null,
            "net_income_4q": null,
            "revenue": null,
            "revenue_4q": null,
            "common_shares": 0,
            "book_valuer_per_share": null,
            "book_valuer_per_share_4q_avg": 2.6,
            "equity": 0,
            "current_ratio": null,
            "debt_ratio": null,
            "inventory_turnover_ratio": null,
            "account_receivable_turnover_ratio": null,
            "reinvestment_rate": null,
            "research_to_sale_ratio": null,
            "price_fair": 0,
            "eps_avg_yearly": 0,
            "eps_latest_yearly": 0,
            "eps_growth_yearly": 0
        },
        "20093": {
            "year_quarter": 20093,
            "year": 2009,
            "quarter": 3,
            "eps": null,
            "eps_growth_year": null,
            "eps_4q": null,
            "eps_4q_growth_year": null,
            "roe": null,
            "roe_4q": 0,
            "gross_profit": null,
            "gross_margin": null,
            "gross_margin_4q_avg": 0,
            "net_income": null,
            "net_income_4q": null,
            "revenue": null,
            "revenue_4q": null,
            "common_shares": null,
            "book_valuer_per_share": null,
            "book_valuer_per_share_4q_avg": 2.6,
            "equity": null,
            "current_ratio": null,
            "debt_ratio": null,
            "inventory_turnover_ratio": null,
            "account_receivable_turnover_ratio": null,
            "reinvestment_rate": null,
            "research_to_sale_ratio": null,
            "price_fair": 0,
            "eps_avg_yearly": 0,
            "eps_latest_yearly": 0,
            "eps_growth_yearly": 0
        },
        "20094": {
            "year_quarter": 20094,
            "year": 2009,
            "quarter": 4,
            "eps": null,
            "eps_growth_year": null,
            "eps_4q": null,
            "eps_4q_growth_year": null,
            "roe": null,
            "roe_4q": 0,
            "gross_profit": null,
            "gross_margin": null,
            "gross_margin_4q_avg": 0,
            "net_income": null,
            "net_income_4q": null,
            "revenue": null,
            "revenue_4q": null,
            "common_shares": 220000,
            "book_valuer_per_share": 14.96,
            "book_valuer_per_share_4q_avg": 3.74,
            "equity": 329010,
            "current_ratio": 165.07,
            "debt_ratio": 20.01,
            "inventory_turnover_ratio": null,
            "account_receivable_turnover_ratio": null,
            "reinvestment_rate": null,
            "research_to_sale_ratio": null,
            "price_fair": 0,
            "eps_avg_yearly": 0,
            "eps_latest_yearly": 0,
            "eps_growth_yearly": 0
        },
        "20101": {
            "year_quarter": 20101,
            "year": 2010,
            "quarter": 1,
            "eps": null,
            "eps_growth_year": null,
            "eps_4q": null,
            "eps_4q_growth_year": null,
            "roe": null,
            "roe_4q": 0,
            "gross_profit": null,
            "gross_margin": null,
            "gross_margin_4q_avg": 0,
            "net_income": null,
            "net_income_4q": null,
            "revenue": null,
            "revenue_4q": null,
            "common_shares": null,
            "book_valuer_per_share": null,
            "book_valuer_per_share_4q_avg": 3.74,
            "equity": null,
            "current_ratio": null,
            "debt_ratio": null,
            "inventory_turnover_ratio": null,
            "account_receivable_turnover_ratio": null,
            "reinvestment_rate": null,
            "research_to_sale_ratio": null,
            "price_fair": 0,
            "eps_avg_yearly": 0,
            "eps_latest_yearly": 0,
            "eps_growth_yearly": 0
        },
        "20102": {
            "year_quarter": 20102,
            "year": 2010,
            "quarter": 2,
            "eps": null,
            "eps_growth_year": null,
            "eps_4q": null,
            "eps_4q_growth_year": null,
            "roe": null,
            "roe_4q": 0,
            "gross_profit": null,
            "gross_margin": null,
            "gross_margin_4q_avg": 0,
            "net_income": null,
            "net_income_4q": null,
            "revenue": null,
            "revenue_4q": null,
            "common_shares": 220000,
            "book_valuer_per_share": 15.37,
            "book_valuer_per_share_4q_avg": 7.58,
            "equity": 338157,
            "current_ratio": 209.22,
            "debt_ratio": 16.42,
            "inventory_turnover_ratio": null,
            "account_receivable_turnover_ratio": null,
            "reinvestment_rate": null,
            "research_to_sale_ratio": null,
            "price_fair": 0,
            "eps_avg_yearly": 0,
            "eps_latest_yearly": 0,
            "eps_growth_yearly": 0
        },
        "20103": {
            "year_quarter": 20103,
            "year": 2010,
            "quarter": 3,
            "eps": null,
            "eps_growth_year": null,
            "eps_4q": null,
            "eps_4q_growth_year": null,
            "roe": null,
            "roe_4q": 0,
            "gross_profit": 48749,
            "gross_margin": null,
            "gross_margin_4q_avg": 0,
            "net_income": 24180,
            "net_income_4q": null,
            "revenue": 125429,
            "revenue_4q": null,
            "common_shares": 226600,
            "book_valuer_per_share": 15.75,
            "book_valuer_per_share_4q_avg": 11.52,
            "equity": 357000,
            "current_ratio": 171.16,
            "debt_ratio": 19.43,
            "inventory_turnover_ratio": null,
            "account_receivable_turnover_ratio": null,
            "reinvestment_rate": null,
            "research_to_sale_ratio": null,
            "price_fair": 0,
            "eps_avg_yearly": 0,
            "eps_latest_yearly": 0,
            "eps_growth_yearly": 0
        },
        "20104": {
            "year_quarter": 20104,
            "year": 2010,
            "quarter": 4,
            "eps": null,
            "eps_growth_year": null,
            "eps_4q": null,
            "eps_4q_growth_year": null,
            "roe": null,
            "roe_4q": 0,
            "gross_profit": 29246,
            "gross_margin": null,
            "gross_margin_4q_avg": 0,
            "net_income": 9901,
            "net_income_4q": null,
            "revenue": 101882,
            "revenue_4q": null,
            "common_shares": 256600,
            "book_valuer_per_share": 21.03,
            "book_valuer_per_share_4q_avg": 13.04,
            "equity": 539750,
            "current_ratio": 250.54,
            "debt_ratio": 18.85,
            "inventory_turnover_ratio": null,
            "account_receivable_turnover_ratio": null,
            "reinvestment_rate": null,
            "research_to_sale_ratio": null,
            "price_fair": 0,
            "eps_avg_yearly": 0,
            "eps_latest_yearly": 0,
            "eps_growth_yearly": 0
        },
        "20111": {
            "year_quarter": 20111,
            "year": 2011,
            "quarter": 1,
            "eps": null,
            "eps_growth_year": null,
            "eps_4q": null,
            "eps_4q_growth_year": null,
            "roe": null,
            "roe_4q": 0,
            "gross_profit": 14469,
            "gross_margin": null,
            "gross_margin_4q_avg": 0,
            "net_income": -8382,
            "net_income_4q": null,
            "revenue": 91995,
            "revenue_4q": null,
            "common_shares": 256600,
            "book_valuer_per_share": 21.03,
            "book_valuer_per_share_4q_avg": 18.3,
            "equity": 539600,
            "current_ratio": 177.09,
            "debt_ratio": 22.39,
            "inventory_turnover_ratio": null,
            "account_receivable_turnover_ratio": null,
            "reinvestment_rate": null,
            "research_to_sale_ratio": null,
            "price_fair": 0,
            "eps_avg_yearly": 0,
            "eps_latest_yearly": 0,
            "eps_growth_yearly": 0
        },
        "20112": {
            "year_quarter": 20112,
            "year": 2011,
            "quarter": 2,
            "eps": 0.37,
            "eps_growth_year": null,
            "eps_4q": 0.37,
            "eps_4q_growth_year": null,
            "roe": 1.82,
            "roe_4q": 1.82,
            "gross_profit": 41452,
            "gross_margin": 32.5,
            "gross_margin_4q_avg": 8.13,
            "net_income": 9837,
            "net_income_4q": null,
            "revenue": 127539,
            "revenue_4q": null,
            "common_shares": 256600,
            "book_valuer_per_share": 21.2,
            "book_valuer_per_share_4q_avg": 19.75,
            "equity": 543956,
            "current_ratio": 169.62,
            "debt_ratio": 26.14,
            "inventory_turnover_ratio": 1979.01,
            "account_receivable_turnover_ratio": 11.16,
            "reinvestment_rate": null,
            "research_to_sale_ratio": null,
            "price_fair": 0,
            "eps_avg_yearly": 0,
            "eps_latest_yearly": 0,
            "eps_growth_yearly": 0
        },
        "20113": {
            "year_quarter": 20113,
            "year": 2011,
            "quarter": 3,
            "eps": 0.42,
            "eps_growth_year": null,
            "eps_4q": 0.78,
            "eps_4q_growth_year": null,
            "roe": 1.97,
            "roe_4q": 3.79,
            "gross_profit": 45587,
            "gross_margin": 32.4,
            "gross_margin_4q_avg": 16.23,
            "net_income": 11201,
            "net_income_4q": null,
            "revenue": 140690,
            "revenue_4q": null,
            "common_shares": 269430,
            "book_valuer_per_share": 22.11,
            "book_valuer_per_share_4q_avg": 21.34,
            "equity": 595678,
            "current_ratio": 112.73,
            "debt_ratio": 27.43,
            "inventory_turnover_ratio": 2407.67,
            "account_receivable_turnover_ratio": 5.41,
            "reinvestment_rate": null,
            "research_to_sale_ratio": null,
            "price_fair": 58.8,
            "eps_avg_yearly": 1.68,
            "eps_latest_yearly": 1.68,
            "eps_growth_yearly": 54.05
        },
        "20114": {
            "year_quarter": 20114,
            "year": 2011,
            "quarter": 4,
            "eps": 0.54,
            "eps_growth_year": null,
            "eps_4q": 1.32,
            "eps_4q_growth_year": null,
            "roe": 2.39,
            "roe_4q": 6.180000000000001,
            "gross_profit": 56091,
            "gross_margin": 34.88,
            "gross_margin_4q_avg": 24.95,
            "net_income": 14422,
            "net_income_4q": null,
            "revenue": 160826,
            "revenue_4q": null,
            "common_shares": 269430,
            "book_valuer_per_share": 22.71,
            "book_valuer_per_share_4q_avg": 21.76,
            "equity": 611762,
            "current_ratio": 89.78,
            "debt_ratio": 35.66,
            "inventory_turnover_ratio": 2756.18,
            "account_receivable_turnover_ratio": 4.16,
            "reinvestment_rate": null,
            "research_to_sale_ratio": null,
            "price_fair": 67.2,
            "eps_avg_yearly": 1.92,
            "eps_latest_yearly": 2.16,
            "eps_growth_yearly": 84.17
        },
        "20121": {
            "year_quarter": 20121,
            "year": 2012,
            "quarter": 1,
            "eps": 0.01,
            "eps_growth_year": null,
            "eps_4q": 1.32,
            "eps_4q_growth_year": null,
            "roe": 0.03,
            "roe_4q": 6.21,
            "gross_profit": 35626,
            "gross_margin": 25.87,
            "gross_margin_4q_avg": 31.41,
            "net_income": 166,
            "net_income_4q": null,
            "revenue": 137734,
            "revenue_4q": null,
            "common_shares": 269430,
            "book_valuer_per_share": 22.2,
            "book_valuer_per_share_4q_avg": 22.06,
            "equity": 598139,
            "current_ratio": 74.32,
            "debt_ratio": 38.62,
            "inventory_turnover_ratio": 1926.57,
            "account_receivable_turnover_ratio": 2.85,
            "reinvestment_rate": null,
            "research_to_sale_ratio": null,
            "price_fair": 3.88,
            "eps_avg_yearly": 1.29,
            "eps_latest_yearly": 0.04,
            "eps_growth_yearly": -74.75
        },
        "20122": {
            "year_quarter": 20122,
            "year": 2012,
            "quarter": 2,
            "eps": 0.87,
            "eps_growth_year": 137.07,
            "eps_4q": 1.68,
            "eps_4q_growth_year": 360.3,
            "roe": 3.88,
            "roe_4q": 8.27,
            "gross_profit": 80383,
            "gross_margin": 37.15,
            "gross_margin_4q_avg": 32.58,
            "net_income": 27388,
            "net_income_4q": null,
            "revenue": 216402,
            "revenue_4q": null,
            "common_shares": 294870,
            "book_valuer_per_share": 27.57,
            "book_valuer_per_share_4q_avg": 23.65,
            "equity": 812914,
            "current_ratio": 126.65,
            "debt_ratio": 33.25,
            "inventory_turnover_ratio": 1628.97,
            "account_receivable_turnover_ratio": 3.68,
            "reinvestment_rate": null,
            "research_to_sale_ratio": null,
            "price_fair": 64.4,
            "eps_avg_yearly": 1.84,
            "eps_latest_yearly": 3.48,
            "eps_growth_yearly": 8543.94
        },
        "20123": {
            "year_quarter": 20123,
            "year": 2012,
            "quarter": 3,
            "eps": 1.05,
            "eps_growth_year": 152.24,
            "eps_4q": 2.38,
            "eps_4q_growth_year": 204.19,
            "roe": 4.02,
            "roe_4q": 10.32,
            "gross_profit": 87216,
            "gross_margin": 37.96,
            "gross_margin_4q_avg": 33.97,
            "net_income": 33181,
            "net_income_4q": null,
            "revenue": 229767,
            "revenue_4q": null,
            "common_shares": 294870,
            "book_valuer_per_share": 28.39,
            "book_valuer_per_share_4q_avg": 25.22,
            "equity": 837026,
            "current_ratio": 81.71,
            "debt_ratio": 35.89,
            "inventory_turnover_ratio": 1432.67,
            "account_receivable_turnover_ratio": 3.04,
            "reinvestment_rate": null,
            "research_to_sale_ratio": null,
            "price_fair": 80.92,
            "eps_avg_yearly": 2.31,
            "eps_latest_yearly": 4.2,
            "eps_growth_yearly": 6851.7
        },
        "20124": {
            "year_quarter": 20124,
            "year": 2012,
            "quarter": 4,
            "eps": 0.35,
            "eps_growth_year": -35.5,
            "eps_4q": 2.26,
            "eps_4q_growth_year": 72.07,
            "roe": 1.3,
            "roe_4q": 9.229999999999999,
            "gross_profit": 78972,
            "gross_margin": 35.54,
            "gross_margin_4q_avg": 34.13,
            "net_income": 10924,
            "net_income_4q": null,
            "revenue": 222233,
            "revenue_4q": null,
            "common_shares": 316424,
            "book_valuer_per_share": 26.8,
            "book_valuer_per_share_4q_avg": 26.24,
            "equity": 847896,
            "current_ratio": 71.35,
            "debt_ratio": 47.63,
            "inventory_turnover_ratio": 1351.52,
            "account_receivable_turnover_ratio": 2.4,
            "reinvestment_rate": null,
            "research_to_sale_ratio": null,
            "price_fair": 75.6,
            "eps_avg_yearly": 2.16,
            "eps_latest_yearly": 1.4,
            "eps_growth_yearly": 5665.31
        },
        "20131": {
            "year_quarter": 20131,
            "year": 2013,
            "quarter": 1,
            "eps": -0.54,
            "eps_growth_year": -5500,
            "eps_4q": 1.72,
            "eps_4q_growth_year": 29.95,
            "roe": -2.46,
            "roe_4q": 6.739999999999999,
            "gross_profit": 12684,
            "gross_margin": 6.74,
            "gross_margin_4q_avg": 29.35,
            "net_income": -17124,
            "net_income_4q": null,
            "revenue": 188085,
            "revenue_4q": null,
            "common_shares": 316424,
            "book_valuer_per_share": 17.21,
            "book_valuer_per_share_4q_avg": 24.99,
            "equity": 544485,
            "current_ratio": 55.4,
            "debt_ratio": 69.45,
            "inventory_turnover_ratio": 1762.82,
            "account_receivable_turnover_ratio": 2.19,
            "reinvestment_rate": null,
            "research_to_sale_ratio": null,
            "price_fair": 75.6,
            "eps_avg_yearly": 2.16,
            "eps_latest_yearly": 1.4,
            "eps_growth_yearly": 5665.31
        },
        "20132": {
            "year_quarter": 20132,
            "year": 2013,
            "quarter": 2,
            "eps": 0.74,
            "eps_growth_year": -14.5,
            "eps_4q": 1.52,
            "eps_4q_growth_year": -9.74,
            "roe": 4.24,
            "roe_4q": 7.1,
            "gross_profit": 80091,
            "gross_margin": 32.08,
            "gross_margin_4q_avg": 28.08,
            "net_income": 23418,
            "net_income_4q": null,
            "revenue": 249698,
            "revenue_4q": null,
            "common_shares": 316424,
            "book_valuer_per_share": 17.72,
            "book_valuer_per_share_4q_avg": 22.53,
            "equity": 560813,
            "current_ratio": 55.81,
            "debt_ratio": 69.59,
            "inventory_turnover_ratio": 2146.92,
            "account_receivable_turnover_ratio": 3.21,
            "reinvestment_rate": null,
            "research_to_sale_ratio": null,
            "price_fair": 75.6,
            "eps_avg_yearly": 2.16,
            "eps_latest_yearly": 1.4,
            "eps_growth_yearly": 5665.31
        },
        "20133": {
            "year_quarter": 20133,
            "year": 2013,
            "quarter": 3,
            "eps": 0.75,
            "eps_growth_year": -28.48,
            "eps_4q": 1.27,
            "eps_4q_growth_year": -46.53,
            "roe": 4.38,
            "roe_4q": 7.460000000000001,
            "gross_profit": 76571,
            "gross_margin": 28.87,
            "gross_margin_4q_avg": 25.81,
            "net_income": 24980,
            "net_income_4q": null,
            "revenue": 265227,
            "revenue_4q": null,
            "common_shares": 316424,
            "book_valuer_per_share": 18.34,
            "book_valuer_per_share_4q_avg": 20.02,
            "equity": 580172,
            "current_ratio": 60.65,
            "debt_ratio": 69.24,
            "inventory_turnover_ratio": 2245.9,
            "account_receivable_turnover_ratio": 2.64,
            "reinvestment_rate": null,
            "research_to_sale_ratio": null,
            "price_fair": 79.8,
            "eps_avg_yearly": 2.28,
            "eps_latest_yearly": 3,
            "eps_growth_yearly": 4856.75
        },
        "20134": {
            "year_quarter": 20134,
            "year": 2013,
            "quarter": 4,
            "eps": 0.6,
            "eps_growth_year": 72.7,
            "eps_4q": 1.54,
            "eps_4q_growth_year": -32.11,
            "roe": 3.34,
            "roe_4q": 9.5,
            "gross_profit": 71328,
            "gross_margin": 28.36,
            "gross_margin_4q_avg": 24.01,
            "net_income": 19809,
            "net_income_4q": null,
            "revenue": 251511,
            "revenue_4q": null,
            "common_shares": 332245,
            "book_valuer_per_share": 18.29,
            "book_valuer_per_share_4q_avg": 17.89,
            "equity": 607674,
            "current_ratio": 54.11,
            "debt_ratio": 71.03,
            "inventory_turnover_ratio": 1334.69,
            "account_receivable_turnover_ratio": 2.28,
            "reinvestment_rate": null,
            "research_to_sale_ratio": null,
            "price_fair": 80.33,
            "eps_avg_yearly": 2.3,
            "eps_latest_yearly": 2.4,
            "eps_growth_yearly": 4239.66
        },
        "20141": {
            "year_quarter": 20141,
            "year": 2014,
            "quarter": 1,
            "eps": -0.5,
            "eps_growth_year": null,
            "eps_4q": 1.39,
            "eps_4q_growth_year": -19.15,
            "roe": -2.73,
            "roe_4q": 9.23,
            "gross_profit": 24408,
            "gross_margin": 11.53,
            "gross_margin_4q_avg": 25.21,
            "net_income": -17701,
            "net_income_4q": null,
            "revenue": 211728,
            "revenue_4q": null,
            "common_shares": 363545,
            "book_valuer_per_share": 18.94,
            "book_valuer_per_share_4q_avg": 18.32,
            "equity": 688676,
            "current_ratio": 55.38,
            "debt_ratio": 68.57,
            "inventory_turnover_ratio": 753.8,
            "account_receivable_turnover_ratio": 2.14,
            "reinvestment_rate": null,
            "research_to_sale_ratio": null,
            "price_fair": 80.33,
            "eps_avg_yearly": 2.3,
            "eps_latest_yearly": 2.4,
            "eps_growth_yearly": 4239.66
        },
        "20142": {
            "year_quarter": 20142,
            "year": 2014,
            "quarter": 2,
            "eps": 1,
            "eps_growth_year": 35.14,
            "eps_4q": 1.66,
            "eps_4q_growth_year": 9.45,
            "roe": 5.15,
            "roe_4q": 10.14,
            "gross_profit": 86412,
            "gross_margin": 30.27,
            "gross_margin_4q_avg": 24.76,
            "net_income": 36286,
            "net_income_4q": null,
            "revenue": 285457,
            "revenue_4q": null,
            "common_shares": 363545,
            "book_valuer_per_share": 19.79,
            "book_valuer_per_share_4q_avg": 18.84,
            "equity": 719375,
            "current_ratio": 60.9,
            "debt_ratio": 68.43,
            "inventory_turnover_ratio": 679.33,
            "account_receivable_turnover_ratio": 2.6,
            "reinvestment_rate": 607.89,
            "research_to_sale_ratio": null,
            "price_fair": 80.33,
            "eps_avg_yearly": 2.3,
            "eps_latest_yearly": 2.4,
            "eps_growth_yearly": 4239.66
        },
        "20143": {
            "year_quarter": 20143,
            "year": 2014,
            "quarter": 3,
            "eps": 0.74,
            "eps_growth_year": -1.33,
            "eps_4q": 1.74,
            "eps_4q_growth_year": 37.23,
            "roe": 3.81,
            "roe_4q": 9.57,
            "gross_profit": 67366,
            "gross_margin": 24.97,
            "gross_margin_4q_avg": 23.78,
            "net_income": 28139,
            "net_income_4q": null,
            "revenue": 269770,
            "revenue_4q": null,
            "common_shares": 381723,
            "book_valuer_per_share": 19.84,
            "book_valuer_per_share_4q_avg": 19.22,
            "equity": 757431,
            "current_ratio": 50.03,
            "debt_ratio": 68.8,
            "inventory_turnover_ratio": 454.33,
            "account_receivable_turnover_ratio": 1.99,
            "reinvestment_rate": 625.77,
            "research_to_sale_ratio": null,
            "price_fair": 82.91,
            "eps_avg_yearly": 2.37,
            "eps_latest_yearly": 2.96,
            "eps_growth_yearly": 3757.03
        },
        "20144": {
            "year_quarter": 20144,
            "year": 2014,
            "quarter": 4,
            "eps": 0.32,
            "eps_growth_year": -45.96,
            "eps_4q": 1.55,
            "eps_4q_growth_year": 0.57,
            "roe": 1.58,
            "roe_4q": 7.8100000000000005,
            "gross_profit": 53123,
            "gross_margin": 19.49,
            "gross_margin_4q_avg": 21.57,
            "net_income": 12300,
            "net_income_4q": null,
            "revenue": 272555,
            "revenue_4q": null,
            "common_shares": 381723,
            "book_valuer_per_share": 20.83,
            "book_valuer_per_share_4q_avg": 19.85,
            "equity": 795023,
            "current_ratio": 42.78,
            "debt_ratio": 66.82,
            "inventory_turnover_ratio": 321.75,
            "account_receivable_turnover_ratio": 2.05,
            "reinvestment_rate": 633.88,
            "research_to_sale_ratio": null,
            "price_fair": 79.1,
            "eps_avg_yearly": 2.26,
            "eps_latest_yearly": 1.28,
            "eps_growth_yearly": 3358.62
        },
        "20151": {
            "year_quarter": 20151,
            "year": 2015,
            "quarter": 1,
            "eps": -1.27,
            "eps_growth_year": null,
            "eps_4q": 0.74,
            "eps_4q_growth_year": -46.44,
            "roe": -6.3,
            "roe_4q": 4.24,
            "gross_profit": 13512,
            "gross_margin": 6.65,
            "gross_margin_4q_avg": 20.35,
            "net_income": -48322,
            "net_income_4q": null,
            "revenue": 203315,
            "revenue_4q": null,
            "common_shares": 381723,
            "book_valuer_per_share": 19.35,
            "book_valuer_per_share_4q_avg": 19.95,
            "equity": 738517,
            "current_ratio": 39.18,
            "debt_ratio": 68.44,
            "inventory_turnover_ratio": 271.73,
            "account_receivable_turnover_ratio": 1.77,
            "reinvestment_rate": 691.73,
            "research_to_sale_ratio": null,
            "price_fair": 79.1,
            "eps_avg_yearly": 2.26,
            "eps_latest_yearly": 1.28,
            "eps_growth_yearly": 3358.62
        },
        "20152": {
            "year_quarter": 20152,
            "year": 2015,
            "quarter": 2,
            "eps": 1.04,
            "eps_growth_year": 4,
            "eps_4q": 0.83,
            "eps_4q_growth_year": -50.08,
            "roe": 5.23,
            "roe_4q": 4.32,
            "gross_profit": 52580,
            "gross_margin": 21.6,
            "gross_margin_4q_avg": 18.18,
            "net_income": 39519,
            "net_income_4q": null,
            "revenue": 243435,
            "revenue_4q": null,
            "common_shares": 381723,
            "book_valuer_per_share": 20.24,
            "book_valuer_per_share_4q_avg": 20.07,
            "equity": 772427,
            "current_ratio": 43.01,
            "debt_ratio": 66.66,
            "inventory_turnover_ratio": 272.65,
            "account_receivable_turnover_ratio": 2.74,
            "reinvestment_rate": 523.67,
            "research_to_sale_ratio": null,
            "price_fair": 79.1,
            "eps_avg_yearly": 2.26,
            "eps_latest_yearly": 1.28,
            "eps_growth_yearly": 3358.62
        },
        "20153": {
            "year_quarter": 20153,
            "year": 2015,
            "quarter": 3,
            "eps": -1.72,
            "eps_growth_year": -332.43,
            "eps_4q": -1.63,
            "eps_4q_growth_year": -193.68,
            "roe": -8.83,
            "roe_4q": -8.319999999999999,
            "gross_profit": 32158,
            "gross_margin": 14.31,
            "gross_margin_4q_avg": 15.51,
            "net_income": -65827,
            "net_income_4q": null,
            "revenue": 224751,
            "revenue_4q": null,
            "common_shares": 381723,
            "book_valuer_per_share": 18.83,
            "book_valuer_per_share_4q_avg": 19.81,
            "equity": 718800,
            "current_ratio": 36.35,
            "debt_ratio": 68.94,
            "inventory_turnover_ratio": 321.79,
            "account_receivable_turnover_ratio": 3.58,
            "reinvestment_rate": 786.87,
            "research_to_sale_ratio": null,
            "price_fair": 81.36,
            "eps_avg_yearly": 2.32,
            "eps_latest_yearly": 1.28,
            "eps_growth_yearly": 3725.8
        },
        "20154": {
            "year_quarter": 20154,
            "year": 2015,
            "quarter": 4,
            "eps": -1.95,
            "eps_growth_year": -706.13,
            "eps_4q": -3.91,
            "eps_4q_growth_year": -352.75,
            "roe": -11.02,
            "roe_4q": -20.92,
            "gross_profit": 52908,
            "gross_margin": 23.38,
            "gross_margin_4q_avg": 16.49,
            "net_income": -74554,
            "net_income_4q": null,
            "revenue": 226253,
            "revenue_4q": null,
            "common_shares": 381723,
            "book_valuer_per_share": 16.62,
            "book_valuer_per_share_4q_avg": 18.76,
            "equity": 634524,
            "current_ratio": 41.62,
            "debt_ratio": 71.98,
            "inventory_turnover_ratio": 371.19,
            "account_receivable_turnover_ratio": 4.01,
            "reinvestment_rate": 2354.03,
            "research_to_sale_ratio": null,
            "price_fair": 82.08,
            "eps_avg_yearly": 2.35,
            "eps_latest_yearly": 1.28,
            "eps_growth_yearly": 4177.23
        },
        "20161": {
            "year_quarter": 20161,
            "year": 2016,
            "quarter": 1,
            "eps": -1.62,
            "eps_growth_year": null,
            "eps_4q": -4.26,
            "eps_4q_growth_year": -673.06,
            "roe": -10.31,
            "roe_4q": -24.929999999999996,
            "gross_profit": 3425,
            "gross_margin": 1.73,
            "gross_margin_4q_avg": 15.26,
            "net_income": -61905,
            "net_income_4q": null,
            "revenue": 198501,
            "revenue_4q": null,
            "common_shares": 381723,
            "book_valuer_per_share": 14.84,
            "book_valuer_per_share_4q_avg": 17.63,
            "equity": 566549,
            "current_ratio": 36.74,
            "debt_ratio": 74.22,
            "inventory_turnover_ratio": 315.15,
            "account_receivable_turnover_ratio": 3.09,
            "reinvestment_rate": null,
            "research_to_sale_ratio": null,
            "price_fair": 93.6,
            "eps_avg_yearly": 2.67,
            "eps_latest_yearly": 1.28,
            "eps_growth_yearly": 4830.07
        },
        "20162": {
            "year_quarter": 20162,
            "year": 2016,
            "quarter": 2,
            "eps": -1.53,
            "eps_growth_year": -247.12,
            "eps_4q": -6.83,
            "eps_4q_growth_year": -923.98,
            "roe": -10.94,
            "roe_4q": -41.099999999999994,
            "gross_profit": 26786,
            "gross_margin": 12.24,
            "gross_margin_4q_avg": 12.92,
            "net_income": -58388,
            "net_income_4q": null,
            "revenue": 218859,
            "revenue_4q": null,
            "common_shares": 381723,
            "book_valuer_per_share": 13.11,
            "book_valuer_per_share_4q_avg": 15.85,
            "equity": 500395,
            "current_ratio": 39.11,
            "debt_ratio": 76.01,
            "inventory_turnover_ratio": 249.28,
            "account_receivable_turnover_ratio": 3.22,
            "reinvestment_rate": null,
            "research_to_sale_ratio": null,
            "price_fair": 7.62,
            "eps_avg_yearly": 2.54,
            "eps_latest_yearly": 1.28,
            "eps_growth_yearly": -98.25
        },
        "20163": {
            "year_quarter": 20163,
            "year": 2016,
            "quarter": 3,
            "eps": -6.27,
            "eps_growth_year": null,
            "eps_4q": -11.37,
            "eps_4q_growth_year": null,
            "roe": -63.04,
            "roe_4q": -95.31,
            "gross_profit": 31200,
            "gross_margin": 15.21,
            "gross_margin_4q_avg": 13.14,
            "net_income": -239341,
            "net_income_4q": null,
            "revenue": 205082,
            "revenue_4q": null,
            "common_shares": 381723,
            "book_valuer_per_share": 6.78,
            "book_valuer_per_share_4q_avg": 12.84,
            "equity": 258885,
            "current_ratio": 58.57,
            "debt_ratio": 86.92,
            "inventory_turnover_ratio": 242.34,
            "account_receivable_turnover_ratio": 3.06,
            "reinvestment_rate": null,
            "research_to_sale_ratio": null,
            "price_fair": 6.62,
            "eps_avg_yearly": 2.21,
            "eps_latest_yearly": 1.28,
            "eps_growth_yearly": -134.46
        },
        "20164": {
            "year_quarter": 20164,
            "year": 2016,
            "quarter": 4,
            "eps": -6.33,
            "eps_growth_year": null,
            "eps_4q": -15.76,
            "eps_4q_growth_year": null,
            "roe": -171.97,
            "roe_4q": -256.26,
            "gross_profit": 25357,
            "gross_margin": 12.52,
            "gross_margin_4q_avg": 10.43,
            "net_income": -241815,
            "net_income_4q": null,
            "revenue": 202557,
            "revenue_4q": null,
            "common_shares": 381723,
            "book_valuer_per_share": 0.59,
            "book_valuer_per_share_4q_avg": 8.83,
            "equity": 22339,
            "current_ratio": 49.18,
            "debt_ratio": 98.56,
            "inventory_turnover_ratio": 220.95,
            "account_receivable_turnover_ratio": 3.87,
            "reinvestment_rate": null,
            "research_to_sale_ratio": null,
            "price_fair": 7.23,
            "eps_avg_yearly": 2.41,
            "eps_latest_yearly": 1.28,
            "eps_growth_yearly": -101.41
        },
        "20171": {
            "year_quarter": 20171,
            "year": 2017,
            "quarter": 1,
            "eps": -1.12,
            "eps_growth_year": null,
            "eps_4q": -8.54,
            "eps_4q_growth_year": null,
            "roe": -31.78,
            "roe_4q": -277.73,
            "gross_profit": 6439,
            "gross_margin": 3.79,
            "gross_margin_4q_avg": 10.94,
            "net_income": -42838,
            "net_income_4q": null,
            "revenue": 170114,
            "revenue_4q": null,
            "common_shares": 681723,
            "book_valuer_per_share": 3.63,
            "book_valuer_per_share_4q_avg": 6.03,
            "equity": 247292,
            "current_ratio": 46.06,
            "debt_ratio": 82.76,
            "inventory_turnover_ratio": 211.19,
            "account_receivable_turnover_ratio": 4.36,
            "reinvestment_rate": null,
            "research_to_sale_ratio": null,
            "price_fair": 7.23,
            "eps_avg_yearly": 2.41,
            "eps_latest_yearly": 1.28,
            "eps_growth_yearly": -101.41
        },
        "20172": {
            "year_quarter": 20172,
            "year": 2017,
            "quarter": 2,
            "eps": null,
            "eps_growth_year": null,
            "eps_4q": null,
            "eps_4q_growth_year": null,
            "roe": null,
            "roe_4q": -266.79,
            "gross_profit": null,
            "gross_margin": null,
            "gross_margin_4q_avg": 7.88,
            "net_income": null,
            "net_income_4q": null,
            "revenue": null,
            "revenue_4q": null,
            "common_shares": null,
            "book_valuer_per_share": null,
            "book_valuer_per_share_4q_avg": 2.75,
            "equity": null,
            "current_ratio": null,
            "debt_ratio": null,
            "inventory_turnover_ratio": null,
            "account_receivable_turnover_ratio": null,
            "reinvestment_rate": null,
            "research_to_sale_ratio": null,
            "price_fair": 7.23,
            "eps_avg_yearly": 2.41,
            "eps_latest_yearly": 1.28,
            "eps_growth_yearly": -101.41
        },
        "20173": {
            "year_quarter": 20173,
            "year": 2017,
            "quarter": 3,
            "eps": -0.39,
            "eps_growth_year": null,
            "eps_4q": null,
            "eps_4q_growth_year": null,
            "roe": -18.14,
            "roe_4q": -221.89,
            "gross_profit": 30729,
            "gross_margin": 15.78,
            "gross_margin_4q_avg": 8.02,
            "net_income": -26905,
            "net_income_4q": null,
            "revenue": 194741,
            "revenue_4q": null,
            "common_shares": 681723,
            "book_valuer_per_share": 2.18,
            "book_valuer_per_share_4q_avg": 1.6,
            "equity": 148285,
            "current_ratio": 40.15,
            "debt_ratio": 88.64,
            "inventory_turnover_ratio": 390.5,
            "account_receivable_turnover_ratio": 5.56,
            "reinvestment_rate": null,
            "research_to_sale_ratio": null,
            "price_fair": 6.64,
            "eps_avg_yearly": 2.21,
            "eps_latest_yearly": 1.28,
            "eps_growth_yearly": -137.01
        },
        "20174": {
            "year_quarter": 20174,
            "year": 2017,
            "quarter": 4,
            "eps": -1.47,
            "eps_growth_year": null,
            "eps_4q": null,
            "eps_4q_growth_year": null,
            "roe": -102.83,
            "roe_4q": -152.75,
            "gross_profit": 44313,
            "gross_margin": 22.04,
            "gross_margin_4q_avg": 10.4,
            "net_income": -100482,
            "net_income_4q": null,
            "revenue": 201038,
            "revenue_4q": null,
            "common_shares": 681723,
            "book_valuer_per_share": 0.69,
            "book_valuer_per_share_4q_avg": 1.63,
            "equity": 47149,
            "current_ratio": 36.96,
            "debt_ratio": 95.86,
            "inventory_turnover_ratio": 352.98,
            "account_receivable_turnover_ratio": 5.67,
            "reinvestment_rate": null,
            "research_to_sale_ratio": null,
            "price_fair": 6.36,
            "eps_avg_yearly": 2.12,
            "eps_latest_yearly": 1.28,
            "eps_growth_yearly": -165.51
        },
        "20181": {
            "year_quarter": 20181,
            "year": 2018,
            "quarter": 1,
            "eps": -0.68,
            "eps_growth_year": null,
            "eps_4q": null,
            "eps_4q_growth_year": null,
            "roe": -191.88,
            "roe_4q": -312.84999999999997,
            "gross_profit": -11261,
            "gross_margin": -7.62,
            "gross_margin_4q_avg": 7.55,
            "net_income": -46216,
            "net_income_4q": null,
            "revenue": 147696,
            "revenue_4q": null,
            "common_shares": 681723,
            "book_valuer_per_share": 0.01,
            "book_valuer_per_share_4q_avg": 0.72,
            "equity": 1022,
            "current_ratio": 33.43,
            "debt_ratio": 99.91,
            "inventory_turnover_ratio": 376.23,
            "account_receivable_turnover_ratio": 4.4,
            "reinvestment_rate": null,
            "research_to_sale_ratio": null,
            "price_fair": 6.36,
            "eps_avg_yearly": 2.12,
            "eps_latest_yearly": 1.28,
            "eps_growth_yearly": -165.51
        },
        "20182": {
            "year_quarter": 20182,
            "year": 2018,
            "quarter": 2,
            "eps": 0.04,
            "eps_growth_year": null,
            "eps_4q": -2.51,
            "eps_4q_growth_year": null,
            "roe": 111.38,
            "roe_4q": -201.46999999999997,
            "gross_profit": 12800,
            "gross_margin": 7.05,
            "gross_margin_4q_avg": 9.31,
            "net_income": 2691,
            "net_income_4q": null,
            "revenue": 181506,
            "revenue_4q": null,
            "common_shares": 681723,
            "book_valuer_per_share": 0.06,
            "book_valuer_per_share_4q_avg": 0.74,
            "equity": 3810,
            "current_ratio": 37.41,
            "debt_ratio": 99.64,
            "inventory_turnover_ratio": 498.39,
            "account_receivable_turnover_ratio": 5.65,
            "reinvestment_rate": null,
            "research_to_sale_ratio": null,
            "price_fair": 6.36,
            "eps_avg_yearly": 2.12,
            "eps_latest_yearly": 1.28,
            "eps_growth_yearly": -165.51
        },
        "20183": {
            "year_quarter": 20183,
            "year": 2018,
            "quarter": 3,
            "eps": 0.51,
            "eps_growth_year": null,
            "eps_4q": -1.6,
            "eps_4q_growth_year": null,
            "roe": 173.46,
            "roe_4q": -9.869999999999962,
            "gross_profit": 17359,
            "gross_margin": 10.85,
            "gross_margin_4q_avg": 8.08,
            "net_income": 34858,
            "net_income_4q": null,
            "revenue": 160005,
            "revenue_4q": null,
            "common_shares": 681723,
            "book_valuer_per_share": 0.53,
            "book_valuer_per_share_4q_avg": 0.32,
            "equity": 36382,
            "current_ratio": 54.98,
            "debt_ratio": 96.57,
            "inventory_turnover_ratio": 631.18,
            "account_receivable_turnover_ratio": 5.38,
            "reinvestment_rate": null,
            "research_to_sale_ratio": null,
            "price_fair": 58.1,
            "eps_avg_yearly": 1.66,
            "eps_latest_yearly": 2.04,
            "eps_growth_yearly": 2236.49
        },
        "20184": {
            "year_quarter": 20184,
            "year": 2018,
            "quarter": 4,
            "eps": 0.06,
            "eps_growth_year": null,
            "eps_4q": -0.06,
            "eps_4q_growth_year": null,
            "roe": 11.32,
            "roe_4q": 104.27999999999997,
            "gross_profit": 22992,
            "gross_margin": 14.81,
            "gross_margin_4q_avg": 6.27,
            "net_income": 4419,
            "net_income_4q": null,
            "revenue": 155282,
            "revenue_4q": null,
            "common_shares": 681723,
            "book_valuer_per_share": 0.61,
            "book_valuer_per_share_4q_avg": 0.3,
            "equity": 41707,
            "current_ratio": 65.4,
            "debt_ratio": 95.85,
            "inventory_turnover_ratio": 824.24,
            "account_receivable_turnover_ratio": 5.08,
            "reinvestment_rate": null,
            "research_to_sale_ratio": null,
            "price_fair": 39.9,
            "eps_avg_yearly": 1.14,
            "eps_latest_yearly": 0.24,
            "eps_growth_yearly": 2173.53
        },
        "20191": {
            "year_quarter": 20191,
            "year": 2019,
            "quarter": 1,
            "eps": -0.3,
            "eps_growth_year": null,
            "eps_4q": 0.31,
            "eps_4q_growth_year": null,
            "roe": -63.83,
            "roe_4q": 232.33,
            "gross_profit": 14990,
            "gross_margin": 11.79,
            "gross_margin_4q_avg": 11.13,
            "net_income": -20528,
            "net_income_4q": null,
            "revenue": 127133,
            "revenue_4q": null,
            "common_shares": 681723,
            "book_valuer_per_share": 0.33,
            "book_valuer_per_share_4q_avg": 0.38,
            "equity": 22616,
            "current_ratio": 35.14,
            "debt_ratio": 99.01,
            "inventory_turnover_ratio": 690.11,
            "account_receivable_turnover_ratio": 3.88,
            "reinvestment_rate": null,
            "research_to_sale_ratio": null,
            "price_fair": 39.9,
            "eps_avg_yearly": 1.14,
            "eps_latest_yearly": 0.24,
            "eps_growth_yearly": 2173.53
        },
        "20192": {
            "year_quarter": 20192,
            "year": 2019,
            "quarter": 2,
            "eps": -0.07,
            "eps_growth_year": -275,
            "eps_4q": 0.21,
            "eps_4q_growth_year": null,
            "roe": -23.92,
            "roe_4q": 97.03,
            "gross_profit": 28247,
            "gross_margin": 18.78,
            "gross_margin_4q_avg": 14.06,
            "net_income": -4748,
            "net_income_4q": null,
            "revenue": 150424,
            "revenue_4q": null,
            "common_shares": 681723,
            "book_valuer_per_share": 0.25,
            "book_valuer_per_share_4q_avg": 0.43,
            "equity": 17082,
            "current_ratio": 84.22,
            "debt_ratio": 98.83,
            "inventory_turnover_ratio": 1081.21,
            "account_receivable_turnover_ratio": 6.7,
            "reinvestment_rate": null,
            "research_to_sale_ratio": null,
            "price_fair": 39.9,
            "eps_avg_yearly": 1.14,
            "eps_latest_yearly": 0.24,
            "eps_growth_yearly": 2173.53
        },
        "20193": {
            "year_quarter": 20193,
            "year": 2019,
            "quarter": 3,
            "eps": -0.07,
            "eps_growth_year": -113.73,
            "eps_4q": -0.38,
            "eps_4q_growth_year": null,
            "roe": -37.24,
            "roe_4q": -113.67000000000002,
            "gross_profit": 18167,
            "gross_margin": 23.78,
            "gross_margin_4q_avg": 17.29,
            "net_income": -5052,
            "net_income_4q": null,
            "revenue": 76397,
            "revenue_4q": null,
            "common_shares": 681723,
            "book_valuer_per_share": 0.15,
            "book_valuer_per_share_4q_avg": 0.34,
            "equity": 10047,
            "current_ratio": 31.43,
            "debt_ratio": 99.07,
            "inventory_turnover_ratio": 862.67,
            "account_receivable_turnover_ratio": 4.55,
            "reinvestment_rate": null,
            "research_to_sale_ratio": null,
            "price_fair": 39.9,
            "eps_avg_yearly": 1.14,
            "eps_latest_yearly": 0.24,
            "eps_growth_yearly": 2173.53
        },
        "20194": {
            "year_quarter": 20194,
            "year": 2019,
            "quarter": 4,
            "eps": 0.02,
            "eps_growth_year": -70.47,
            "eps_4q": -0.43,
            "eps_4q_growth_year": null,
            "roe": 13.06,
            "roe_4q": -111.93,
            "gross_profit": 21222,
            "gross_margin": 25.3,
            "gross_margin_4q_avg": 19.91,
            "net_income": 1305,
            "net_income_4q": null,
            "revenue": 83872,
            "revenue_4q": null,
            "common_shares": 681723,
            "book_valuer_per_share": 0.15,
            "book_valuer_per_share_4q_avg": 0.22,
            "equity": 9942,
            "current_ratio": 22.3,
            "debt_ratio": 99.05,
            "inventory_turnover_ratio": 928.15,
            "account_receivable_turnover_ratio": 3.94,
            "reinvestment_rate": null,
            "research_to_sale_ratio": null,
            "price_fair": 39.9,
            "eps_avg_yearly": 1.14,
            "eps_latest_yearly": 0.24,
            "eps_growth_yearly": 2173.53
        },
        "20201": {
            "year_quarter": 20201,
            "year": 2020,
            "quarter": 1,
            "eps": -0.56,
            "eps_growth_year": null,
            "eps_4q": -0.68,
            "eps_4q_growth_year": -317.2,
            "roe": -391.11,
            "roe_4q": -439.21000000000004,
            "gross_profit": -7601,
            "gross_margin": -15.47,
            "gross_margin_4q_avg": 13.1,
            "net_income": -38073,
            "net_income_4q": null,
            "revenue": 49142,
            "revenue_4q": null,
            "common_shares": 681723,
            "book_valuer_per_share": 0.14,
            "book_valuer_per_share_4q_avg": 0.17,
            "equity": 9527,
            "current_ratio": 17.52,
            "debt_ratio": 99.04,
            "inventory_turnover_ratio": 886.61,
            "account_receivable_turnover_ratio": 2.24,
            "reinvestment_rate": null,
            "research_to_sale_ratio": null,
            "price_fair": 39.9,
            "eps_avg_yearly": 1.14,
            "eps_latest_yearly": 0.24,
            "eps_growth_yearly": 2173.53
        },
        "20202": {
            "year_quarter": 20202,
            "year": 2020,
            "quarter": 2,
            "eps": -1.18,
            "eps_growth_year": null,
            "eps_4q": -1.79,
            "eps_4q_growth_year": -973.32,
            "roe": -714.92,
            "roe_4q": -1130.21,
            "gross_profit": -12186,
            "gross_margin": -37.93,
            "gross_margin_4q_avg": -1.08,
            "net_income": -80454,
            "net_income_4q": null,
            "revenue": 32128,
            "revenue_4q": null,
            "common_shares": 681723,
            "book_valuer_per_share": 0.19,
            "book_valuer_per_share_4q_avg": 0.16,
            "equity": 12980,
            "current_ratio": 17.28,
            "debt_ratio": 98.7,
            "inventory_turnover_ratio": 904.37,
            "account_receivable_turnover_ratio": 1.42,
            "reinvestment_rate": null,
            "research_to_sale_ratio": null,
            "price_fair": 39.9,
            "eps_avg_yearly": 1.14,
            "eps_latest_yearly": 0.24,
            "eps_growth_yearly": 2173.53
        },
        "20203": {
            "year_quarter": 20203,
            "year": 2020,
            "quarter": 3,
            "eps": -0.21,
            "eps_growth_year": null,
            "eps_4q": -1.93,
            "eps_4q_growth_year": null,
            "roe": -201.81,
            "roe_4q": -1294.7800000000002,
            "gross_profit": 6703,
            "gross_margin": 11.92,
            "gross_margin_4q_avg": -4.05,
            "net_income": -14246,
            "net_income_4q": null,
            "revenue": 56240,
            "revenue_4q": null,
            "common_shares": 681723,
            "book_valuer_per_share": 0.02,
            "book_valuer_per_share_4q_avg": 0.13,
            "equity": 1138,
            "current_ratio": 57.48,
            "debt_ratio": 99.85,
            "inventory_turnover_ratio": 1100.82,
            "account_receivable_turnover_ratio": 2.09,
            "reinvestment_rate": null,
            "research_to_sale_ratio": null,
            "price_fair": 39.9,
            "eps_avg_yearly": 1.14,
            "eps_latest_yearly": 0.24,
            "eps_growth_yearly": 2173.53
        },
        "20204": {
            "year_quarter": 20204,
            "year": 2020,
            "quarter": 4,
            "eps": -0.27,
            "eps_growth_year": -1489.32,
            "eps_4q": -2.21,
            "eps_4q_growth_year": null,
            "roe": -538.09,
            "roe_4q": -1845.9300000000003,
            "gross_profit": 11717,
            "gross_margin": 41.75,
            "gross_margin_4q_avg": 0.07,
            "net_income": -18131,
            "net_income_4q": null,
            "revenue": 28065,
            "revenue_4q": null,
            "common_shares": 681723,
            "book_valuer_per_share": 0.08,
            "book_valuer_per_share_4q_avg": 0.11,
            "equity": 5601,
            "current_ratio": 49.92,
            "debt_ratio": 99.22,
            "inventory_turnover_ratio": 297.24,
            "account_receivable_turnover_ratio": 0.96,
            "reinvestment_rate": null,
            "research_to_sale_ratio": null,
            "price_fair": 39.9,
            "eps_avg_yearly": 1.14,
            "eps_latest_yearly": 0.24,
            "eps_growth_yearly": 2173.53
        },
        "20211": {
            "year_quarter": 20211,
            "year": 2021,
            "quarter": 1,
            "eps": -0.07,
            "eps_growth_year": null,
            "eps_4q": -1.48,
            "eps_4q_growth_year": null,
            "roe": -7.67,
            "roe_4q": -1462.4899999999998,
            "gross_profit": 8824,
            "gross_margin": 36.8,
            "gross_margin_4q_avg": 13.14,
            "net_income": -4502,
            "net_income_4q": null,
            "revenue": 23977,
            "revenue_4q": null,
            "common_shares": 793127,
            "book_valuer_per_share": 1.41,
            "book_valuer_per_share_4q_avg": 0.43,
            "equity": 111806,
            "current_ratio": 119.58,
            "debt_ratio": 85.55,
            "inventory_turnover_ratio": 473.53,
            "account_receivable_turnover_ratio": 0.9,
            "reinvestment_rate": null,
            "research_to_sale_ratio": null,
            "price_fair": 39.9,
            "eps_avg_yearly": 1.14,
            "eps_latest_yearly": 0.24,
            "eps_growth_yearly": 2173.53
        },
        "20212": {
            "year_quarter": 20212,
            "year": 2021,
            "quarter": 2,
            "eps": -0.18,
            "eps_growth_year": null,
            "eps_4q": -0.64,
            "eps_4q_growth_year": null,
            "roe": -13.57,
            "roe_4q": -761.1400000000001,
            "gross_profit": 14416,
            "gross_margin": 87.07,
            "gross_margin_4q_avg": 44.39,
            "net_income": -14211,
            "net_income_4q": null,
            "revenue": 16557,
            "revenue_4q": null,
            "common_shares": 793127,
            "book_valuer_per_share": 1.23,
            "book_valuer_per_share_4q_avg": 0.69,
            "equity": 97716,
            "current_ratio": 101.63,
            "debt_ratio": 86.69,
            "inventory_turnover_ratio": 535.25,
            "account_receivable_turnover_ratio": 0.73,
            "reinvestment_rate": null,
            "research_to_sale_ratio": null,
            "price_fair": 39.9,
            "eps_avg_yearly": 1.14,
            "eps_latest_yearly": 0.24,
            "eps_growth_yearly": 2173.53
        },
        "20213": {
            "year_quarter": 20213,
            "year": 2021,
            "quarter": 3,
            "eps": -0.06,
            "eps_growth_year": null,
            "eps_4q": -0.52,
            "eps_4q_growth_year": null,
            "roe": -4.88,
            "roe_4q": -564.21,
            "gross_profit": 9168,
            "gross_margin": 67.41,
            "gross_margin_4q_avg": 58.26,
            "net_income": -4637,
            "net_income_4q": null,
            "revenue": 13600,
            "revenue_4q": null,
            "common_shares": 793127,
            "book_valuer_per_share": 1.16,
            "book_valuer_per_share_4q_avg": 0.97,
            "equity": 92239,
            "current_ratio": 99.87,
            "debt_ratio": 86.69,
            "inventory_turnover_ratio": 2216,
            "account_receivable_turnover_ratio": 0.67,
            "reinvestment_rate": null,
            "research_to_sale_ratio": null,
            "price_fair": 39.9,
            "eps_avg_yearly": 1.14,
            "eps_latest_yearly": 0.24,
            "eps_growth_yearly": 2173.53
        },
        "20214": {
            "year_quarter": 20214,
            "year": 2021,
            "quarter": 4,
            "eps": -0.34,
            "eps_growth_year": null,
            "eps_4q": -0.74,
            "eps_4q_growth_year": null,
            "roe": -11.26,
            "roe_4q": -37.38,
            "gross_profit": 9501,
            "gross_margin": 77.43,
            "gross_margin_4q_avg": 67.18,
            "net_income": -20542,
            "net_income_4q": null,
            "revenue": 12271,
            "revenue_4q": null,
            "common_shares": 596564,
            "book_valuer_per_share": 4.57,
            "book_valuer_per_share_4q_avg": 2.09,
            "equity": 272475,
            "current_ratio": 239.43,
            "debt_ratio": 67.99,
            "inventory_turnover_ratio": null,
            "account_receivable_turnover_ratio": 0.64,
            "reinvestment_rate": null,
            "research_to_sale_ratio": null,
            "price_fair": 39.9,
            "eps_avg_yearly": 1.14,
            "eps_latest_yearly": 0.24,
            "eps_growth_yearly": 2173.53
        },
        "20221": {
            "year_quarter": 20221,
            "year": 2022,
            "quarter": 1,
            "eps": -0.3,
            "eps_growth_year": null,
            "eps_4q": -0.96,
            "eps_4q_growth_year": null,
            "roe": -6.83,
            "roe_4q": -36.54,
            "gross_profit": 8569,
            "gross_margin": 68.18,
            "gross_margin_4q_avg": 75.02,
            "net_income": -18051,
            "net_income_4q": null,
            "revenue": 12568,
            "revenue_4q": null,
            "common_shares": 596564,
            "book_valuer_per_share": 4.3,
            "book_valuer_per_share_4q_avg": 2.82,
            "equity": 256303,
            "current_ratio": 217.88,
            "debt_ratio": 69.03,
            "inventory_turnover_ratio": 7998,
            "account_receivable_turnover_ratio": 0.92,
            "reinvestment_rate": null,
            "research_to_sale_ratio": null,
            "price_fair": 39.9,
            "eps_avg_yearly": 1.14,
            "eps_latest_yearly": 0.24,
            "eps_growth_yearly": 2173.53
        },
        "20222": {
            "year_quarter": 20222,
            "year": 2022,
            "quarter": 2,
            "eps": -0.14,
            "eps_growth_year": null,
            "eps_4q": -0.86,
            "eps_4q_growth_year": null,
            "roe": -3.15,
            "roe_4q": -26.12,
            "gross_profit": 8632,
            "gross_margin": 71.11,
            "gross_margin_4q_avg": 71.03,
            "net_income": -7941,
            "net_income_4q": null,
            "revenue": 12139,
            "revenue_4q": null,
            "common_shares": 596564,
            "book_valuer_per_share": 4.15,
            "book_valuer_per_share_4q_avg": 3.55,
            "equity": 247611,
            "current_ratio": 208.25,
            "debt_ratio": 69.1,
            "inventory_turnover_ratio": 1169,
            "account_receivable_turnover_ratio": 0.96,
            "reinvestment_rate": null,
            "research_to_sale_ratio": null,
            "price_fair": 39.9,
            "eps_avg_yearly": 1.14,
            "eps_latest_yearly": 0.24,
            "eps_growth_yearly": 2173.53
        },
        "20223": {
            "year_quarter": 20223,
            "year": 2022,
            "quarter": 3,
            "eps": -0.05,
            "eps_growth_year": null,
            "eps_4q": -0.83,
            "eps_4q_growth_year": null,
            "roe": -1.17,
            "roe_4q": -22.41,
            "gross_profit": 8562,
            "gross_margin": 71.19,
            "gross_margin_4q_avg": 71.98,
            "net_income": -2886,
            "net_income_4q": null,
            "revenue": 12027,
            "revenue_4q": null,
            "common_shares": 596564,
            "book_valuer_per_share": 4.11,
            "book_valuer_per_share_4q_avg": 4.28,
            "equity": 244974,
            "current_ratio": 211.28,
            "debt_ratio": 68.28,
            "inventory_turnover_ratio": 630,
            "account_receivable_turnover_ratio": 0.85,
            "reinvestment_rate": null,
            "research_to_sale_ratio": null,
            "price_fair": 0.72,
            "eps_avg_yearly": 0.24,
            "eps_latest_yearly": 0.24,
            "eps_growth_yearly": -352.94
        },
        "20224": {
            "year_quarter": 20224,
            "year": 2022,
            "quarter": 4,
            "eps": -0.11,
            "eps_growth_year": null,
            "eps_4q": -0.6,
            "eps_4q_growth_year": null,
            "roe": -2.78,
            "roe_4q": -13.93,
            "gross_profit": 3629,
            "gross_margin": 72.78,
            "gross_margin_4q_avg": 70.82,
            "net_income": -6709,
            "net_income_4q": null,
            "revenue": 4986,
            "revenue_4q": null,
            "common_shares": 596564,
            "book_valuer_per_share": 3.99,
            "book_valuer_per_share_4q_avg": 4.14,
            "equity": 237825,
            "current_ratio": 197.99,
            "debt_ratio": 67.75,
            "inventory_turnover_ratio": 246.73,
            "account_receivable_turnover_ratio": 0.68,
            "reinvestment_rate": null,
            "research_to_sale_ratio": null,
            "price_fair": 0,
            "eps_avg_yearly": 0,
            "eps_latest_yearly": 0,
            "eps_growth_yearly": 0
        },
        "20231": {
            "year_quarter": 20231,
            "year": 2023,
            "quarter": 1,
            "eps": -0.03,
            "eps_growth_year": null,
            "eps_4q": -0.32,
            "eps_4q_growth_year": null,
            "roe": -0.69,
            "roe_4q": -7.789999999999999,
            "gross_profit": 2502,
            "gross_margin": 36.62,
            "gross_margin_4q_avg": 62.93,
            "net_income": -1634,
            "net_income_4q": null,
            "revenue": 6832,
            "revenue_4q": null,
            "common_shares": 596564,
            "book_valuer_per_share": 3.96,
            "book_valuer_per_share_4q_avg": 4.05,
            "equity": 236382,
            "current_ratio": 189.44,
            "debt_ratio": 67.39,
            "inventory_turnover_ratio": 866,
            "account_receivable_turnover_ratio": 3.1,
            "reinvestment_rate": null,
            "research_to_sale_ratio": null,
            "price_fair": 0,
            "eps_avg_yearly": 0,
            "eps_latest_yearly": 0,
            "eps_growth_yearly": 0
        },
        "20232": {
            "year_quarter": 20232,
            "year": 2023,
            "quarter": 2,
            "eps": -0.07,
            "eps_growth_year": null,
            "eps_4q": -0.26,
            "eps_4q_growth_year": null,
            "roe": -1.85,
            "roe_4q": -6.49,
            "gross_profit": 3255,
            "gross_margin": 47.71,
            "gross_margin_4q_avg": 57.08,
            "net_income": -4315,
            "net_income_4q": null,
            "revenue": 6823,
            "revenue_4q": null,
            "common_shares": 596564,
            "book_valuer_per_share": 3.88,
            "book_valuer_per_share_4q_avg": 3.99,
            "equity": 231270,
            "current_ratio": 185.88,
            "debt_ratio": 66.94,
            "inventory_turnover_ratio": 1019.43,
            "account_receivable_turnover_ratio": 4.72,
            "reinvestment_rate": null,
            "research_to_sale_ratio": null,
            "price_fair": 0,
            "eps_avg_yearly": 0,
            "eps_latest_yearly": 0,
            "eps_growth_yearly": 0
        },
        "20233": {
            "year_quarter": 20233,
            "year": 2023,
            "quarter": 3,
            "eps": 0.11,
            "eps_growth_year": null,
            "eps_4q": -0.11,
            "eps_4q_growth_year": null,
            "roe": 2.69,
            "roe_4q": -2.63,
            "gross_profit": 3857,
            "gross_margin": 59.58,
            "gross_margin_4q_avg": 54.17,
            "net_income": 6308,
            "net_income_4q": null,
            "revenue": 6474,
            "revenue_4q": null,
            "common_shares": 596564,
            "book_valuer_per_share": 3.99,
            "book_valuer_per_share_4q_avg": 3.96,
            "equity": 238195,
            "current_ratio": 217.37,
            "debt_ratio": 63.71,
            "inventory_turnover_ratio": 1308.5,
            "account_receivable_turnover_ratio": 7.2,
            "reinvestment_rate": null,
            "research_to_sale_ratio": null,
            "price_fair": 0,
            "eps_avg_yearly": 0,
            "eps_latest_yearly": 0,
            "eps_growth_yearly": 0
        }
    },
    "months": {
        "2011-07": {
            "month": "2011-07",
            "price": "102.63",
            "revenue": 45398
        },
        "2011-08": {
            "month": "2011-08",
            "price": "112.72",
            "revenue": 42774
        },
        "2011-09": {
            "month": "2011-09",
            "price": "106.19",
            "revenue": 55666
        },
        "2011-10": {
            "month": "2011-10",
            "price": "107.62",
            "revenue": 43671
        },
        "2011-11": {
            "month": "2011-11",
            "price": "98.02",
            "revenue": 51353
        },
        "2011-12": {
            "month": "2011-12",
            "price": "90.39",
            "revenue": 66619
        },
        "2012-01": {
            "month": "2012-01",
            "price": "89.34",
            "revenue": 32073
        },
        "2012-02": {
            "month": "2012-02",
            "price": "85.56",
            "revenue": 44207
        },
        "2012-03": {
            "month": "2012-03",
            "price": "91.88",
            "revenue": 61852
        },
        "2012-04": {
            "month": "2012-04",
            "price": "90.32",
            "revenue": 61478
        },
        "2012-05": {
            "month": "2012-05",
            "price": "90.73",
            "revenue": 72371
        },
        "2012-06": {
            "month": "2012-06",
            "price": "80.18",
            "revenue": 83523
        },
        "2012-07": {
            "month": "2012-07",
            "price": "78.62",
            "revenue": 67507
        },
        "2012-08": {
            "month": "2012-08",
            "price": "74.02",
            "revenue": 82088
        },
        "2012-09": {
            "month": "2012-09",
            "price": "81.95",
            "revenue": 80593
        },
        "2012-10": {
            "month": "2012-10",
            "price": "67.51",
            "revenue": 74025
        },
        "2012-11": {
            "month": "2012-11",
            "price": "58.23",
            "revenue": 66755
        },
        "2012-12": {
            "month": "2012-12",
            "price": "51.39",
            "revenue": 82002
        },
        "2013-01": {
            "month": "2013-01",
            "price": "56.58",
            "revenue": 60251
        },
        "2013-02": {
            "month": "2013-02",
            "price": "60.96",
            "revenue": 46628
        },
        "2013-03": {
            "month": "2013-03",
            "price": "59.12",
            "revenue": 78232
        },
        "2013-04": {
            "month": "2013-04",
            "price": "50.54",
            "revenue": 82310
        },
        "2013-05": {
            "month": "2013-05",
            "price": "51.26",
            "revenue": 86031
        },
        "2013-06": {
            "month": "2013-06",
            "price": "60.79",
            "revenue": 83349
        },
        "2013-07": {
            "month": "2013-07",
            "price": "63.27",
            "revenue": 84400
        },
        "2013-08": {
            "month": "2013-08",
            "price": "51.67",
            "revenue": 86260
        },
        "2013-09": {
            "month": "2013-09",
            "price": "47.09",
            "revenue": 97525
        },
        "2013-10": {
            "month": "2013-10",
            "price": "43.63",
            "revenue": 80576
        },
        "2013-11": {
            "month": "2013-11",
            "price": "36.49",
            "revenue": 80154
        },
        "2013-12": {
            "month": "2013-12",
            "price": "36.39",
            "revenue": 93513
        },
        "2014-01": {
            "month": "2014-01",
            "price": "38.51",
            "revenue": 69499
        },
        "2014-02": {
            "month": "2014-02",
            "price": "36.55",
            "revenue": 60826
        },
        "2014-03": {
            "month": "2014-03",
            "price": "36.66",
            "revenue": 80962
        },
        "2014-04": {
            "month": "2014-04",
            "price": "37.29",
            "revenue": 82867
        },
        "2014-05": {
            "month": "2014-05",
            "price": "34.65",
            "revenue": 87046
        },
        "2014-06": {
            "month": "2014-06",
            "price": "34.52",
            "revenue": 115395
        },
        "2014-07": {
            "month": "2014-07",
            "price": "34.62",
            "revenue": 84875
        },
        "2014-08": {
            "month": "2014-08",
            "price": "35.10",
            "revenue": 91347
        },
        "2014-09": {
            "month": "2014-09",
            "price": "35.02",
            "revenue": 93201
        },
        "2014-10": {
            "month": "2014-10",
            "price": "32.36",
            "revenue": 89273
        },
        "2014-11": {
            "month": "2014-11",
            "price": "29.22",
            "revenue": 88037
        },
        "2014-12": {
            "month": "2014-12",
            "price": "28.78",
            "revenue": 95156
        },
        "2015-01": {
            "month": "2015-01",
            "price": "28.61",
            "revenue": 70446
        },
        "2015-02": {
            "month": "2015-02",
            "price": "29.43",
            "revenue": 55016
        },
        "2015-03": {
            "month": "2015-03",
            "price": "29.46",
            "revenue": 77739
        },
        "2015-04": {
            "month": "2015-04",
            "price": "28.15",
            "revenue": 79912
        },
        "2015-05": {
            "month": "2015-05",
            "price": "23.89",
            "revenue": 89892
        },
        "2015-06": {
            "month": "2015-06",
            "price": "20.49",
            "revenue": 73251
        },
        "2015-07": {
            "month": "2015-07",
            "price": "19.65",
            "revenue": 76918
        },
        "2015-08": {
            "month": "2015-08",
            "price": "16.40",
            "revenue": 78035
        },
        "2015-09": {
            "month": "2015-09",
            "price": "15.07",
            "revenue": 69354
        },
        "2015-10": {
            "month": "2015-10",
            "price": "16.98",
            "revenue": 80874
        },
        "2015-11": {
            "month": "2015-11",
            "price": "16.09",
            "revenue": 74662
        },
        "2015-12": {
            "month": "2015-12",
            "price": "14.24",
            "revenue": 70588
        },
        "2016-01": {
            "month": "2016-01",
            "price": "13.15",
            "revenue": 66352
        },
        "2016-02": {
            "month": "2016-02",
            "price": "12.89",
            "revenue": 57035
        },
        "2016-03": {
            "month": "2016-03",
            "price": "14.18",
            "revenue": 74928
        },
        "2016-04": {
            "month": "2016-04",
            "price": "13.18",
            "revenue": 77479
        },
        "2016-05": {
            "month": "2016-05",
            "price": "12.42",
            "revenue": 71129
        },
        "2016-06": {
            "month": "2016-06",
            "price": "11.92",
            "revenue": 69838
        },
        "2016-07": {
            "month": "2016-07",
            "price": "11.62",
            "revenue": 73406
        },
        "2016-08": {
            "month": "2016-08",
            "price": "10.45",
            "revenue": 71418
        },
        "2016-09": {
            "month": "2016-09",
            "price": "9.69",
            "revenue": 60086
        },
        "2016-10": {
            "month": "2016-10",
            "price": "9.15",
            "revenue": 70867
        },
        "2016-11": {
            "month": "2016-11",
            "price": "7.22",
            "revenue": 68172
        },
        "2016-12": {
            "month": "2016-12",
            "price": "6.70",
            "revenue": 63489
        },
        "2017-01": {
            "month": "2017-01",
            "price": "6.61",
            "revenue": 54177
        },
        "2017-02": {
            "month": "2017-02",
            "price": "6.86",
            "revenue": 50470
        },
        "2017-03": {
            "month": "2017-03",
            "price": "6.88",
            "revenue": 65320
        },
        "2017-04": {
            "month": "2017-04",
            "price": "5.07",
            "revenue": 66285
        },
        "2017-05": {
            "month": "2017-05",
            "price": "4.89",
            "revenue": 60237
        },
        "2017-06": {
            "month": "2017-06",
            "price": "4.86",
            "revenue": 60534
        },
        "2017-07": {
            "month": "2017-07",
            "price": "4.32",
            "revenue": 64664
        },
        "2018-01": {
            "month": "2018-01",
            "price": "6.46",
            "revenue": 48766
        },
        "2018-02": {
            "month": "2018-02",
            "price": "5.75",
            "revenue": 40006
        },
        "2018-03": {
            "month": "2018-03",
            "price": "4.61",
            "revenue": 56978
        },
        "2018-04": {
            "month": "2018-04",
            "price": "4.33",
            "revenue": 61440
        },
        "2018-05": {
            "month": "2018-05",
            "price": "3.58",
            "revenue": 57160
        },
        "2018-06": {
            "month": "2018-06",
            "price": "2.78",
            "revenue": 57170
        },
        "2018-07": {
            "month": "2018-07",
            "price": "3.37",
            "revenue": 57817
        },
        "2018-08": {
            "month": "2018-08",
            "price": "3.25",
            "revenue": 58346
        },
        "2018-09": {
            "month": "2018-09",
            "price": "3.17",
            "revenue": 45974
        },
        "2018-10": {
            "month": "2018-10",
            "price": "3.17",
            "revenue": 52105
        },
        "2018-11": {
            "month": "2018-11",
            "price": "3.38",
            "revenue": 50792
        },
        "2018-12": {
            "month": "2018-12",
            "price": "2.96",
            "revenue": 50527
        },
        "2019-01": {
            "month": "2019-01",
            "price": "3.05",
            "revenue": 41621
        },
        "2019-02": {
            "month": "2019-02",
            "price": "3.21",
            "revenue": 36439
        },
        "2019-03": {
            "month": "2019-03",
            "price": "3.35",
            "revenue": 47058
        },
        "2019-04": {
            "month": "2019-04",
            "price": "2.98",
            "revenue": 50521
        },
        "2019-05": {
            "month": "2019-05",
            "price": "2.96",
            "revenue": 51014
        },
        "2019-06": {
            "month": "2019-06",
            "price": "3.02",
            "revenue": 47508
        },
        "2019-07": {
            "month": "2019-07",
            "price": "3.54",
            "revenue": 24931
        },
        "2019-08": {
            "month": "2019-08",
            "price": "3.09",
            "revenue": 25969
        },
        "2019-09": {
            "month": "2019-09",
            "price": "3.05",
            "revenue": 25248
        },
        "2019-10": {
            "month": "2019-10",
            "price": "3.00",
            "revenue": 25420
        },
        "2019-11": {
            "month": "2019-11",
            "price": "3.25",
            "revenue": 27919
        },
        "2019-12": {
            "month": "2019-12",
            "price": "2.98",
            "revenue": 31749
        },
        "2020-01": {
            "month": "2020-01",
            "price": "3.09",
            "revenue": 25203
        },
        "2020-02": {
            "month": "2020-02",
            "price": "2.76",
            "revenue": 14195
        },
        "2020-03": {
            "month": "2020-03",
            "price": "2.79",
            "revenue": 9262
        },
        "2020-04": {
            "month": "2020-04",
            "price": "2.19",
            "revenue": 8962
        },
        "2020-05": {
            "month": "2020-05",
            "price": "2.90",
            "revenue": 8921
        },
        "2020-06": {
            "month": "2020-06",
            "price": "3.55",
            "revenue": 13785
        },
        "2020-07": {
            "month": "2020-07",
            "price": "3.58",
            "revenue": 17773
        },
        "2020-08": {
            "month": "2020-08",
            "price": "3.11",
            "revenue": 20297
        },
        "2020-09": {
            "month": "2020-09",
            "price": "3.37",
            "revenue": 17277
        },
        "2020-10": {
            "month": "2020-10",
            "price": "3.49",
            "revenue": 9350
        },
        "2020-11": {
            "month": "2020-11",
            "price": "3.50",
            "revenue": 9868
        },
        "2020-12": {
            "month": "2020-12",
            "price": "3.37",
            "revenue": 8870
        },
        "2021-01": {
            "month": "2021-01",
            "price": "3.27",
            "revenue": 8428
        },
        "2021-02": {
            "month": "2021-02",
            "price": "3.68",
            "revenue": 7790
        },
        "2021-03": {
            "month": "2021-03",
            "price": "4.39",
            "revenue": 7765
        },
        "2021-04": {
            "month": "2021-04",
            "price": "5.76",
            "revenue": 5414
        },
        "2021-05": {
            "month": "2021-05",
            "price": "5.78",
            "revenue": 5504
        },
        "2021-06": {
            "month": "2021-06",
            "price": "5.90",
            "revenue": 6653
        },
        "2021-07": {
            "month": "2021-07",
            "price": "5.90",
            "revenue": 6156
        },
        "2021-08": {
            "month": "2021-08",
            "price": "5.46",
            "revenue": 7637
        },
        "2021-09": {
            "month": "2021-09",
            "price": "5.42",
            "revenue": 6136
        },
        "2021-10": {
            "month": "2021-10",
            "price": "6.84",
            "revenue": 2927
        },
        "2021-11": {
            "month": "2021-11",
            "price": "7.24",
            "revenue": 2823
        },
        "2021-12": {
            "month": "2021-12",
            "price": "8.46",
            "revenue": 3096
        },
        "2022-01": {
            "month": "2022-01",
            "price": "17.59",
            "revenue": 3049
        },
        "2022-02": {
            "month": "2022-02",
            "price": "13.73",
            "revenue": 2885
        },
        "2022-03": {
            "month": "2022-03",
            "price": "15.50",
            "revenue": 4198
        },
        "2022-04": {
            "month": "2022-04",
            "price": "15.00",
            "revenue": 4218
        },
        "2022-05": {
            "month": "2022-05",
            "price": "15.35",
            "revenue": 2940
        },
        "2022-06": {
            "month": "2022-06",
            "price": "15.28",
            "revenue": 2604
        },
        "2022-07": {
            "month": "2022-07",
            "price": "15.02",
            "revenue": 4447
        },
        "2022-08": {
            "month": "2022-08",
            "price": "14.96",
            "revenue": 3815
        },
        "2022-09": {
            "month": "2022-09",
            "price": "14.43",
            "revenue": 3910
        },
        "2022-10": {
            "month": "2022-10",
            "price": "14.22",
            "revenue": 3914
        },
        "2022-11": {
            "month": "2022-11",
            "price": "13.91",
            "revenue": 2204
        },
        "2022-12": {
            "month": "2022-12",
            "price": "13.58",
            "revenue": 2076
        },
        "2023-01": {
            "month": "2023-01",
            "price": "12.98",
            "revenue": 2301
        },
        "2023-02": {
            "month": "2023-02",
            "price": "13.71",
            "revenue": 2138
        },
        "2023-03": {
            "month": "2023-03",
            "price": "14.44",
            "revenue": 2547
        },
        "2023-04": {
            "month": "2023-04",
            "price": "13.68",
            "revenue": 2743
        },
        "2023-05": {
            "month": "2023-05",
            "price": "13.57",
            "revenue": 2084
        },
        "2023-06": {
            "month": "2023-06",
            "price": "13.26",
            "revenue": 2044
        },
        "2023-07": {
            "month": "2023-07",
            "price": "14.32",
            "revenue": 1822
        },
        "2023-08": {
            "month": "2023-08",
            "price": "14.08",
            "revenue": 1774
        },
        "2023-09": {
            "month": "2023-09",
            "price": "13.88",
            "revenue": 2666
        },
        "2023-10": {
            "month": "2023-10",
            "price": "13.50",
            "revenue": 2704
        },
        "2023-11": {
            "month": "2023-11",
            "price": "13.59",
            "revenue": 10510
        },
        "2023-12": {
            "month": "2023-12",
            "price": "13.53",
            "revenue": 4767
        }
    }
}
