{
    "summary": {
        "stock_name": "雅茗-KY",
        "stock_id": "2726",
        "category": "觀光",
        "main_business": "餐飲銷售及連鎖加盟",
        "website_url": "http://www.yummy-town.tw/",
        "ceo": "吳伯超",
        "pe_ratio": -3,
        "report_year_from": 2011,
        "report_year_to": 2023,
        "age": 12,
        "eps_negative_percentage": 30,
        "eps_growth_avg": {
            "last_all": -1.57,
            "last_2y": -86.58,
            "last_4y": -47.24,
            "last_8y": null,
            "last_12y": null,
            "last_16y": null,
            "last_20y": null,
            "at_2006_last_3y": null,
            "at_2007_last_3y": null,
            "at_2008_last_3y": null,
            "at_2009_last_3y": null,
            "at_2010_last_3y": null,
            "at_2011_last_3y": null,
            "at_2012_last_3y": null,
            "at_2013_last_3y": null,
            "at_2014_last_3y": null,
            "at_2015_last_3y": null,
            "at_2016_last_3y": null,
            "at_2017_last_3y": null,
            "at_2018_last_3y": 34.9,
            "at_2019_last_3y": 15.55,
            "at_2020_last_3y": -17.08,
            "at_2021_last_3y": -47.24,
            "at_2022_last_3y": -50.19,
            "at_2023_last_3y": -50.19,
            "at_2006_last_all": null,
            "at_2007_last_all": null,
            "at_2008_last_all": null,
            "at_2009_last_all": null,
            "at_2010_last_all": null,
            "at_2011_last_all": null,
            "at_2012_last_all": null,
            "at_2013_last_all": null,
            "at_2014_last_all": null,
            "at_2015_last_all": null,
            "at_2016_last_all": 78.68,
            "at_2017_last_all": 59.33,
            "at_2018_last_all": 34.9,
            "at_2019_last_all": 32.44,
            "at_2020_last_all": 14.84,
            "at_2021_last_all": -1.57,
            "at_2022_last_all": -1.57,
            "at_2023_last_all": -1.57
        },
        "latest_eps": -8.29,
        "latest_price": 26,
        "latest_roe": -75.24,
        "latest_gross_margin": 55.88,
        "latest_equity": 246213,
        "latest_revenue": 179665,
        "latest_gross_profit": 100397,
        "latest_net_income": -10018,
        "latest_debt_ratio": 68.7,
        "latest_current_ratio": 168.94,
        "latest_account_receivable_turnover_ratio": 4.24,
        "latest_inventory_turnover_ratio": 1.48,
        "latest_reinvestment_rate": null,
        "latest_research_to_sale_ratio": 1.52
    },
    "eps_dividends": {
        "2001": {
            "cash": 0,
            "stock": 0,
            "eps": 0
        },
        "2002": {
            "cash": 0,
            "stock": 0,
            "eps": 0
        },
        "2003": {
            "cash": 0,
            "stock": 0,
            "eps": 0
        },
        "2004": {
            "cash": 0,
            "stock": 0,
            "eps": 0
        },
        "2005": {
            "cash": 0,
            "stock": 0,
            "eps": 0
        },
        "2006": {
            "cash": 0,
            "stock": 0,
            "eps": 0
        },
        "2007": {
            "cash": 0,
            "stock": 0,
            "eps": 0
        },
        "2008": {
            "cash": 0,
            "stock": 0,
            "eps": 0
        },
        "2009": {
            "cash": 0,
            "stock": 0,
            "eps": 0
        },
        "2010": {
            "cash": 0,
            "stock": 0,
            "eps": 0
        },
        "2011": {
            "cash": 0,
            "stock": 0,
            "eps": 0
        },
        "2012": {
            "cash": 0,
            "stock": 0,
            "eps": 0
        },
        "2013": {
            "cash": 2,
            "stock": 2,
            "eps": 0
        },
        "2014": {
            "cash": 1.5,
            "stock": 0.5,
            "eps": 1.26
        },
        "2015": {
            "cash": 2,
            "stock": 0,
            "eps": 2.65
        },
        "2016": {
            "cash": 1.5,
            "stock": 1,
            "eps": 4.17
        },
        "2017": {
            "cash": 3,
            "stock": 0,
            "eps": 5.03
        },
        "2018": {
            "cash": 4,
            "stock": 0,
            "eps": 3.1
        },
        "2019": {
            "cash": 3,
            "stock": 0,
            "eps": 3.8
        },
        "2020": {
            "cash": 2.5,
            "stock": 0.5,
            "eps": 1.02
        },
        "2021": {
            "cash": 0.5,
            "stock": 0,
            "eps": -2.65
        },
        "2022": {
            "cash": 0,
            "stock": 0,
            "eps": -7.91
        },
        "2023": {
            "cash": 0,
            "stock": 0,
            "eps": -0.33
        }
    },
    "dividends": {
        "2013-06-26": {
            "cash": 2,
            "stock": 2
        },
        "2014-05-14": {
            "cash": 1.5,
            "stock": 0.5
        },
        "2015-08-25": {
            "cash": 2,
            "stock": 0
        },
        "2016-10-05": {
            "cash": 1.5,
            "stock": 1
        },
        "2017-08-11": {
            "cash": 3,
            "stock": 0
        },
        "2018-08-24": {
            "cash": 4,
            "stock": 0
        },
        "2019-07-29": {
            "cash": 3,
            "stock": 0
        },
        "2020-05-22": {
            "cash": 2.5,
            "stock": 0.5
        },
        "2021-06-18": {
            "cash": 0.5,
            "stock": 0
        }
    },
    "prices": {
        "200101": "無",
        "200102": "無",
        "200103": "無",
        "200104": "無",
        "200105": "無",
        "200106": "無",
        "200107": "無",
        "200108": "無",
        "200109": "無",
        "200110": "無",
        "200111": "無",
        "200112": "無",
        "200201": "無",
        "200202": "無",
        "200203": "無",
        "200204": "無",
        "200205": "無",
        "200206": "無",
        "200207": "無",
        "200208": "無",
        "200209": "無",
        "200210": "無",
        "200211": "無",
        "200212": "無",
        "200301": "無",
        "200302": "無",
        "200303": "無",
        "200304": "無",
        "200305": "無",
        "200306": "無",
        "200307": "無",
        "200308": "無",
        "200309": "無",
        "200310": "無",
        "200311": "無",
        "200312": "無",
        "200401": "無",
        "200402": "無",
        "200403": "無",
        "200404": "無",
        "200405": "無",
        "200406": "無",
        "200407": "無",
        "200408": "無",
        "200409": "無",
        "200410": "無",
        "200411": "無",
        "200412": "無",
        "200501": "無",
        "200502": "無",
        "200503": "無",
        "200504": "無",
        "200505": "無",
        "200506": "無",
        "200507": "無",
        "200508": "無",
        "200509": "無",
        "200510": "無",
        "200511": "無",
        "200512": "無",
        "200601": "無",
        "200602": "無",
        "200603": "無",
        "200604": "無",
        "200605": "無",
        "200606": "無",
        "200607": "無",
        "200608": "無",
        "200609": "無",
        "200610": "無",
        "200611": "無",
        "200612": "無",
        "200701": "無",
        "200702": "無",
        "200703": "無",
        "200704": "無",
        "200705": "無",
        "200706": "無",
        "200707": "無",
        "200708": "無",
        "200709": "無",
        "200710": "無",
        "200711": "無",
        "200712": "無",
        "200801": "無",
        "200802": "無",
        "200803": "無",
        "200804": "無",
        "200805": "無",
        "200806": "無",
        "200807": "無",
        "200808": "無",
        "200809": "無",
        "200810": "無",
        "200811": "無",
        "200812": "無",
        "200901": "無",
        "200902": "無",
        "200903": "無",
        "200904": "無",
        "200905": "無",
        "200906": "無",
        "200907": "無",
        "200908": "無",
        "200909": "無",
        "200910": "無",
        "200911": "無",
        "200912": "無",
        "201001": "無",
        "201002": "無",
        "201003": "無",
        "201004": "無",
        "201005": "無",
        "201006": "無",
        "201007": "無",
        "201008": "無",
        "201009": "無",
        "201010": "無",
        "201011": "無",
        "201012": "無",
        "201101": "無",
        "201102": "無",
        "201103": "無",
        "201104": "無",
        "201105": "無",
        "201106": "無",
        "201107": "無",
        "201108": "無",
        "201109": "無",
        "201110": "無",
        "201111": "無",
        "201112": "無",
        "201201": "無",
        "201202": "無",
        "201203": "無",
        "201204": "無",
        "201205": "無",
        "201206": "無",
        "201207": "無",
        "201208": "無",
        "201209": "無",
        "201210": "無",
        "201211": "無",
        "201212": "無",
        "201301": "無",
        "201302": "無",
        "201303": "無",
        "201304": "無",
        "201305": "無",
        "201306": "無",
        "201307": "無",
        "201308": "無",
        "201309": "無",
        "201310": "無",
        "201311": "無",
        "201312": "無",
        "201401": "無",
        "201402": "無",
        "201403": "無",
        "201404": "無",
        "201405": "無",
        "201406": "無",
        "201407": "無",
        "201408": "無",
        "201409": "無",
        "201410": "無",
        "201411": "無",
        "201412": "41.12",
        "201501": "39.52",
        "201502": "38.79",
        "201503": "39.85",
        "201504": "42.92",
        "201505": "43.82",
        "201506": "49.06",
        "201507": "47.70",
        "201508": "48.74",
        "201509": "45.59",
        "201510": "47.25",
        "201511": "54.73",
        "201512": "62.52",
        "201601": "69.83",
        "201602": "70.32",
        "201603": "68.80",
        "201604": "67.82",
        "201605": "69.36",
        "201606": "67.72",
        "201607": "68.96",
        "201608": "72.83",
        "201609": "70.61",
        "201610": "67.24",
        "201611": "66.87",
        "201612": "68.06",
        "201701": "63.71",
        "201702": "64.24",
        "201703": "68.04",
        "201704": "73.36",
        "201705": "96.94",
        "201706": "104.71",
        "201707": "104.76",
        "201708": "100.68",
        "201709": "100.94",
        "201710": "101.39",
        "201711": "95.15",
        "201712": "92.29",
        "201801": "93.96",
        "201802": "89.45",
        "201803": "83.72",
        "201804": "82.34",
        "201805": "76.66",
        "201806": "71.50",
        "201807": "69.80",
        "201808": "62.05",
        "201809": "60.59",
        "201810": "50.35",
        "201811": "46.56",
        "201812": "52.99",
        "201901": "52.23",
        "201902": "62.78",
        "201903": "63.30",
        "201904": "64.70",
        "201905": "69.85",
        "201906": "74.03",
        "201907": "76.43",
        "201908": "72.72",
        "201909": "70.31",
        "201910": "61.02",
        "201911": "60.50",
        "201912": "60.01",
        "202001": "71.67",
        "202002": "61.74",
        "202003": "54.56",
        "202004": "56.56",
        "202005": "61.35",
        "202006": "63.23",
        "202007": "66.04",
        "202008": "63.95",
        "202009": "62.28",
        "202010": "61.78",
        "202011": "66.87",
        "202012": "69.50",
        "202101": "68.26",
        "202102": "70.08",
        "202103": "80.84",
        "202104": "77.48",
        "202105": "67.45",
        "202106": "72.49",
        "202107": "69.40",
        "202108": "49.47",
        "202109": "41.20",
        "202110": "36.49",
        "202111": "34.37",
        "202112": "31.84",
        "202201": "27.36",
        "202202": "29.25",
        "202203": "29.35",
        "202204": "27.43",
        "202205": "24.97",
        "202206": "27.03",
        "202207": "24.67",
        "202208": "25.68",
        "202209": "23.84",
        "202210": "21.22",
        "202211": "19.25",
        "202212": "23.42",
        "202301": "22.82",
        "202302": "25.21",
        "202303": "27.86",
        "202304": "27.81",
        "202305": "26.74"
    },
    "quarters": {
        "20011": {
            "year_quarter": 20011,
            "year": 2001,
            "quarter": 1,
            "eps": null,
            "eps_growth_year": null,
            "eps_4q": null,
            "eps_4q_growth_year": null,
            "roe": null,
            "roe_4q": 0,
            "gross_profit": null,
            "gross_margin": null,
            "gross_margin_4q_avg": 0,
            "net_income": null,
            "revenue": null,
            "common_shares": null,
            "book_valuer_per_share": null,
            "book_valuer_per_share_4q_avg": 0,
            "equity": null,
            "current_ratio": null,
            "debt_ratio": null,
            "inventory_turnover_ratio": null,
            "account_receivable_turnover_ratio": null,
            "reinvestment_rate": null,
            "research_to_sale_ratio": null,
            "price_fair": 0,
            "eps_avg_yearly": 0,
            "eps_latest_yearly": 0,
            "eps_growth_yearly": 0
        },
        "20012": {
            "year_quarter": 20012,
            "year": 2001,
            "quarter": 2,
            "eps": null,
            "eps_growth_year": null,
            "eps_4q": null,
            "eps_4q_growth_year": null,
            "roe": null,
            "roe_4q": 0,
            "gross_profit": null,
            "gross_margin": null,
            "gross_margin_4q_avg": 0,
            "net_income": null,
            "revenue": null,
            "common_shares": null,
            "book_valuer_per_share": null,
            "book_valuer_per_share_4q_avg": 0,
            "equity": null,
            "current_ratio": null,
            "debt_ratio": null,
            "inventory_turnover_ratio": null,
            "account_receivable_turnover_ratio": null,
            "reinvestment_rate": null,
            "research_to_sale_ratio": null,
            "price_fair": 0,
            "eps_avg_yearly": 0,
            "eps_latest_yearly": 0,
            "eps_growth_yearly": 0
        },
        "20013": {
            "year_quarter": 20013,
            "year": 2001,
            "quarter": 3,
            "eps": null,
            "eps_growth_year": null,
            "eps_4q": null,
            "eps_4q_growth_year": null,
            "roe": null,
            "roe_4q": 0,
            "gross_profit": null,
            "gross_margin": null,
            "gross_margin_4q_avg": 0,
            "net_income": null,
            "revenue": null,
            "common_shares": null,
            "book_valuer_per_share": null,
            "book_valuer_per_share_4q_avg": 0,
            "equity": null,
            "current_ratio": null,
            "debt_ratio": null,
            "inventory_turnover_ratio": null,
            "account_receivable_turnover_ratio": null,
            "reinvestment_rate": null,
            "research_to_sale_ratio": null,
            "price_fair": 0,
            "eps_avg_yearly": 0,
            "eps_latest_yearly": 0,
            "eps_growth_yearly": 0
        },
        "20014": {
            "year_quarter": 20014,
            "year": 2001,
            "quarter": 4,
            "eps": null,
            "eps_growth_year": null,
            "eps_4q": null,
            "eps_4q_growth_year": null,
            "roe": null,
            "roe_4q": 0,
            "gross_profit": null,
            "gross_margin": null,
            "gross_margin_4q_avg": 0,
            "net_income": null,
            "revenue": null,
            "common_shares": null,
            "book_valuer_per_share": null,
            "book_valuer_per_share_4q_avg": 0,
            "equity": null,
            "current_ratio": null,
            "debt_ratio": null,
            "inventory_turnover_ratio": null,
            "account_receivable_turnover_ratio": null,
            "reinvestment_rate": null,
            "research_to_sale_ratio": null,
            "price_fair": 0,
            "eps_avg_yearly": 0,
            "eps_latest_yearly": 0,
            "eps_growth_yearly": 0
        },
        "20021": {
            "year_quarter": 20021,
            "year": 2002,
            "quarter": 1,
            "eps": null,
            "eps_growth_year": null,
            "eps_4q": null,
            "eps_4q_growth_year": null,
            "roe": null,
            "roe_4q": 0,
            "gross_profit": null,
            "gross_margin": null,
            "gross_margin_4q_avg": 0,
            "net_income": null,
            "revenue": null,
            "common_shares": null,
            "book_valuer_per_share": null,
            "book_valuer_per_share_4q_avg": 0,
            "equity": null,
            "current_ratio": null,
            "debt_ratio": null,
            "inventory_turnover_ratio": null,
            "account_receivable_turnover_ratio": null,
            "reinvestment_rate": null,
            "research_to_sale_ratio": null,
            "price_fair": 0,
            "eps_avg_yearly": 0,
            "eps_latest_yearly": 0,
            "eps_growth_yearly": 0
        },
        "20022": {
            "year_quarter": 20022,
            "year": 2002,
            "quarter": 2,
            "eps": null,
            "eps_growth_year": null,
            "eps_4q": null,
            "eps_4q_growth_year": null,
            "roe": null,
            "roe_4q": 0,
            "gross_profit": null,
            "gross_margin": null,
            "gross_margin_4q_avg": 0,
            "net_income": null,
            "revenue": null,
            "common_shares": null,
            "book_valuer_per_share": null,
            "book_valuer_per_share_4q_avg": 0,
            "equity": null,
            "current_ratio": null,
            "debt_ratio": null,
            "inventory_turnover_ratio": null,
            "account_receivable_turnover_ratio": null,
            "reinvestment_rate": null,
            "research_to_sale_ratio": null,
            "price_fair": 0,
            "eps_avg_yearly": 0,
            "eps_latest_yearly": 0,
            "eps_growth_yearly": 0
        },
        "20023": {
            "year_quarter": 20023,
            "year": 2002,
            "quarter": 3,
            "eps": null,
            "eps_growth_year": null,
            "eps_4q": null,
            "eps_4q_growth_year": null,
            "roe": null,
            "roe_4q": 0,
            "gross_profit": null,
            "gross_margin": null,
            "gross_margin_4q_avg": 0,
            "net_income": null,
            "revenue": null,
            "common_shares": null,
            "book_valuer_per_share": null,
            "book_valuer_per_share_4q_avg": 0,
            "equity": null,
            "current_ratio": null,
            "debt_ratio": null,
            "inventory_turnover_ratio": null,
            "account_receivable_turnover_ratio": null,
            "reinvestment_rate": null,
            "research_to_sale_ratio": null,
            "price_fair": 0,
            "eps_avg_yearly": 0,
            "eps_latest_yearly": 0,
            "eps_growth_yearly": 0
        },
        "20024": {
            "year_quarter": 20024,
            "year": 2002,
            "quarter": 4,
            "eps": null,
            "eps_growth_year": null,
            "eps_4q": null,
            "eps_4q_growth_year": null,
            "roe": null,
            "roe_4q": 0,
            "gross_profit": null,
            "gross_margin": null,
            "gross_margin_4q_avg": 0,
            "net_income": null,
            "revenue": null,
            "common_shares": null,
            "book_valuer_per_share": null,
            "book_valuer_per_share_4q_avg": 0,
            "equity": null,
            "current_ratio": null,
            "debt_ratio": null,
            "inventory_turnover_ratio": null,
            "account_receivable_turnover_ratio": null,
            "reinvestment_rate": null,
            "research_to_sale_ratio": null,
            "price_fair": 0,
            "eps_avg_yearly": 0,
            "eps_latest_yearly": 0,
            "eps_growth_yearly": 0
        },
        "20031": {
            "year_quarter": 20031,
            "year": 2003,
            "quarter": 1,
            "eps": null,
            "eps_growth_year": null,
            "eps_4q": null,
            "eps_4q_growth_year": null,
            "roe": null,
            "roe_4q": 0,
            "gross_profit": null,
            "gross_margin": null,
            "gross_margin_4q_avg": 0,
            "net_income": null,
            "revenue": null,
            "common_shares": null,
            "book_valuer_per_share": null,
            "book_valuer_per_share_4q_avg": 0,
            "equity": null,
            "current_ratio": null,
            "debt_ratio": null,
            "inventory_turnover_ratio": null,
            "account_receivable_turnover_ratio": null,
            "reinvestment_rate": null,
            "research_to_sale_ratio": null,
            "price_fair": 0,
            "eps_avg_yearly": 0,
            "eps_latest_yearly": 0,
            "eps_growth_yearly": 0
        },
        "20032": {
            "year_quarter": 20032,
            "year": 2003,
            "quarter": 2,
            "eps": null,
            "eps_growth_year": null,
            "eps_4q": null,
            "eps_4q_growth_year": null,
            "roe": null,
            "roe_4q": 0,
            "gross_profit": null,
            "gross_margin": null,
            "gross_margin_4q_avg": 0,
            "net_income": null,
            "revenue": null,
            "common_shares": null,
            "book_valuer_per_share": null,
            "book_valuer_per_share_4q_avg": 0,
            "equity": null,
            "current_ratio": null,
            "debt_ratio": null,
            "inventory_turnover_ratio": null,
            "account_receivable_turnover_ratio": null,
            "reinvestment_rate": null,
            "research_to_sale_ratio": null,
            "price_fair": 0,
            "eps_avg_yearly": 0,
            "eps_latest_yearly": 0,
            "eps_growth_yearly": 0
        },
        "20033": {
            "year_quarter": 20033,
            "year": 2003,
            "quarter": 3,
            "eps": null,
            "eps_growth_year": null,
            "eps_4q": null,
            "eps_4q_growth_year": null,
            "roe": null,
            "roe_4q": 0,
            "gross_profit": null,
            "gross_margin": null,
            "gross_margin_4q_avg": 0,
            "net_income": null,
            "revenue": null,
            "common_shares": null,
            "book_valuer_per_share": null,
            "book_valuer_per_share_4q_avg": 0,
            "equity": null,
            "current_ratio": null,
            "debt_ratio": null,
            "inventory_turnover_ratio": null,
            "account_receivable_turnover_ratio": null,
            "reinvestment_rate": null,
            "research_to_sale_ratio": null,
            "price_fair": 0,
            "eps_avg_yearly": 0,
            "eps_latest_yearly": 0,
            "eps_growth_yearly": 0
        },
        "20034": {
            "year_quarter": 20034,
            "year": 2003,
            "quarter": 4,
            "eps": null,
            "eps_growth_year": null,
            "eps_4q": null,
            "eps_4q_growth_year": null,
            "roe": null,
            "roe_4q": 0,
            "gross_profit": null,
            "gross_margin": null,
            "gross_margin_4q_avg": 0,
            "net_income": null,
            "revenue": null,
            "common_shares": null,
            "book_valuer_per_share": null,
            "book_valuer_per_share_4q_avg": 0,
            "equity": null,
            "current_ratio": null,
            "debt_ratio": null,
            "inventory_turnover_ratio": null,
            "account_receivable_turnover_ratio": null,
            "reinvestment_rate": null,
            "research_to_sale_ratio": null,
            "price_fair": 0,
            "eps_avg_yearly": 0,
            "eps_latest_yearly": 0,
            "eps_growth_yearly": 0
        },
        "20041": {
            "year_quarter": 20041,
            "year": 2004,
            "quarter": 1,
            "eps": null,
            "eps_growth_year": null,
            "eps_4q": null,
            "eps_4q_growth_year": null,
            "roe": null,
            "roe_4q": 0,
            "gross_profit": null,
            "gross_margin": null,
            "gross_margin_4q_avg": 0,
            "net_income": null,
            "revenue": null,
            "common_shares": null,
            "book_valuer_per_share": null,
            "book_valuer_per_share_4q_avg": 0,
            "equity": null,
            "current_ratio": null,
            "debt_ratio": null,
            "inventory_turnover_ratio": null,
            "account_receivable_turnover_ratio": null,
            "reinvestment_rate": null,
            "research_to_sale_ratio": null,
            "price_fair": 0,
            "eps_avg_yearly": 0,
            "eps_latest_yearly": 0,
            "eps_growth_yearly": 0
        },
        "20042": {
            "year_quarter": 20042,
            "year": 2004,
            "quarter": 2,
            "eps": null,
            "eps_growth_year": null,
            "eps_4q": null,
            "eps_4q_growth_year": null,
            "roe": null,
            "roe_4q": 0,
            "gross_profit": null,
            "gross_margin": null,
            "gross_margin_4q_avg": 0,
            "net_income": null,
            "revenue": null,
            "common_shares": null,
            "book_valuer_per_share": null,
            "book_valuer_per_share_4q_avg": 0,
            "equity": null,
            "current_ratio": null,
            "debt_ratio": null,
            "inventory_turnover_ratio": null,
            "account_receivable_turnover_ratio": null,
            "reinvestment_rate": null,
            "research_to_sale_ratio": null,
            "price_fair": 0,
            "eps_avg_yearly": 0,
            "eps_latest_yearly": 0,
            "eps_growth_yearly": 0
        },
        "20043": {
            "year_quarter": 20043,
            "year": 2004,
            "quarter": 3,
            "eps": null,
            "eps_growth_year": null,
            "eps_4q": null,
            "eps_4q_growth_year": null,
            "roe": null,
            "roe_4q": 0,
            "gross_profit": null,
            "gross_margin": null,
            "gross_margin_4q_avg": 0,
            "net_income": null,
            "revenue": null,
            "common_shares": null,
            "book_valuer_per_share": null,
            "book_valuer_per_share_4q_avg": 0,
            "equity": null,
            "current_ratio": null,
            "debt_ratio": null,
            "inventory_turnover_ratio": null,
            "account_receivable_turnover_ratio": null,
            "reinvestment_rate": null,
            "research_to_sale_ratio": null,
            "price_fair": 0,
            "eps_avg_yearly": 0,
            "eps_latest_yearly": 0,
            "eps_growth_yearly": 0
        },
        "20044": {
            "year_quarter": 20044,
            "year": 2004,
            "quarter": 4,
            "eps": null,
            "eps_growth_year": null,
            "eps_4q": null,
            "eps_4q_growth_year": null,
            "roe": null,
            "roe_4q": 0,
            "gross_profit": null,
            "gross_margin": null,
            "gross_margin_4q_avg": 0,
            "net_income": null,
            "revenue": null,
            "common_shares": null,
            "book_valuer_per_share": null,
            "book_valuer_per_share_4q_avg": 0,
            "equity": null,
            "current_ratio": null,
            "debt_ratio": null,
            "inventory_turnover_ratio": null,
            "account_receivable_turnover_ratio": null,
            "reinvestment_rate": null,
            "research_to_sale_ratio": null,
            "price_fair": 0,
            "eps_avg_yearly": 0,
            "eps_latest_yearly": 0,
            "eps_growth_yearly": 0
        },
        "20051": {
            "year_quarter": 20051,
            "year": 2005,
            "quarter": 1,
            "eps": null,
            "eps_growth_year": null,
            "eps_4q": null,
            "eps_4q_growth_year": null,
            "roe": null,
            "roe_4q": 0,
            "gross_profit": null,
            "gross_margin": null,
            "gross_margin_4q_avg": 0,
            "net_income": null,
            "revenue": null,
            "common_shares": null,
            "book_valuer_per_share": null,
            "book_valuer_per_share_4q_avg": 0,
            "equity": null,
            "current_ratio": null,
            "debt_ratio": null,
            "inventory_turnover_ratio": null,
            "account_receivable_turnover_ratio": null,
            "reinvestment_rate": null,
            "research_to_sale_ratio": null,
            "price_fair": 0,
            "eps_avg_yearly": 0,
            "eps_latest_yearly": 0,
            "eps_growth_yearly": 0
        },
        "20052": {
            "year_quarter": 20052,
            "year": 2005,
            "quarter": 2,
            "eps": null,
            "eps_growth_year": null,
            "eps_4q": null,
            "eps_4q_growth_year": null,
            "roe": null,
            "roe_4q": 0,
            "gross_profit": null,
            "gross_margin": null,
            "gross_margin_4q_avg": 0,
            "net_income": null,
            "revenue": null,
            "common_shares": null,
            "book_valuer_per_share": null,
            "book_valuer_per_share_4q_avg": 0,
            "equity": null,
            "current_ratio": null,
            "debt_ratio": null,
            "inventory_turnover_ratio": null,
            "account_receivable_turnover_ratio": null,
            "reinvestment_rate": null,
            "research_to_sale_ratio": null,
            "price_fair": 0,
            "eps_avg_yearly": 0,
            "eps_latest_yearly": 0,
            "eps_growth_yearly": 0
        },
        "20053": {
            "year_quarter": 20053,
            "year": 2005,
            "quarter": 3,
            "eps": null,
            "eps_growth_year": null,
            "eps_4q": null,
            "eps_4q_growth_year": null,
            "roe": null,
            "roe_4q": 0,
            "gross_profit": null,
            "gross_margin": null,
            "gross_margin_4q_avg": 0,
            "net_income": null,
            "revenue": null,
            "common_shares": null,
            "book_valuer_per_share": null,
            "book_valuer_per_share_4q_avg": 0,
            "equity": null,
            "current_ratio": null,
            "debt_ratio": null,
            "inventory_turnover_ratio": null,
            "account_receivable_turnover_ratio": null,
            "reinvestment_rate": null,
            "research_to_sale_ratio": null,
            "price_fair": 0,
            "eps_avg_yearly": 0,
            "eps_latest_yearly": 0,
            "eps_growth_yearly": 0
        },
        "20054": {
            "year_quarter": 20054,
            "year": 2005,
            "quarter": 4,
            "eps": null,
            "eps_growth_year": null,
            "eps_4q": null,
            "eps_4q_growth_year": null,
            "roe": null,
            "roe_4q": 0,
            "gross_profit": null,
            "gross_margin": null,
            "gross_margin_4q_avg": 0,
            "net_income": null,
            "revenue": null,
            "common_shares": null,
            "book_valuer_per_share": null,
            "book_valuer_per_share_4q_avg": 0,
            "equity": null,
            "current_ratio": null,
            "debt_ratio": null,
            "inventory_turnover_ratio": null,
            "account_receivable_turnover_ratio": null,
            "reinvestment_rate": null,
            "research_to_sale_ratio": null,
            "price_fair": 0,
            "eps_avg_yearly": 0,
            "eps_latest_yearly": 0,
            "eps_growth_yearly": 0
        },
        "20061": {
            "year_quarter": 20061,
            "year": 2006,
            "quarter": 1,
            "eps": null,
            "eps_growth_year": null,
            "eps_4q": null,
            "eps_4q_growth_year": null,
            "roe": null,
            "roe_4q": 0,
            "gross_profit": null,
            "gross_margin": null,
            "gross_margin_4q_avg": 0,
            "net_income": null,
            "revenue": null,
            "common_shares": null,
            "book_valuer_per_share": null,
            "book_valuer_per_share_4q_avg": 0,
            "equity": null,
            "current_ratio": null,
            "debt_ratio": null,
            "inventory_turnover_ratio": null,
            "account_receivable_turnover_ratio": null,
            "reinvestment_rate": null,
            "research_to_sale_ratio": null,
            "price_fair": 0,
            "eps_avg_yearly": 0,
            "eps_latest_yearly": 0,
            "eps_growth_yearly": 0
        },
        "20062": {
            "year_quarter": 20062,
            "year": 2006,
            "quarter": 2,
            "eps": null,
            "eps_growth_year": null,
            "eps_4q": null,
            "eps_4q_growth_year": null,
            "roe": null,
            "roe_4q": 0,
            "gross_profit": null,
            "gross_margin": null,
            "gross_margin_4q_avg": 0,
            "net_income": null,
            "revenue": null,
            "common_shares": null,
            "book_valuer_per_share": null,
            "book_valuer_per_share_4q_avg": 0,
            "equity": null,
            "current_ratio": null,
            "debt_ratio": null,
            "inventory_turnover_ratio": null,
            "account_receivable_turnover_ratio": null,
            "reinvestment_rate": null,
            "research_to_sale_ratio": null,
            "price_fair": 0,
            "eps_avg_yearly": 0,
            "eps_latest_yearly": 0,
            "eps_growth_yearly": 0
        },
        "20063": {
            "year_quarter": 20063,
            "year": 2006,
            "quarter": 3,
            "eps": null,
            "eps_growth_year": null,
            "eps_4q": null,
            "eps_4q_growth_year": null,
            "roe": null,
            "roe_4q": 0,
            "gross_profit": null,
            "gross_margin": null,
            "gross_margin_4q_avg": 0,
            "net_income": null,
            "revenue": null,
            "common_shares": null,
            "book_valuer_per_share": null,
            "book_valuer_per_share_4q_avg": 0,
            "equity": null,
            "current_ratio": null,
            "debt_ratio": null,
            "inventory_turnover_ratio": null,
            "account_receivable_turnover_ratio": null,
            "reinvestment_rate": null,
            "research_to_sale_ratio": null,
            "price_fair": 0,
            "eps_avg_yearly": 0,
            "eps_latest_yearly": 0,
            "eps_growth_yearly": 0
        },
        "20064": {
            "year_quarter": 20064,
            "year": 2006,
            "quarter": 4,
            "eps": null,
            "eps_growth_year": null,
            "eps_4q": null,
            "eps_4q_growth_year": null,
            "roe": null,
            "roe_4q": 0,
            "gross_profit": null,
            "gross_margin": null,
            "gross_margin_4q_avg": 0,
            "net_income": null,
            "revenue": null,
            "common_shares": null,
            "book_valuer_per_share": null,
            "book_valuer_per_share_4q_avg": 0,
            "equity": null,
            "current_ratio": null,
            "debt_ratio": null,
            "inventory_turnover_ratio": null,
            "account_receivable_turnover_ratio": null,
            "reinvestment_rate": null,
            "research_to_sale_ratio": null,
            "price_fair": 0,
            "eps_avg_yearly": 0,
            "eps_latest_yearly": 0,
            "eps_growth_yearly": 0
        },
        "20071": {
            "year_quarter": 20071,
            "year": 2007,
            "quarter": 1,
            "eps": null,
            "eps_growth_year": null,
            "eps_4q": null,
            "eps_4q_growth_year": null,
            "roe": null,
            "roe_4q": 0,
            "gross_profit": null,
            "gross_margin": null,
            "gross_margin_4q_avg": 0,
            "net_income": null,
            "revenue": null,
            "common_shares": null,
            "book_valuer_per_share": null,
            "book_valuer_per_share_4q_avg": 0,
            "equity": null,
            "current_ratio": null,
            "debt_ratio": null,
            "inventory_turnover_ratio": null,
            "account_receivable_turnover_ratio": null,
            "reinvestment_rate": null,
            "research_to_sale_ratio": null,
            "price_fair": 0,
            "eps_avg_yearly": 0,
            "eps_latest_yearly": 0,
            "eps_growth_yearly": 0
        },
        "20072": {
            "year_quarter": 20072,
            "year": 2007,
            "quarter": 2,
            "eps": null,
            "eps_growth_year": null,
            "eps_4q": null,
            "eps_4q_growth_year": null,
            "roe": null,
            "roe_4q": 0,
            "gross_profit": null,
            "gross_margin": null,
            "gross_margin_4q_avg": 0,
            "net_income": null,
            "revenue": null,
            "common_shares": null,
            "book_valuer_per_share": null,
            "book_valuer_per_share_4q_avg": 0,
            "equity": null,
            "current_ratio": null,
            "debt_ratio": null,
            "inventory_turnover_ratio": null,
            "account_receivable_turnover_ratio": null,
            "reinvestment_rate": null,
            "research_to_sale_ratio": null,
            "price_fair": 0,
            "eps_avg_yearly": 0,
            "eps_latest_yearly": 0,
            "eps_growth_yearly": 0
        },
        "20073": {
            "year_quarter": 20073,
            "year": 2007,
            "quarter": 3,
            "eps": null,
            "eps_growth_year": null,
            "eps_4q": null,
            "eps_4q_growth_year": null,
            "roe": null,
            "roe_4q": 0,
            "gross_profit": null,
            "gross_margin": null,
            "gross_margin_4q_avg": 0,
            "net_income": null,
            "revenue": null,
            "common_shares": null,
            "book_valuer_per_share": null,
            "book_valuer_per_share_4q_avg": 0,
            "equity": null,
            "current_ratio": null,
            "debt_ratio": null,
            "inventory_turnover_ratio": null,
            "account_receivable_turnover_ratio": null,
            "reinvestment_rate": null,
            "research_to_sale_ratio": null,
            "price_fair": 0,
            "eps_avg_yearly": 0,
            "eps_latest_yearly": 0,
            "eps_growth_yearly": 0
        },
        "20074": {
            "year_quarter": 20074,
            "year": 2007,
            "quarter": 4,
            "eps": null,
            "eps_growth_year": null,
            "eps_4q": null,
            "eps_4q_growth_year": null,
            "roe": null,
            "roe_4q": 0,
            "gross_profit": null,
            "gross_margin": null,
            "gross_margin_4q_avg": 0,
            "net_income": null,
            "revenue": null,
            "common_shares": null,
            "book_valuer_per_share": null,
            "book_valuer_per_share_4q_avg": 0,
            "equity": null,
            "current_ratio": null,
            "debt_ratio": null,
            "inventory_turnover_ratio": null,
            "account_receivable_turnover_ratio": null,
            "reinvestment_rate": null,
            "research_to_sale_ratio": null,
            "price_fair": 0,
            "eps_avg_yearly": 0,
            "eps_latest_yearly": 0,
            "eps_growth_yearly": 0
        },
        "20081": {
            "year_quarter": 20081,
            "year": 2008,
            "quarter": 1,
            "eps": null,
            "eps_growth_year": null,
            "eps_4q": null,
            "eps_4q_growth_year": null,
            "roe": null,
            "roe_4q": 0,
            "gross_profit": null,
            "gross_margin": null,
            "gross_margin_4q_avg": 0,
            "net_income": null,
            "revenue": null,
            "common_shares": null,
            "book_valuer_per_share": null,
            "book_valuer_per_share_4q_avg": 0,
            "equity": null,
            "current_ratio": null,
            "debt_ratio": null,
            "inventory_turnover_ratio": null,
            "account_receivable_turnover_ratio": null,
            "reinvestment_rate": null,
            "research_to_sale_ratio": null,
            "price_fair": 0,
            "eps_avg_yearly": 0,
            "eps_latest_yearly": 0,
            "eps_growth_yearly": 0
        },
        "20082": {
            "year_quarter": 20082,
            "year": 2008,
            "quarter": 2,
            "eps": null,
            "eps_growth_year": null,
            "eps_4q": null,
            "eps_4q_growth_year": null,
            "roe": null,
            "roe_4q": 0,
            "gross_profit": null,
            "gross_margin": null,
            "gross_margin_4q_avg": 0,
            "net_income": null,
            "revenue": null,
            "common_shares": null,
            "book_valuer_per_share": null,
            "book_valuer_per_share_4q_avg": 0,
            "equity": null,
            "current_ratio": null,
            "debt_ratio": null,
            "inventory_turnover_ratio": null,
            "account_receivable_turnover_ratio": null,
            "reinvestment_rate": null,
            "research_to_sale_ratio": null,
            "price_fair": 0,
            "eps_avg_yearly": 0,
            "eps_latest_yearly": 0,
            "eps_growth_yearly": 0
        },
        "20083": {
            "year_quarter": 20083,
            "year": 2008,
            "quarter": 3,
            "eps": null,
            "eps_growth_year": null,
            "eps_4q": null,
            "eps_4q_growth_year": null,
            "roe": null,
            "roe_4q": 0,
            "gross_profit": null,
            "gross_margin": null,
            "gross_margin_4q_avg": 0,
            "net_income": null,
            "revenue": null,
            "common_shares": null,
            "book_valuer_per_share": null,
            "book_valuer_per_share_4q_avg": 0,
            "equity": null,
            "current_ratio": null,
            "debt_ratio": null,
            "inventory_turnover_ratio": null,
            "account_receivable_turnover_ratio": null,
            "reinvestment_rate": null,
            "research_to_sale_ratio": null,
            "price_fair": 0,
            "eps_avg_yearly": 0,
            "eps_latest_yearly": 0,
            "eps_growth_yearly": 0
        },
        "20084": {
            "year_quarter": 20084,
            "year": 2008,
            "quarter": 4,
            "eps": null,
            "eps_growth_year": null,
            "eps_4q": null,
            "eps_4q_growth_year": null,
            "roe": null,
            "roe_4q": 0,
            "gross_profit": null,
            "gross_margin": null,
            "gross_margin_4q_avg": 0,
            "net_income": null,
            "revenue": null,
            "common_shares": null,
            "book_valuer_per_share": null,
            "book_valuer_per_share_4q_avg": 0,
            "equity": null,
            "current_ratio": null,
            "debt_ratio": null,
            "inventory_turnover_ratio": null,
            "account_receivable_turnover_ratio": null,
            "reinvestment_rate": null,
            "research_to_sale_ratio": null,
            "price_fair": 0,
            "eps_avg_yearly": 0,
            "eps_latest_yearly": 0,
            "eps_growth_yearly": 0
        },
        "20091": {
            "year_quarter": 20091,
            "year": 2009,
            "quarter": 1,
            "eps": null,
            "eps_growth_year": null,
            "eps_4q": null,
            "eps_4q_growth_year": null,
            "roe": null,
            "roe_4q": 0,
            "gross_profit": null,
            "gross_margin": null,
            "gross_margin_4q_avg": 0,
            "net_income": null,
            "revenue": null,
            "common_shares": null,
            "book_valuer_per_share": null,
            "book_valuer_per_share_4q_avg": 0,
            "equity": null,
            "current_ratio": null,
            "debt_ratio": null,
            "inventory_turnover_ratio": null,
            "account_receivable_turnover_ratio": null,
            "reinvestment_rate": null,
            "research_to_sale_ratio": null,
            "price_fair": 0,
            "eps_avg_yearly": 0,
            "eps_latest_yearly": 0,
            "eps_growth_yearly": 0
        },
        "20092": {
            "year_quarter": 20092,
            "year": 2009,
            "quarter": 2,
            "eps": null,
            "eps_growth_year": null,
            "eps_4q": null,
            "eps_4q_growth_year": null,
            "roe": null,
            "roe_4q": 0,
            "gross_profit": null,
            "gross_margin": null,
            "gross_margin_4q_avg": 0,
            "net_income": null,
            "revenue": null,
            "common_shares": null,
            "book_valuer_per_share": null,
            "book_valuer_per_share_4q_avg": 0,
            "equity": null,
            "current_ratio": null,
            "debt_ratio": null,
            "inventory_turnover_ratio": null,
            "account_receivable_turnover_ratio": null,
            "reinvestment_rate": null,
            "research_to_sale_ratio": null,
            "price_fair": 0,
            "eps_avg_yearly": 0,
            "eps_latest_yearly": 0,
            "eps_growth_yearly": 0
        },
        "20093": {
            "year_quarter": 20093,
            "year": 2009,
            "quarter": 3,
            "eps": null,
            "eps_growth_year": null,
            "eps_4q": null,
            "eps_4q_growth_year": null,
            "roe": null,
            "roe_4q": 0,
            "gross_profit": null,
            "gross_margin": null,
            "gross_margin_4q_avg": 0,
            "net_income": null,
            "revenue": null,
            "common_shares": null,
            "book_valuer_per_share": null,
            "book_valuer_per_share_4q_avg": 0,
            "equity": null,
            "current_ratio": null,
            "debt_ratio": null,
            "inventory_turnover_ratio": null,
            "account_receivable_turnover_ratio": null,
            "reinvestment_rate": null,
            "research_to_sale_ratio": null,
            "price_fair": 0,
            "eps_avg_yearly": 0,
            "eps_latest_yearly": 0,
            "eps_growth_yearly": 0
        },
        "20094": {
            "year_quarter": 20094,
            "year": 2009,
            "quarter": 4,
            "eps": null,
            "eps_growth_year": null,
            "eps_4q": null,
            "eps_4q_growth_year": null,
            "roe": null,
            "roe_4q": 0,
            "gross_profit": null,
            "gross_margin": null,
            "gross_margin_4q_avg": 0,
            "net_income": null,
            "revenue": null,
            "common_shares": null,
            "book_valuer_per_share": null,
            "book_valuer_per_share_4q_avg": 0,
            "equity": null,
            "current_ratio": null,
            "debt_ratio": null,
            "inventory_turnover_ratio": null,
            "account_receivable_turnover_ratio": null,
            "reinvestment_rate": null,
            "research_to_sale_ratio": null,
            "price_fair": 0,
            "eps_avg_yearly": 0,
            "eps_latest_yearly": 0,
            "eps_growth_yearly": 0
        },
        "20101": {
            "year_quarter": 20101,
            "year": 2010,
            "quarter": 1,
            "eps": null,
            "eps_growth_year": null,
            "eps_4q": null,
            "eps_4q_growth_year": null,
            "roe": null,
            "roe_4q": 0,
            "gross_profit": null,
            "gross_margin": null,
            "gross_margin_4q_avg": 0,
            "net_income": null,
            "revenue": null,
            "common_shares": null,
            "book_valuer_per_share": null,
            "book_valuer_per_share_4q_avg": 0,
            "equity": null,
            "current_ratio": null,
            "debt_ratio": null,
            "inventory_turnover_ratio": null,
            "account_receivable_turnover_ratio": null,
            "reinvestment_rate": null,
            "research_to_sale_ratio": null,
            "price_fair": 0,
            "eps_avg_yearly": 0,
            "eps_latest_yearly": 0,
            "eps_growth_yearly": 0
        },
        "20102": {
            "year_quarter": 20102,
            "year": 2010,
            "quarter": 2,
            "eps": null,
            "eps_growth_year": null,
            "eps_4q": null,
            "eps_4q_growth_year": null,
            "roe": null,
            "roe_4q": 0,
            "gross_profit": null,
            "gross_margin": null,
            "gross_margin_4q_avg": 0,
            "net_income": null,
            "revenue": null,
            "common_shares": null,
            "book_valuer_per_share": null,
            "book_valuer_per_share_4q_avg": 0,
            "equity": null,
            "current_ratio": null,
            "debt_ratio": null,
            "inventory_turnover_ratio": null,
            "account_receivable_turnover_ratio": null,
            "reinvestment_rate": null,
            "research_to_sale_ratio": null,
            "price_fair": 0,
            "eps_avg_yearly": 0,
            "eps_latest_yearly": 0,
            "eps_growth_yearly": 0
        },
        "20103": {
            "year_quarter": 20103,
            "year": 2010,
            "quarter": 3,
            "eps": null,
            "eps_growth_year": null,
            "eps_4q": null,
            "eps_4q_growth_year": null,
            "roe": null,
            "roe_4q": 0,
            "gross_profit": null,
            "gross_margin": null,
            "gross_margin_4q_avg": 0,
            "net_income": null,
            "revenue": null,
            "common_shares": null,
            "book_valuer_per_share": null,
            "book_valuer_per_share_4q_avg": 0,
            "equity": null,
            "current_ratio": null,
            "debt_ratio": null,
            "inventory_turnover_ratio": null,
            "account_receivable_turnover_ratio": null,
            "reinvestment_rate": null,
            "research_to_sale_ratio": null,
            "price_fair": 0,
            "eps_avg_yearly": 0,
            "eps_latest_yearly": 0,
            "eps_growth_yearly": 0
        },
        "20104": {
            "year_quarter": 20104,
            "year": 2010,
            "quarter": 4,
            "eps": null,
            "eps_growth_year": null,
            "eps_4q": null,
            "eps_4q_growth_year": null,
            "roe": null,
            "roe_4q": 0,
            "gross_profit": null,
            "gross_margin": null,
            "gross_margin_4q_avg": 0,
            "net_income": null,
            "revenue": null,
            "common_shares": 160144,
            "book_valuer_per_share": 8.38,
            "book_valuer_per_share_4q_avg": 2.1,
            "equity": 142150,
            "current_ratio": 147.01,
            "debt_ratio": 65.9,
            "inventory_turnover_ratio": null,
            "account_receivable_turnover_ratio": null,
            "reinvestment_rate": null,
            "research_to_sale_ratio": null,
            "price_fair": 0,
            "eps_avg_yearly": 0,
            "eps_latest_yearly": 0,
            "eps_growth_yearly": 0
        },
        "20111": {
            "year_quarter": 20111,
            "year": 2011,
            "quarter": 1,
            "eps": null,
            "eps_growth_year": null,
            "eps_4q": null,
            "eps_4q_growth_year": null,
            "roe": null,
            "roe_4q": 0,
            "gross_profit": null,
            "gross_margin": null,
            "gross_margin_4q_avg": 0,
            "net_income": null,
            "revenue": null,
            "common_shares": null,
            "book_valuer_per_share": null,
            "book_valuer_per_share_4q_avg": 2.1,
            "equity": null,
            "current_ratio": null,
            "debt_ratio": null,
            "inventory_turnover_ratio": null,
            "account_receivable_turnover_ratio": null,
            "reinvestment_rate": null,
            "research_to_sale_ratio": null,
            "price_fair": 0,
            "eps_avg_yearly": 0,
            "eps_latest_yearly": 0,
            "eps_growth_yearly": 0
        },
        "20112": {
            "year_quarter": 20112,
            "year": 2011,
            "quarter": 2,
            "eps": null,
            "eps_growth_year": null,
            "eps_4q": null,
            "eps_4q_growth_year": null,
            "roe": null,
            "roe_4q": 0,
            "gross_profit": null,
            "gross_margin": null,
            "gross_margin_4q_avg": 0,
            "net_income": null,
            "revenue": null,
            "common_shares": null,
            "book_valuer_per_share": null,
            "book_valuer_per_share_4q_avg": 2.1,
            "equity": null,
            "current_ratio": null,
            "debt_ratio": null,
            "inventory_turnover_ratio": null,
            "account_receivable_turnover_ratio": null,
            "reinvestment_rate": null,
            "research_to_sale_ratio": null,
            "price_fair": 0,
            "eps_avg_yearly": 0,
            "eps_latest_yearly": 0,
            "eps_growth_yearly": 0
        },
        "20113": {
            "year_quarter": 20113,
            "year": 2011,
            "quarter": 3,
            "eps": null,
            "eps_growth_year": null,
            "eps_4q": null,
            "eps_4q_growth_year": null,
            "roe": null,
            "roe_4q": 0,
            "gross_profit": null,
            "gross_margin": null,
            "gross_margin_4q_avg": 0,
            "net_income": null,
            "revenue": null,
            "common_shares": null,
            "book_valuer_per_share": null,
            "book_valuer_per_share_4q_avg": 2.1,
            "equity": null,
            "current_ratio": null,
            "debt_ratio": null,
            "inventory_turnover_ratio": null,
            "account_receivable_turnover_ratio": null,
            "reinvestment_rate": null,
            "research_to_sale_ratio": null,
            "price_fair": 0,
            "eps_avg_yearly": 0,
            "eps_latest_yearly": 0,
            "eps_growth_yearly": 0
        },
        "20114": {
            "year_quarter": 20114,
            "year": 2011,
            "quarter": 4,
            "eps": null,
            "eps_growth_year": null,
            "eps_4q": null,
            "eps_4q_growth_year": null,
            "roe": null,
            "roe_4q": 0,
            "gross_profit": null,
            "gross_margin": null,
            "gross_margin_4q_avg": 0,
            "net_income": null,
            "revenue": null,
            "common_shares": 160144,
            "book_valuer_per_share": 13.06,
            "book_valuer_per_share_4q_avg": 3.27,
            "equity": 214822,
            "current_ratio": 192.17,
            "debt_ratio": 64.38,
            "inventory_turnover_ratio": null,
            "account_receivable_turnover_ratio": null,
            "reinvestment_rate": null,
            "research_to_sale_ratio": null,
            "price_fair": 0,
            "eps_avg_yearly": 0,
            "eps_latest_yearly": 0,
            "eps_growth_yearly": 0
        },
        "20121": {
            "year_quarter": 20121,
            "year": 2012,
            "quarter": 1,
            "eps": null,
            "eps_growth_year": null,
            "eps_4q": null,
            "eps_4q_growth_year": null,
            "roe": null,
            "roe_4q": 0,
            "gross_profit": null,
            "gross_margin": null,
            "gross_margin_4q_avg": 0,
            "net_income": null,
            "revenue": null,
            "common_shares": null,
            "book_valuer_per_share": null,
            "book_valuer_per_share_4q_avg": 3.27,
            "equity": null,
            "current_ratio": null,
            "debt_ratio": null,
            "inventory_turnover_ratio": null,
            "account_receivable_turnover_ratio": null,
            "reinvestment_rate": null,
            "research_to_sale_ratio": null,
            "price_fair": 0,
            "eps_avg_yearly": 0,
            "eps_latest_yearly": 0,
            "eps_growth_yearly": 0
        },
        "20122": {
            "year_quarter": 20122,
            "year": 2012,
            "quarter": 2,
            "eps": null,
            "eps_growth_year": null,
            "eps_4q": null,
            "eps_4q_growth_year": null,
            "roe": null,
            "roe_4q": 0,
            "gross_profit": null,
            "gross_margin": null,
            "gross_margin_4q_avg": 0,
            "net_income": null,
            "revenue": null,
            "common_shares": null,
            "book_valuer_per_share": null,
            "book_valuer_per_share_4q_avg": 3.27,
            "equity": null,
            "current_ratio": null,
            "debt_ratio": null,
            "inventory_turnover_ratio": null,
            "account_receivable_turnover_ratio": null,
            "reinvestment_rate": null,
            "research_to_sale_ratio": null,
            "price_fair": 0,
            "eps_avg_yearly": 0,
            "eps_latest_yearly": 0,
            "eps_growth_yearly": 0
        },
        "20123": {
            "year_quarter": 20123,
            "year": 2012,
            "quarter": 3,
            "eps": null,
            "eps_growth_year": null,
            "eps_4q": null,
            "eps_4q_growth_year": null,
            "roe": null,
            "roe_4q": 0,
            "gross_profit": null,
            "gross_margin": null,
            "gross_margin_4q_avg": 0,
            "net_income": null,
            "revenue": null,
            "common_shares": null,
            "book_valuer_per_share": null,
            "book_valuer_per_share_4q_avg": 3.27,
            "equity": null,
            "current_ratio": null,
            "debt_ratio": null,
            "inventory_turnover_ratio": null,
            "account_receivable_turnover_ratio": null,
            "reinvestment_rate": null,
            "research_to_sale_ratio": null,
            "price_fair": 0,
            "eps_avg_yearly": 0,
            "eps_latest_yearly": 0,
            "eps_growth_yearly": 0
        },
        "20124": {
            "year_quarter": 20124,
            "year": 2012,
            "quarter": 4,
            "eps": null,
            "eps_growth_year": null,
            "eps_4q": null,
            "eps_4q_growth_year": null,
            "roe": null,
            "roe_4q": 0,
            "gross_profit": null,
            "gross_margin": null,
            "gross_margin_4q_avg": 0,
            "net_income": null,
            "revenue": null,
            "common_shares": 199853,
            "book_valuer_per_share": 12.45,
            "book_valuer_per_share_4q_avg": 3.11,
            "equity": 251688,
            "current_ratio": 211.79,
            "debt_ratio": 64.15,
            "inventory_turnover_ratio": null,
            "account_receivable_turnover_ratio": null,
            "reinvestment_rate": null,
            "research_to_sale_ratio": null,
            "price_fair": 0,
            "eps_avg_yearly": 0,
            "eps_latest_yearly": 0,
            "eps_growth_yearly": 0
        },
        "20131": {
            "year_quarter": 20131,
            "year": 2013,
            "quarter": 1,
            "eps": null,
            "eps_growth_year": null,
            "eps_4q": null,
            "eps_4q_growth_year": null,
            "roe": null,
            "roe_4q": 0,
            "gross_profit": 168051,
            "gross_margin": null,
            "gross_margin_4q_avg": 0,
            "net_income": 5829,
            "revenue": 330921,
            "common_shares": 199853,
            "book_valuer_per_share": 12.99,
            "book_valuer_per_share_4q_avg": 6.36,
            "equity": 262330,
            "current_ratio": 188.03,
            "debt_ratio": 64.83,
            "inventory_turnover_ratio": null,
            "account_receivable_turnover_ratio": null,
            "reinvestment_rate": null,
            "research_to_sale_ratio": null,
            "price_fair": 0,
            "eps_avg_yearly": 0,
            "eps_latest_yearly": 0,
            "eps_growth_yearly": 0
        },
        "20132": {
            "year_quarter": 20132,
            "year": 2013,
            "quarter": 2,
            "eps": null,
            "eps_growth_year": null,
            "eps_4q": null,
            "eps_4q_growth_year": null,
            "roe": null,
            "roe_4q": 0,
            "gross_profit": 181746,
            "gross_margin": null,
            "gross_margin_4q_avg": 0,
            "net_income": 2858,
            "revenue": 353616,
            "common_shares": 199853,
            "book_valuer_per_share": 12.96,
            "book_valuer_per_share_4q_avg": 9.6,
            "equity": 261382,
            "current_ratio": 168.08,
            "debt_ratio": 70.44,
            "inventory_turnover_ratio": null,
            "account_receivable_turnover_ratio": null,
            "reinvestment_rate": null,
            "research_to_sale_ratio": null,
            "price_fair": 0,
            "eps_avg_yearly": 0,
            "eps_latest_yearly": 0,
            "eps_growth_yearly": 0
        },
        "20133": {
            "year_quarter": 20133,
            "year": 2013,
            "quarter": 3,
            "eps": null,
            "eps_growth_year": null,
            "eps_4q": null,
            "eps_4q_growth_year": null,
            "roe": null,
            "roe_4q": 0,
            "gross_profit": 203133,
            "gross_margin": null,
            "gross_margin_4q_avg": 0,
            "net_income": 38434,
            "revenue": 443417,
            "common_shares": 229831,
            "book_valuer_per_share": 12.71,
            "book_valuer_per_share_4q_avg": 12.78,
            "equity": 294171,
            "current_ratio": 164.3,
            "debt_ratio": 70.99,
            "inventory_turnover_ratio": null,
            "account_receivable_turnover_ratio": null,
            "reinvestment_rate": null,
            "research_to_sale_ratio": null,
            "price_fair": 0,
            "eps_avg_yearly": 0,
            "eps_latest_yearly": 0,
            "eps_growth_yearly": 0
        },
        "20134": {
            "year_quarter": 20134,
            "year": 2013,
            "quarter": 4,
            "eps": null,
            "eps_growth_year": null,
            "eps_4q": null,
            "eps_4q_growth_year": null,
            "roe": null,
            "roe_4q": 0,
            "gross_profit": 184894,
            "gross_margin": null,
            "gross_margin_4q_avg": 0,
            "net_income": 21959,
            "revenue": 367659,
            "common_shares": 229831,
            "book_valuer_per_share": 14.04,
            "book_valuer_per_share_4q_avg": 13.18,
            "equity": 324289,
            "current_ratio": 173.14,
            "debt_ratio": 68.75,
            "inventory_turnover_ratio": null,
            "account_receivable_turnover_ratio": null,
            "reinvestment_rate": null,
            "research_to_sale_ratio": null,
            "price_fair": 0,
            "eps_avg_yearly": 0,
            "eps_latest_yearly": 0,
            "eps_growth_yearly": 0
        },
        "20141": {
            "year_quarter": 20141,
            "year": 2014,
            "quarter": 1,
            "eps": null,
            "eps_growth_year": null,
            "eps_4q": null,
            "eps_4q_growth_year": null,
            "roe": null,
            "roe_4q": 0,
            "gross_profit": 186852,
            "gross_margin": null,
            "gross_margin_4q_avg": 0,
            "net_income": 18238,
            "revenue": 374978,
            "common_shares": 229831,
            "book_valuer_per_share": 14.79,
            "book_valuer_per_share_4q_avg": 13.63,
            "equity": 341046,
            "current_ratio": 179.3,
            "debt_ratio": 67.65,
            "inventory_turnover_ratio": null,
            "account_receivable_turnover_ratio": null,
            "reinvestment_rate": null,
            "research_to_sale_ratio": null,
            "price_fair": 0,
            "eps_avg_yearly": 0,
            "eps_latest_yearly": 0,
            "eps_growth_yearly": 0
        },
        "20142": {
            "year_quarter": 20142,
            "year": 2014,
            "quarter": 2,
            "eps": null,
            "eps_growth_year": null,
            "eps_4q": null,
            "eps_4q_growth_year": null,
            "roe": null,
            "roe_4q": 0,
            "gross_profit": 175726,
            "gross_margin": null,
            "gross_margin_4q_avg": 0,
            "net_income": 10581,
            "revenue": 364110,
            "common_shares": 229831,
            "book_valuer_per_share": 13.41,
            "book_valuer_per_share_4q_avg": 13.74,
            "equity": 309237,
            "current_ratio": 168.26,
            "debt_ratio": 70.81,
            "inventory_turnover_ratio": null,
            "account_receivable_turnover_ratio": null,
            "reinvestment_rate": null,
            "research_to_sale_ratio": null,
            "price_fair": 0,
            "eps_avg_yearly": 0,
            "eps_latest_yearly": 0,
            "eps_growth_yearly": 0
        },
        "20143": {
            "year_quarter": 20143,
            "year": 2014,
            "quarter": 3,
            "eps": 0.93,
            "eps_growth_year": null,
            "eps_4q": 0.93,
            "eps_4q_growth_year": null,
            "roe": 6.83,
            "roe_4q": 6.83,
            "gross_profit": 202070,
            "gross_margin": 48.56,
            "gross_margin_4q_avg": 12.14,
            "net_income": 22304,
            "revenue": 416092,
            "common_shares": 241323,
            "book_valuer_per_share": 14.2,
            "book_valuer_per_share_4q_avg": 14.11,
            "equity": 343679,
            "current_ratio": 169.9,
            "debt_ratio": 69.73,
            "inventory_turnover_ratio": 2.93,
            "account_receivable_turnover_ratio": 27.3,
            "reinvestment_rate": null,
            "research_to_sale_ratio": 0.48,
            "price_fair": 0,
            "eps_avg_yearly": 0,
            "eps_latest_yearly": 0,
            "eps_growth_yearly": 0
        },
        "20144": {
            "year_quarter": 20144,
            "year": 2014,
            "quarter": 4,
            "eps": 0.33,
            "eps_growth_year": null,
            "eps_4q": 1.15,
            "eps_4q_growth_year": null,
            "roe": 2.1,
            "roe_4q": 8.93,
            "gross_profit": 184953,
            "gross_margin": 49.76,
            "gross_margin_4q_avg": 24.58,
            "net_income": 9035,
            "revenue": 371673,
            "common_shares": 273503,
            "book_valuer_per_share": 18.06,
            "book_valuer_per_share_4q_avg": 15.12,
            "equity": 516970,
            "current_ratio": 207.27,
            "debt_ratio": 60.24,
            "inventory_turnover_ratio": 2.44,
            "account_receivable_turnover_ratio": 12.94,
            "reinvestment_rate": null,
            "research_to_sale_ratio": 0.68,
            "price_fair": 3.96,
            "eps_avg_yearly": 1.32,
            "eps_latest_yearly": 1.32,
            "eps_growth_yearly": -258.06
        },
        "20151": {
            "year_quarter": 20151,
            "year": 2015,
            "quarter": 1,
            "eps": 0.42,
            "eps_growth_year": null,
            "eps_4q": 1.57,
            "eps_4q_growth_year": null,
            "roe": 2.07,
            "roe_4q": 11,
            "gross_profit": 178439,
            "gross_margin": 47.29,
            "gross_margin_4q_avg": 36.4,
            "net_income": 10781,
            "revenue": 377366,
            "common_shares": 273503,
            "book_valuer_per_share": 18.3,
            "book_valuer_per_share_4q_avg": 15.99,
            "equity": 522611,
            "current_ratio": 226.67,
            "debt_ratio": 57.59,
            "inventory_turnover_ratio": 2.74,
            "account_receivable_turnover_ratio": 13.91,
            "reinvestment_rate": null,
            "research_to_sale_ratio": 0.67,
            "price_fair": 4.5,
            "eps_avg_yearly": 1.5,
            "eps_latest_yearly": 1.68,
            "eps_growth_yearly": -74.49
        },
        "20152": {
            "year_quarter": 20152,
            "year": 2015,
            "quarter": 2,
            "eps": 0.35,
            "eps_growth_year": null,
            "eps_4q": 1.93,
            "eps_4q_growth_year": null,
            "roe": 1.91,
            "roe_4q": 12.91,
            "gross_profit": 176278,
            "gross_margin": 46.59,
            "gross_margin_4q_avg": 48.05,
            "net_income": 9487,
            "revenue": 378375,
            "common_shares": 273503,
            "book_valuer_per_share": 16.38,
            "book_valuer_per_share_4q_avg": 16.74,
            "equity": 469464,
            "current_ratio": 222.62,
            "debt_ratio": 57.97,
            "inventory_turnover_ratio": 3.01,
            "account_receivable_turnover_ratio": 13.31,
            "reinvestment_rate": null,
            "research_to_sale_ratio": 0.91,
            "price_fair": 4.4,
            "eps_avg_yearly": 1.47,
            "eps_latest_yearly": 1.4,
            "eps_growth_yearly": -71.88
        },
        "20153": {
            "year_quarter": 20153,
            "year": 2015,
            "quarter": 3,
            "eps": 1.33,
            "eps_growth_year": 43.01,
            "eps_4q": 2.43,
            "eps_4q_growth_year": 162.29,
            "roe": 7.06,
            "roe_4q": 13.139999999999999,
            "gross_profit": 219863,
            "gross_margin": 49.43,
            "gross_margin_4q_avg": 48.27,
            "net_income": 35374,
            "revenue": 444827,
            "common_shares": 273503,
            "book_valuer_per_share": 18.68,
            "book_valuer_per_share_4q_avg": 17.86,
            "equity": 532375,
            "current_ratio": 218.22,
            "debt_ratio": 57.74,
            "inventory_turnover_ratio": 3.35,
            "account_receivable_turnover_ratio": 13.39,
            "reinvestment_rate": null,
            "research_to_sale_ratio": 0.66,
            "price_fair": 85.05,
            "eps_avg_yearly": 2.43,
            "eps_latest_yearly": 5.32,
            "eps_growth_yearly": 226.09
        },
        "20154": {
            "year_quarter": 20154,
            "year": 2015,
            "quarter": 4,
            "eps": 0.55,
            "eps_growth_year": 65.87,
            "eps_4q": 2.65,
            "eps_4q_growth_year": 130.22,
            "roe": 2.42,
            "roe_4q": 13.46,
            "gross_profit": 202264,
            "gross_margin": 50.15,
            "gross_margin_4q_avg": 48.37,
            "net_income": 12894,
            "revenue": 403352,
            "common_shares": 273503,
            "book_valuer_per_share": 18.78,
            "book_valuer_per_share_4q_avg": 18.04,
            "equity": 532088,
            "current_ratio": 237.3,
            "debt_ratio": 60.67,
            "inventory_turnover_ratio": 2.76,
            "account_receivable_turnover_ratio": 12.24,
            "reinvestment_rate": null,
            "research_to_sale_ratio": 0.97,
            "price_fair": 83.44,
            "eps_avg_yearly": 2.38,
            "eps_latest_yearly": 2.2,
            "eps_growth_yearly": 133.95
        },
        "20161": {
            "year_quarter": 20161,
            "year": 2016,
            "quarter": 1,
            "eps": 0.57,
            "eps_growth_year": 35.71,
            "eps_4q": 2.8,
            "eps_4q_growth_year": 78.14,
            "roe": 2.72,
            "roe_4q": 14.11,
            "gross_profit": 196627,
            "gross_margin": 48.2,
            "gross_margin_4q_avg": 48.59,
            "net_income": 14616,
            "revenue": 407973,
            "common_shares": 273603,
            "book_valuer_per_share": 19.16,
            "book_valuer_per_share_4q_avg": 18.25,
            "equity": 541686,
            "current_ratio": 252.13,
            "debt_ratio": 56.9,
            "inventory_turnover_ratio": 3.19,
            "account_receivable_turnover_ratio": 14.68,
            "reinvestment_rate": null,
            "research_to_sale_ratio": 0.59,
            "price_fair": 82.83,
            "eps_avg_yearly": 2.37,
            "eps_latest_yearly": 2.28,
            "eps_growth_yearly": 114.05
        },
        "20162": {
            "year_quarter": 20162,
            "year": 2016,
            "quarter": 2,
            "eps": 1.02,
            "eps_growth_year": 191.43,
            "eps_4q": 3.16,
            "eps_4q_growth_year": 63.99,
            "roe": 5.1,
            "roe_4q": 17.3,
            "gross_profit": 223303,
            "gross_margin": 53.09,
            "gross_margin_4q_avg": 50.22,
            "net_income": 26911,
            "revenue": 420587,
            "common_shares": 273603,
            "book_valuer_per_share": 18.22,
            "book_valuer_per_share_4q_avg": 18.71,
            "equity": 514304,
            "current_ratio": 261.4,
            "debt_ratio": 58.17,
            "inventory_turnover_ratio": 3.8,
            "account_receivable_turnover_ratio": 14.98,
            "reinvestment_rate": null,
            "research_to_sale_ratio": 0.81,
            "price_fair": 91.4,
            "eps_avg_yearly": 2.61,
            "eps_latest_yearly": 4.08,
            "eps_growth_yearly": 142.87
        },
        "20163": {
            "year_quarter": 20163,
            "year": 2016,
            "quarter": 3,
            "eps": 1.53,
            "eps_growth_year": 15.04,
            "eps_4q": 3.47,
            "eps_4q_growth_year": 42.73,
            "roe": 8.27,
            "roe_4q": 18.509999999999998,
            "gross_profit": 268859,
            "gross_margin": 56.11,
            "gross_margin_4q_avg": 51.89,
            "net_income": 43469,
            "revenue": 479133,
            "common_shares": 301703,
            "book_valuer_per_share": 17.35,
            "book_valuer_per_share_4q_avg": 18.38,
            "equity": 536329,
            "current_ratio": 242.32,
            "debt_ratio": 58.41,
            "inventory_turnover_ratio": 4.09,
            "account_receivable_turnover_ratio": 15.51,
            "reinvestment_rate": null,
            "research_to_sale_ratio": 0.81,
            "price_fair": 106.75,
            "eps_avg_yearly": 3.05,
            "eps_latest_yearly": 6.12,
            "eps_growth_yearly": 150.01
        },
        "20164": {
            "year_quarter": 20164,
            "year": 2016,
            "quarter": 4,
            "eps": 1.05,
            "eps_growth_year": 88.99,
            "eps_4q": 4.01,
            "eps_4q_growth_year": 51.26,
            "roe": 5.48,
            "roe_4q": 21.57,
            "gross_profit": 243815,
            "gross_margin": 54.32,
            "gross_margin_4q_avg": 52.93,
            "net_income": 30157,
            "revenue": 448884,
            "common_shares": 302151,
            "book_valuer_per_share": 18.27,
            "book_valuer_per_share_4q_avg": 18.25,
            "equity": 563376,
            "current_ratio": 156.8,
            "debt_ratio": 58.73,
            "inventory_turnover_ratio": 3.07,
            "account_receivable_turnover_ratio": 15.63,
            "reinvestment_rate": 85.23,
            "research_to_sale_ratio": 0.78,
            "price_fair": 111.22,
            "eps_avg_yearly": 3.18,
            "eps_latest_yearly": 4.2,
            "eps_growth_yearly": 119.4
        },
        "20171": {
            "year_quarter": 20171,
            "year": 2017,
            "quarter": 1,
            "eps": 1.28,
            "eps_growth_year": 124.56,
            "eps_4q": 4.75,
            "eps_4q_growth_year": 69.63,
            "roe": 6.66,
            "roe_4q": 25.509999999999998,
            "gross_profit": 252540,
            "gross_margin": 54.87,
            "gross_margin_4q_avg": 54.6,
            "net_income": 37594,
            "revenue": 460236,
            "common_shares": 304259,
            "book_valuer_per_share": 18.29,
            "book_valuer_per_share_4q_avg": 18.03,
            "equity": 565984,
            "current_ratio": 169.09,
            "debt_ratio": 55.96,
            "inventory_turnover_ratio": 2.88,
            "account_receivable_turnover_ratio": 17.36,
            "reinvestment_rate": 61.59,
            "research_to_sale_ratio": 0.66,
            "price_fair": 118.02,
            "eps_avg_yearly": 3.37,
            "eps_latest_yearly": 5.12,
            "eps_growth_yearly": 116.22
        },
        "20172": {
            "year_quarter": 20172,
            "year": 2017,
            "quarter": 2,
            "eps": 1.39,
            "eps_growth_year": 36.27,
            "eps_4q": 5.16,
            "eps_4q_growth_year": 63.42,
            "roe": 7.47,
            "roe_4q": 27.88,
            "gross_profit": 260410,
            "gross_margin": 54.38,
            "gross_margin_4q_avg": 54.92,
            "net_income": 41439,
            "revenue": 478843,
            "common_shares": 307914,
            "book_valuer_per_share": 17.36,
            "book_valuer_per_share_4q_avg": 17.82,
            "equity": 543192,
            "current_ratio": 152.72,
            "debt_ratio": 59.91,
            "inventory_turnover_ratio": 3.29,
            "account_receivable_turnover_ratio": 16.9,
            "reinvestment_rate": 46.59,
            "research_to_sale_ratio": 0.77,
            "price_fair": 124.98,
            "eps_avg_yearly": 3.57,
            "eps_latest_yearly": 5.56,
            "eps_growth_yearly": 108.78
        },
        "20173": {
            "year_quarter": 20173,
            "year": 2017,
            "quarter": 3,
            "eps": 1.56,
            "eps_growth_year": 1.96,
            "eps_4q": 5.03,
            "eps_4q_growth_year": 44.74,
            "roe": 7.93,
            "roe_4q": 27.54,
            "gross_profit": 295561,
            "gross_margin": 53.88,
            "gross_margin_4q_avg": 54.36,
            "net_income": 47782,
            "revenue": 548523,
            "common_shares": 319795,
            "book_valuer_per_share": 19.69,
            "book_valuer_per_share_4q_avg": 18.4,
            "equity": 661988,
            "current_ratio": 167.75,
            "debt_ratio": 55.17,
            "inventory_turnover_ratio": 3.48,
            "account_receivable_turnover_ratio": 18.5,
            "reinvestment_rate": 52.39,
            "research_to_sale_ratio": 0.71,
            "price_fair": 132.77,
            "eps_avg_yearly": 3.79,
            "eps_latest_yearly": 6.24,
            "eps_growth_yearly": 103.79
        },
        "20174": {
            "year_quarter": 20174,
            "year": 2017,
            "quarter": 4,
            "eps": 0.8,
            "eps_growth_year": -23.59,
            "eps_4q": 4.67,
            "eps_4q_growth_year": 16.26,
            "roe": 3.7,
            "roe_4q": 25.759999999999998,
            "gross_profit": 280281,
            "gross_margin": 55.3,
            "gross_margin_4q_avg": 54.61,
            "net_income": 26166,
            "revenue": 506848,
            "common_shares": 334040,
            "book_valuer_per_share": 21.52,
            "book_valuer_per_share_4q_avg": 19.22,
            "equity": 750875,
            "current_ratio": 218.36,
            "debt_ratio": 50.27,
            "inventory_turnover_ratio": 2.42,
            "account_receivable_turnover_ratio": 14.35,
            "reinvestment_rate": 16.95,
            "research_to_sale_ratio": 0.93,
            "price_fair": 131.17,
            "eps_avg_yearly": 3.75,
            "eps_latest_yearly": 3.2,
            "eps_growth_yearly": 80.82
        },
        "20181": {
            "year_quarter": 20181,
            "year": 2018,
            "quarter": 1,
            "eps": 1.05,
            "eps_growth_year": -17.97,
            "eps_4q": 4.57,
            "eps_4q_growth_year": -3.81,
            "roe": 4.49,
            "roe_4q": 23.59,
            "gross_profit": 278174,
            "gross_margin": 52.92,
            "gross_margin_4q_avg": 54.12,
            "net_income": 33957,
            "revenue": 525688,
            "common_shares": 336259,
            "book_valuer_per_share": 21.99,
            "book_valuer_per_share_4q_avg": 20.14,
            "equity": 761136,
            "current_ratio": 243.23,
            "debt_ratio": 46.46,
            "inventory_turnover_ratio": 2.4,
            "account_receivable_turnover_ratio": 13.56,
            "reinvestment_rate": 19.56,
            "research_to_sale_ratio": 0.6,
            "price_fair": 132.3,
            "eps_avg_yearly": 3.78,
            "eps_latest_yearly": 4.2,
            "eps_growth_yearly": 83.98
        },
        "20182": {
            "year_quarter": 20182,
            "year": 2018,
            "quarter": 2,
            "eps": 0.71,
            "eps_growth_year": -48.92,
            "eps_4q": 4.01,
            "eps_4q_growth_year": -22.31,
            "roe": 3.06,
            "roe_4q": 19.18,
            "gross_profit": 281061,
            "gross_margin": 52.83,
            "gross_margin_4q_avg": 53.73,
            "net_income": 21696,
            "revenue": 532015,
            "common_shares": 336355,
            "book_valuer_per_share": 18.89,
            "book_valuer_per_share_4q_avg": 20.52,
            "equity": 656419,
            "current_ratio": 209.86,
            "debt_ratio": 51,
            "inventory_turnover_ratio": 2.78,
            "account_receivable_turnover_ratio": 14.6,
            "reinvestment_rate": 17.71,
            "research_to_sale_ratio": 0.65,
            "price_fair": 130.11,
            "eps_avg_yearly": 3.72,
            "eps_latest_yearly": 2.84,
            "eps_growth_yearly": 69.74
        },
        "20183": {
            "year_quarter": 20183,
            "year": 2018,
            "quarter": 3,
            "eps": 1.11,
            "eps_growth_year": -28.85,
            "eps_4q": 3.54,
            "eps_4q_growth_year": -29.68,
            "roe": 5.12,
            "roe_4q": 16.37,
            "gross_profit": 307879,
            "gross_margin": 52.82,
            "gross_margin_4q_avg": 53.47,
            "net_income": 35494,
            "revenue": 582914,
            "common_shares": 350080,
            "book_valuer_per_share": 20.33,
            "book_valuer_per_share_4q_avg": 20.68,
            "equity": 729648,
            "current_ratio": 248.3,
            "debt_ratio": 45.44,
            "inventory_turnover_ratio": 3.36,
            "account_receivable_turnover_ratio": 16.8,
            "reinvestment_rate": 11.6,
            "research_to_sale_ratio": 0.57,
            "price_fair": 131.69,
            "eps_avg_yearly": 3.76,
            "eps_latest_yearly": 4.44,
            "eps_growth_yearly": 79.47
        },
        "20184": {
            "year_quarter": 20184,
            "year": 2018,
            "quarter": 4,
            "eps": 0.23,
            "eps_growth_year": -71.57,
            "eps_4q": 3.02,
            "eps_4q_growth_year": -35.34,
            "roe": 0.49,
            "roe_4q": 13.16,
            "gross_profit": 270930,
            "gross_margin": 50.83,
            "gross_margin_4q_avg": 52.35,
            "net_income": 3557,
            "revenue": 532983,
            "common_shares": 350693,
            "book_valuer_per_share": 20.25,
            "book_valuer_per_share_4q_avg": 20.37,
            "equity": 712443,
            "current_ratio": 214.13,
            "debt_ratio": 48.53,
            "inventory_turnover_ratio": 2.99,
            "account_receivable_turnover_ratio": 13.85,
            "reinvestment_rate": 9.99,
            "research_to_sale_ratio": 0.96,
            "price_fair": 130.81,
            "eps_avg_yearly": 3.74,
            "eps_latest_yearly": 0.92,
            "eps_growth_yearly": 75.78
        },
        "20191": {
            "year_quarter": 20191,
            "year": 2019,
            "quarter": 1,
            "eps": 1.32,
            "eps_growth_year": 25.71,
            "eps_4q": 3.32,
            "eps_4q_growth_year": -27.37,
            "roe": 5.83,
            "roe_4q": 14.500000000000002,
            "gross_profit": 291961,
            "gross_margin": 53.09,
            "gross_margin_4q_avg": 52.39,
            "net_income": 43312,
            "revenue": 549911,
            "common_shares": 350053,
            "book_valuer_per_share": 22.06,
            "book_valuer_per_share_4q_avg": 20.38,
            "equity": 772152,
            "current_ratio": 174.78,
            "debt_ratio": 56.79,
            "inventory_turnover_ratio": 2.63,
            "account_receivable_turnover_ratio": 12.95,
            "reinvestment_rate": 5.3,
            "research_to_sale_ratio": 0.63,
            "price_fair": 138.69,
            "eps_avg_yearly": 3.96,
            "eps_latest_yearly": 5.28,
            "eps_growth_yearly": 187.44
        },
        "20192": {
            "year_quarter": 20192,
            "year": 2019,
            "quarter": 2,
            "eps": 0.79,
            "eps_growth_year": 11.27,
            "eps_4q": 3.4,
            "eps_4q_growth_year": -15.21,
            "roe": 3.31,
            "roe_4q": 14.75,
            "gross_profit": 287475,
            "gross_margin": 51.8,
            "gross_margin_4q_avg": 52.14,
            "net_income": 24475,
            "revenue": 554979,
            "common_shares": 349415,
            "book_valuer_per_share": 20.1,
            "book_valuer_per_share_4q_avg": 20.69,
            "equity": 705270,
            "current_ratio": 158.23,
            "debt_ratio": 59.96,
            "inventory_turnover_ratio": 2.79,
            "account_receivable_turnover_ratio": 14.74,
            "reinvestment_rate": 2.11,
            "research_to_sale_ratio": 0.67,
            "price_fair": 142.54,
            "eps_avg_yearly": 4.07,
            "eps_latest_yearly": 3.16,
            "eps_growth_yearly": 181.57
        },
        "20193": {
            "year_quarter": 20193,
            "year": 2019,
            "quarter": 3,
            "eps": 1.42,
            "eps_growth_year": 27.93,
            "eps_4q": 3.73,
            "eps_4q_growth_year": 5.57,
            "roe": 6.55,
            "roe_4q": 16.18,
            "gross_profit": 307968,
            "gross_margin": 50.63,
            "gross_margin_4q_avg": 51.59,
            "net_income": 46975,
            "revenue": 608314,
            "common_shares": 349085,
            "book_valuer_per_share": 20.88,
            "book_valuer_per_share_4q_avg": 20.82,
            "equity": 729230,
            "current_ratio": 163.14,
            "debt_ratio": 59.24,
            "inventory_turnover_ratio": 3.47,
            "account_receivable_turnover_ratio": 15.65,
            "reinvestment_rate": -5.41,
            "research_to_sale_ratio": 0.61,
            "price_fair": 143.33,
            "eps_avg_yearly": 4.1,
            "eps_latest_yearly": 5.68,
            "eps_growth_yearly": 131.5
        },
        "20194": {
            "year_quarter": 20194,
            "year": 2019,
            "quarter": 4,
            "eps": 0.27,
            "eps_growth_year": 20,
            "eps_4q": 3.71,
            "eps_4q_growth_year": 23.01,
            "roe": 1.18,
            "roe_4q": 16.869999999999997,
            "gross_profit": 258891,
            "gross_margin": 51.38,
            "gross_margin_4q_avg": 51.73,
            "net_income": 8591,
            "revenue": 503908,
            "common_shares": 349085,
            "book_valuer_per_share": 20.42,
            "book_valuer_per_share_4q_avg": 20.87,
            "equity": 725777,
            "current_ratio": 157.86,
            "debt_ratio": 59.72,
            "inventory_turnover_ratio": 2.63,
            "account_receivable_turnover_ratio": 10.98,
            "reinvestment_rate": -47.25,
            "research_to_sale_ratio": 0.79,
            "price_fair": 140.88,
            "eps_avg_yearly": 4.03,
            "eps_latest_yearly": 1.08,
            "eps_growth_yearly": 125.92
        },
        "20201": {
            "year_quarter": 20201,
            "year": 2020,
            "quarter": 1,
            "eps": -1.57,
            "eps_growth_year": -218.94,
            "eps_4q": 0.92,
            "eps_4q_growth_year": -72.37,
            "roe": -8.63,
            "roe_4q": 2.409999999999999,
            "gross_profit": 123746,
            "gross_margin": 44.66,
            "gross_margin_4q_avg": 49.62,
            "net_income": -56416,
            "revenue": 277063,
            "common_shares": 349085,
            "book_valuer_per_share": 16.7,
            "book_valuer_per_share_4q_avg": 19.53,
            "equity": 581893,
            "current_ratio": 143.85,
            "debt_ratio": 63.26,
            "inventory_turnover_ratio": 1.64,
            "account_receivable_turnover_ratio": 5.59,
            "reinvestment_rate": -59.01,
            "research_to_sale_ratio": 1.01,
            "price_fair": 144.95,
            "eps_avg_yearly": 4.14,
            "eps_latest_yearly": 1.08,
            "eps_growth_yearly": 133.34
        },
        "20202": {
            "year_quarter": 20202,
            "year": 2020,
            "quarter": 2,
            "eps": -0.13,
            "eps_growth_year": -116.46,
            "eps_4q": 0,
            "eps_4q_growth_year": -99.93,
            "roe": -0.76,
            "roe_4q": -1.660000000000001,
            "gross_profit": 177980,
            "gross_margin": 51.6,
            "gross_margin_4q_avg": 49.57,
            "net_income": -4358,
            "revenue": 344895,
            "common_shares": 348597,
            "book_valuer_per_share": 16.08,
            "book_valuer_per_share_4q_avg": 18.52,
            "equity": 560554,
            "current_ratio": 114.2,
            "debt_ratio": 66.28,
            "inventory_turnover_ratio": 2.07,
            "account_receivable_turnover_ratio": 6.86,
            "reinvestment_rate": -25.52,
            "research_to_sale_ratio": 0.78,
            "price_fair": 145.1,
            "eps_avg_yearly": 4.15,
            "eps_latest_yearly": 1.08,
            "eps_growth_yearly": 120.31
        },
        "20203": {
            "year_quarter": 20203,
            "year": 2020,
            "quarter": 3,
            "eps": 1.79,
            "eps_growth_year": 26.06,
            "eps_4q": 0.43,
            "eps_4q_growth_year": -88.53,
            "roe": 10.42,
            "roe_4q": 2.209999999999999,
            "gross_profit": 259237,
            "gross_margin": 51.05,
            "gross_margin_4q_avg": 49.67,
            "net_income": 63020,
            "revenue": 507765,
            "common_shares": 365574,
            "book_valuer_per_share": 17.19,
            "book_valuer_per_share_4q_avg": 17.6,
            "equity": 648836,
            "current_ratio": 129.76,
            "debt_ratio": 62.6,
            "inventory_turnover_ratio": 3.2,
            "account_receivable_turnover_ratio": 11.54,
            "reinvestment_rate": -20.54,
            "research_to_sale_ratio": 0.62,
            "price_fair": 139.78,
            "eps_avg_yearly": 3.99,
            "eps_latest_yearly": 1.08,
            "eps_growth_yearly": 114.18
        },
        "20204": {
            "year_quarter": 20204,
            "year": 2020,
            "quarter": 4,
            "eps": 0.93,
            "eps_growth_year": 239.39,
            "eps_4q": 1.09,
            "eps_4q_growth_year": -70.69,
            "roe": 4.6,
            "roe_4q": 5.629999999999999,
            "gross_profit": 230999,
            "gross_margin": 51.27,
            "gross_margin_4q_avg": 49.65,
            "net_income": 30792,
            "revenue": 450514,
            "common_shares": 365544,
            "book_valuer_per_share": 18.32,
            "book_valuer_per_share_4q_avg": 17.07,
            "equity": 688494,
            "current_ratio": 135.67,
            "debt_ratio": 61.25,
            "inventory_turnover_ratio": 2.65,
            "account_receivable_turnover_ratio": 12.02,
            "reinvestment_rate": -22.99,
            "research_to_sale_ratio": 0.73,
            "price_fair": 138.49,
            "eps_avg_yearly": 3.96,
            "eps_latest_yearly": 3.72,
            "eps_growth_yearly": 109.05
        },
        "20211": {
            "year_quarter": 20211,
            "year": 2021,
            "quarter": 1,
            "eps": 0.57,
            "eps_growth_year": null,
            "eps_4q": 3.15,
            "eps_4q_growth_year": 243.1,
            "roe": 2.9,
            "roe_4q": 17.16,
            "gross_profit": 207825,
            "gross_margin": 48.75,
            "gross_margin_4q_avg": 50.67,
            "net_income": 19816,
            "revenue": 426328,
            "common_shares": 365544,
            "book_valuer_per_share": 18.07,
            "book_valuer_per_share_4q_avg": 17.42,
            "equity": 678865,
            "current_ratio": 137.1,
            "debt_ratio": 60.82,
            "inventory_turnover_ratio": 2.45,
            "account_receivable_turnover_ratio": 11.34,
            "reinvestment_rate": -20.86,
            "research_to_sale_ratio": 0.81,
            "price_fair": 130.85,
            "eps_avg_yearly": 3.74,
            "eps_latest_yearly": 2.28,
            "eps_growth_yearly": 90.4
        },
        "20212": {
            "year_quarter": 20212,
            "year": 2021,
            "quarter": 2,
            "eps": -0.05,
            "eps_growth_year": null,
            "eps_4q": 3.22,
            "eps_4q_growth_year": 137056.23,
            "roe": -0.5,
            "roe_4q": 17.42,
            "gross_profit": 180426,
            "gross_margin": 47.12,
            "gross_margin_4q_avg": 49.55,
            "net_income": -3310,
            "revenue": 382897,
            "common_shares": 365052,
            "book_valuer_per_share": 17.53,
            "book_valuer_per_share_4q_avg": 17.78,
            "equity": 656966,
            "current_ratio": 129.56,
            "debt_ratio": 59.19,
            "inventory_turnover_ratio": 2.03,
            "account_receivable_turnover_ratio": 9.95,
            "reinvestment_rate": -30.43,
            "research_to_sale_ratio": 1.11,
            "price_fair": 125.53,
            "eps_avg_yearly": 3.59,
            "eps_latest_yearly": 2.28,
            "eps_growth_yearly": 95.07
        },
        "20213": {
            "year_quarter": 20213,
            "year": 2021,
            "quarter": 3,
            "eps": -1.29,
            "eps_growth_year": -172.07,
            "eps_4q": 0.15,
            "eps_4q_growth_year": -64.74,
            "roe": -7.5,
            "roe_4q": -0.5,
            "gross_profit": 165469,
            "gross_margin": 44.82,
            "gross_margin_4q_avg": 47.99,
            "net_income": -46666,
            "revenue": 369159,
            "common_shares": 365052,
            "book_valuer_per_share": 16.04,
            "book_valuer_per_share_4q_avg": 17.49,
            "equity": 587868,
            "current_ratio": 124.3,
            "debt_ratio": 61.46,
            "inventory_turnover_ratio": 2.11,
            "account_receivable_turnover_ratio": 9.21,
            "reinvestment_rate": -50.74,
            "research_to_sale_ratio": 1.38,
            "price_fair": 117.09,
            "eps_avg_yearly": 3.35,
            "eps_latest_yearly": 2.28,
            "eps_growth_yearly": 99.26
        },
        "20214": {
            "year_quarter": 20214,
            "year": 2021,
            "quarter": 4,
            "eps": -1.88,
            "eps_growth_year": -302.73,
            "eps_4q": -2.66,
            "eps_4q_growth_year": -344.72,
            "roe": -12.03,
            "roe_4q": -17.130000000000003,
            "gross_profit": 127883,
            "gross_margin": 45.61,
            "gross_margin_4q_avg": 46.58,
            "net_income": -66600,
            "revenue": 280404,
            "common_shares": 357852,
            "book_valuer_per_share": 14.12,
            "book_valuer_per_share_4q_avg": 16.44,
            "equity": 519164,
            "current_ratio": 127.18,
            "debt_ratio": 62.23,
            "inventory_turnover_ratio": 1.57,
            "account_receivable_turnover_ratio": 8.85,
            "reinvestment_rate": -3.72,
            "research_to_sale_ratio": 1.75,
            "price_fair": 117.6,
            "eps_avg_yearly": 3.36,
            "eps_latest_yearly": 2.28,
            "eps_growth_yearly": 128.68
        },
        "20221": {
            "year_quarter": 20221,
            "year": 2022,
            "quarter": 1,
            "eps": 0.04,
            "eps_growth_year": -92.98,
            "eps_4q": -3.16,
            "eps_4q_growth_year": -200.24,
            "roe": 0.05,
            "roe_4q": -19.979999999999997,
            "gross_profit": 95911,
            "gross_margin": 42.58,
            "gross_margin_4q_avg": 45.03,
            "net_income": 267,
            "revenue": 225264,
            "common_shares": 357852,
            "book_valuer_per_share": 14.47,
            "book_valuer_per_share_4q_avg": 15.54,
            "equity": 537444,
            "current_ratio": 158.44,
            "debt_ratio": 57.72,
            "inventory_turnover_ratio": 1.15,
            "account_receivable_turnover_ratio": 8.77,
            "reinvestment_rate": -81.15,
            "research_to_sale_ratio": 1.91,
            "price_fair": 114.33,
            "eps_avg_yearly": 3.27,
            "eps_latest_yearly": 2.28,
            "eps_growth_yearly": 129.09
        },
        "20222": {
            "year_quarter": 20222,
            "year": 2022,
            "quarter": 2,
            "eps": -3.56,
            "eps_growth_year": null,
            "eps_4q": -6.7,
            "eps_4q_growth_year": -307.92,
            "roe": -26.34,
            "roe_4q": -45.82,
            "gross_profit": 43187,
            "gross_margin": 24.53,
            "gross_margin_4q_avg": 39.39,
            "net_income": -125672,
            "revenue": 176025,
            "common_shares": 357852,
            "book_valuer_per_share": 11.19,
            "book_valuer_per_share_4q_avg": 13.96,
            "equity": 416960,
            "current_ratio": 158.76,
            "debt_ratio": 58.92,
            "inventory_turnover_ratio": 1.31,
            "account_receivable_turnover_ratio": 5.03,
            "reinvestment_rate": null,
            "research_to_sale_ratio": 2.53,
            "price_fair": 116.2,
            "eps_avg_yearly": 3.32,
            "eps_latest_yearly": 2.28,
            "eps_growth_yearly": 161.41
        },
        "20223": {
            "year_quarter": 20223,
            "year": 2022,
            "quarter": 3,
            "eps": -1.26,
            "eps_growth_year": null,
            "eps_4q": -6.66,
            "eps_4q_growth_year": -4514.16,
            "roe": -12.15,
            "roe_4q": -50.470000000000006,
            "gross_profit": 118330,
            "gross_margin": 50.46,
            "gross_margin_4q_avg": 40.8,
            "net_income": -48532,
            "revenue": 234516,
            "common_shares": 357852,
            "book_valuer_per_share": 10.3,
            "book_valuer_per_share_4q_avg": 12.52,
            "equity": 382103,
            "current_ratio": 172.02,
            "debt_ratio": 60.42,
            "inventory_turnover_ratio": 1.38,
            "account_receivable_turnover_ratio": 5.19,
            "reinvestment_rate": null,
            "research_to_sale_ratio": 1.47,
            "price_fair": 110.6,
            "eps_avg_yearly": 3.16,
            "eps_latest_yearly": 2.28,
            "eps_growth_yearly": 152.28
        },
        "20224": {
            "year_quarter": 20224,
            "year": 2022,
            "quarter": 4,
            "eps": -3.13,
            "eps_growth_year": null,
            "eps_4q": -7.92,
            "eps_4q_growth_year": null,
            "roe": -34.38,
            "roe_4q": -72.82000000000001,
            "gross_profit": 67363,
            "gross_margin": 40.75,
            "gross_margin_4q_avg": 39.58,
            "net_income": -110574,
            "revenue": 165324,
            "common_shares": 357852,
            "book_valuer_per_share": 6.91,
            "book_valuer_per_share_4q_avg": 10.72,
            "equity": 261210,
            "current_ratio": 160.08,
            "debt_ratio": 67.46,
            "inventory_turnover_ratio": 1.4,
            "account_receivable_turnover_ratio": 3.8,
            "reinvestment_rate": null,
            "research_to_sale_ratio": 1.19,
            "price_fair": 123.67,
            "eps_avg_yearly": 3.53,
            "eps_latest_yearly": 2.28,
            "eps_growth_yearly": 230.51
        },
        "20231": {
            "year_quarter": 20231,
            "year": 2023,
            "quarter": 1,
            "eps": -0.33,
            "eps_growth_year": -925,
            "eps_4q": -8.29,
            "eps_4q_growth_year": null,
            "roe": -3.95,
            "roe_4q": -76.82000000000001,
            "gross_profit": 100397,
            "gross_margin": 55.88,
            "gross_margin_4q_avg": 42.91,
            "net_income": -10018,
            "revenue": 179665,
            "common_shares": 357852,
            "book_valuer_per_share": 6.46,
            "book_valuer_per_share_4q_avg": 8.72,
            "equity": 246213,
            "current_ratio": 168.94,
            "debt_ratio": 68.7,
            "inventory_turnover_ratio": 1.48,
            "account_receivable_turnover_ratio": 4.24,
            "reinvestment_rate": null,
            "research_to_sale_ratio": 1.52,
            "price_fair": 9.55,
            "eps_avg_yearly": 3.18,
            "eps_latest_yearly": 2.28,
            "eps_growth_yearly": -102.52
        }
    },
    "months": {
        "2014-12": {
            "month": "2014-12",
            "price": "41.12",
            "revenue": 141036
        },
        "2015-01": {
            "month": "2015-01",
            "price": "39.52",
            "revenue": 147995
        },
        "2015-02": {
            "month": "2015-02",
            "price": "38.79",
            "revenue": 101569
        },
        "2015-03": {
            "month": "2015-03",
            "price": "39.85",
            "revenue": 127758
        },
        "2015-04": {
            "month": "2015-04",
            "price": "42.92",
            "revenue": 123064
        },
        "2015-05": {
            "month": "2015-05",
            "price": "43.82",
            "revenue": 130267
        },
        "2015-06": {
            "month": "2015-06",
            "price": "49.06",
            "revenue": 125488
        },
        "2015-07": {
            "month": "2015-07",
            "price": "47.70",
            "revenue": 149943
        },
        "2015-08": {
            "month": "2015-08",
            "price": "48.74",
            "revenue": 147127
        },
        "2015-09": {
            "month": "2015-09",
            "price": "45.59",
            "revenue": 147784
        },
        "2015-10": {
            "month": "2015-10",
            "price": "47.25",
            "revenue": 129617
        },
        "2015-11": {
            "month": "2015-11",
            "price": "54.73",
            "revenue": 129696
        },
        "2015-12": {
            "month": "2015-12",
            "price": "62.52",
            "revenue": 144185
        },
        "2016-01": {
            "month": "2016-01",
            "price": "69.83",
            "revenue": 171631
        },
        "2016-02": {
            "month": "2016-02",
            "price": "70.32",
            "revenue": 109534
        },
        "2016-03": {
            "month": "2016-03",
            "price": "68.80",
            "revenue": 126804
        },
        "2016-04": {
            "month": "2016-04",
            "price": "67.82",
            "revenue": 132736
        },
        "2016-05": {
            "month": "2016-05",
            "price": "69.36",
            "revenue": 142661
        },
        "2016-06": {
            "month": "2016-06",
            "price": "67.72",
            "revenue": 145189
        },
        "2016-07": {
            "month": "2016-07",
            "price": "68.96",
            "revenue": 163972
        },
        "2016-08": {
            "month": "2016-08",
            "price": "72.83",
            "revenue": 172722
        },
        "2016-09": {
            "month": "2016-09",
            "price": "70.61",
            "revenue": 142439
        },
        "2016-10": {
            "month": "2016-10",
            "price": "67.24",
            "revenue": 137731
        },
        "2016-11": {
            "month": "2016-11",
            "price": "66.87",
            "revenue": 137429
        },
        "2016-12": {
            "month": "2016-12",
            "price": "68.06",
            "revenue": 174074
        },
        "2017-01": {
            "month": "2017-01",
            "price": "63.71",
            "revenue": 175453
        },
        "2017-02": {
            "month": "2017-02",
            "price": "64.24",
            "revenue": 136089
        },
        "2017-03": {
            "month": "2017-03",
            "price": "68.04",
            "revenue": 148694
        },
        "2017-04": {
            "month": "2017-04",
            "price": "73.36",
            "revenue": 159591
        },
        "2017-05": {
            "month": "2017-05",
            "price": "96.94",
            "revenue": 160176
        },
        "2017-06": {
            "month": "2017-06",
            "price": "104.71",
            "revenue": 159076
        },
        "2017-07": {
            "month": "2017-07",
            "price": "104.76",
            "revenue": 177572
        },
        "2017-08": {
            "month": "2017-08",
            "price": "100.68",
            "revenue": 184330
        },
        "2017-09": {
            "month": "2017-09",
            "price": "100.94",
            "revenue": 186621
        },
        "2017-10": {
            "month": "2017-10",
            "price": "101.39",
            "revenue": 149683
        },
        "2017-11": {
            "month": "2017-11",
            "price": "95.15",
            "revenue": 157757
        },
        "2017-12": {
            "month": "2017-12",
            "price": "92.29",
            "revenue": 198132
        },
        "2018-01": {
            "month": "2018-01",
            "price": "93.96",
            "revenue": 214116
        },
        "2018-02": {
            "month": "2018-02",
            "price": "89.45",
            "revenue": 142897
        },
        "2018-03": {
            "month": "2018-03",
            "price": "83.72",
            "revenue": 168675
        },
        "2018-04": {
            "month": "2018-04",
            "price": "82.34",
            "revenue": 175451
        },
        "2018-05": {
            "month": "2018-05",
            "price": "76.66",
            "revenue": 182954
        },
        "2018-06": {
            "month": "2018-06",
            "price": "71.50",
            "revenue": 173610
        },
        "2018-07": {
            "month": "2018-07",
            "price": "69.80",
            "revenue": 208369
        },
        "2018-08": {
            "month": "2018-08",
            "price": "62.05",
            "revenue": 203510
        },
        "2018-09": {
            "month": "2018-09",
            "price": "60.59",
            "revenue": 171035
        },
        "2018-10": {
            "month": "2018-10",
            "price": "50.35",
            "revenue": 160333
        },
        "2018-11": {
            "month": "2018-11",
            "price": "46.56",
            "revenue": 169736
        },
        "2018-12": {
            "month": "2018-12",
            "price": "52.99",
            "revenue": 203037
        },
        "2019-01": {
            "month": "2019-01",
            "price": "52.23",
            "revenue": 251373
        },
        "2019-02": {
            "month": "2019-02",
            "price": "62.78",
            "revenue": 138479
        },
        "2019-03": {
            "month": "2019-03",
            "price": "63.30",
            "revenue": 160059
        },
        "2019-04": {
            "month": "2019-04",
            "price": "64.70",
            "revenue": 187603
        },
        "2019-05": {
            "month": "2019-05",
            "price": "69.85",
            "revenue": 183463
        },
        "2019-06": {
            "month": "2019-06",
            "price": "74.03",
            "revenue": 183913
        },
        "2019-07": {
            "month": "2019-07",
            "price": "76.43",
            "revenue": 215331
        },
        "2019-08": {
            "month": "2019-08",
            "price": "72.72",
            "revenue": 217147
        },
        "2019-09": {
            "month": "2019-09",
            "price": "70.31",
            "revenue": 175836
        },
        "2019-10": {
            "month": "2019-10",
            "price": "61.02",
            "revenue": 162772
        },
        "2019-11": {
            "month": "2019-11",
            "price": "60.50",
            "revenue": 150586
        },
        "2019-12": {
            "month": "2019-12",
            "price": "60.01",
            "revenue": 190550
        },
        "2020-01": {
            "month": "2020-01",
            "price": "71.67",
            "revenue": 175538
        },
        "2020-02": {
            "month": "2020-02",
            "price": "61.74",
            "revenue": 34732
        },
        "2020-03": {
            "month": "2020-03",
            "price": "54.56",
            "revenue": 66793
        },
        "2020-04": {
            "month": "2020-04",
            "price": "56.56",
            "revenue": 102760
        },
        "2020-05": {
            "month": "2020-05",
            "price": "61.35",
            "revenue": 113182
        },
        "2020-06": {
            "month": "2020-06",
            "price": "63.23",
            "revenue": 128953
        },
        "2020-07": {
            "month": "2020-07",
            "price": "66.04",
            "revenue": 152610
        },
        "2020-08": {
            "month": "2020-08",
            "price": "63.95",
            "revenue": 175207
        },
        "2020-09": {
            "month": "2020-09",
            "price": "62.28",
            "revenue": 184557
        },
        "2020-10": {
            "month": "2020-10",
            "price": "61.78",
            "revenue": 155000
        },
        "2020-11": {
            "month": "2020-11",
            "price": "66.87",
            "revenue": 144876
        },
        "2020-12": {
            "month": "2020-12",
            "price": "69.50",
            "revenue": 150638
        },
        "2021-01": {
            "month": "2021-01",
            "price": "68.26",
            "revenue": 192957
        },
        "2021-02": {
            "month": "2021-02",
            "price": "70.08",
            "revenue": 102593
        },
        "2021-03": {
            "month": "2021-03",
            "price": "80.84",
            "revenue": 130775
        },
        "2021-04": {
            "month": "2021-04",
            "price": "77.48",
            "revenue": 130025
        },
        "2021-05": {
            "month": "2021-05",
            "price": "67.45",
            "revenue": 127303
        },
        "2021-06": {
            "month": "2021-06",
            "price": "72.49",
            "revenue": 125567
        },
        "2021-07": {
            "month": "2021-07",
            "price": "69.40",
            "revenue": 129522
        },
        "2021-08": {
            "month": "2021-08",
            "price": "49.47",
            "revenue": 126788
        },
        "2021-09": {
            "month": "2021-09",
            "price": "41.20",
            "revenue": 112849
        },
        "2021-10": {
            "month": "2021-10",
            "price": "36.49",
            "revenue": 101745
        },
        "2021-11": {
            "month": "2021-11",
            "price": "34.37",
            "revenue": 87178
        },
        "2021-12": {
            "month": "2021-12",
            "price": "31.84",
            "revenue": 91481
        },
        "2022-01": {
            "month": "2022-01",
            "price": "27.36",
            "revenue": 99827
        },
        "2022-02": {
            "month": "2022-02",
            "price": "29.25",
            "revenue": 70750
        },
        "2022-03": {
            "month": "2022-03",
            "price": "29.35",
            "revenue": 55224
        },
        "2022-04": {
            "month": "2022-04",
            "price": "27.43",
            "revenue": 64715
        },
        "2022-05": {
            "month": "2022-05",
            "price": "24.97",
            "revenue": 50784
        },
        "2022-06": {
            "month": "2022-06",
            "price": "27.03",
            "revenue": 65605
        },
        "2022-07": {
            "month": "2022-07",
            "price": "24.67",
            "revenue": 73276
        },
        "2022-08": {
            "month": "2022-08",
            "price": "25.68",
            "revenue": 77347
        },
        "2022-09": {
            "month": "2022-09",
            "price": "23.84",
            "revenue": 81242
        },
        "2022-10": {
            "month": "2022-10",
            "price": "21.22",
            "revenue": 55105
        },
        "2022-11": {
            "month": "2022-11",
            "price": "19.25",
            "revenue": 50033
        },
        "2022-12": {
            "month": "2022-12",
            "price": "23.42",
            "revenue": 55932
        },
        "2023-01": {
            "month": "2023-01",
            "price": "22.82",
            "revenue": 62179
        },
        "2023-02": {
            "month": "2023-02",
            "price": "25.21",
            "revenue": 53435
        },
        "2023-03": {
            "month": "2023-03",
            "price": "27.86",
            "revenue": 64914
        },
        "2023-04": {
            "month": "2023-04",
            "price": "27.81",
            "revenue": 68784
        }
    }
}
