{
    "summary": {
        "stock_name": "王品",
        "stock_id": "2727",
        "category": "觀光",
        "main_business": "餐館業",
        "website_url": "http://www.wowprime.com",
        "ceo": "陳正輝",
        "pe_ratio": 39,
        "report_year_from": 2009,
        "report_year_to": 2023,
        "age": 14,
        "eps_negative_percentage": 8,
        "eps_growth_avg": {
            "last_all": -1.99,
            "last_2y": -52.1,
            "last_4y": -30.88,
            "last_8y": -13.69,
            "last_12y": null,
            "last_16y": null,
            "last_20y": null,
            "at_2006_last_3y": null,
            "at_2007_last_3y": null,
            "at_2008_last_3y": null,
            "at_2009_last_3y": null,
            "at_2010_last_3y": null,
            "at_2011_last_3y": null,
            "at_2012_last_3y": null,
            "at_2013_last_3y": null,
            "at_2014_last_3y": null,
            "at_2015_last_3y": -9.94,
            "at_2016_last_3y": -9.94,
            "at_2017_last_3y": 3.5,
            "at_2018_last_3y": 5.78,
            "at_2019_last_3y": 31,
            "at_2020_last_3y": 4.96,
            "at_2021_last_3y": -30.88,
            "at_2022_last_3y": -32.81,
            "at_2023_last_3y": -32.81,
            "at_2006_last_all": null,
            "at_2007_last_all": null,
            "at_2008_last_all": null,
            "at_2009_last_all": null,
            "at_2010_last_all": null,
            "at_2011_last_all": null,
            "at_2012_last_all": null,
            "at_2013_last_all": 44.78,
            "at_2014_last_all": 18.46,
            "at_2015_last_all": -9.94,
            "at_2016_last_all": 12.05,
            "at_2017_last_all": 17.26,
            "at_2018_last_all": 11.21,
            "at_2019_last_all": 10.53,
            "at_2020_last_all": 8.9,
            "at_2021_last_all": -1.99,
            "at_2022_last_all": -1.99,
            "at_2023_last_all": -1.99
        },
        "latest_eps": 8.55,
        "latest_price": 332.5,
        "latest_roe": 15.44,
        "latest_gross_margin": 46.9,
        "latest_equity": 3784265,
        "latest_revenue": 5610022,
        "latest_gross_profit": 2631278,
        "latest_net_income": 390447,
        "latest_debt_ratio": 75.11,
        "latest_current_ratio": 105.45,
        "latest_account_receivable_turnover_ratio": 14.66,
        "latest_inventory_turnover_ratio": 1.36,
        "latest_reinvestment_rate": -53.66,
        "latest_research_to_sale_ratio": 0.12
    },
    "eps_dividends": {
        "2001": {
            "cash": 0,
            "stock": 0,
            "eps": 0
        },
        "2002": {
            "cash": 0,
            "stock": 0,
            "eps": 0
        },
        "2003": {
            "cash": 0,
            "stock": 0,
            "eps": 0
        },
        "2004": {
            "cash": 0,
            "stock": 0,
            "eps": 0
        },
        "2005": {
            "cash": 0,
            "stock": 0,
            "eps": 0
        },
        "2006": {
            "cash": 0,
            "stock": 0,
            "eps": 0
        },
        "2007": {
            "cash": 0,
            "stock": 0,
            "eps": 0
        },
        "2008": {
            "cash": 0,
            "stock": 0,
            "eps": 0
        },
        "2009": {
            "cash": 0,
            "stock": 0,
            "eps": 0
        },
        "2010": {
            "cash": 0,
            "stock": 0,
            "eps": 0
        },
        "2011": {
            "cash": 20.240000000000002,
            "stock": 2.05,
            "eps": 3.39
        },
        "2012": {
            "cash": 0,
            "stock": 0,
            "eps": 15.71
        },
        "2013": {
            "cash": 13.67,
            "stock": 1,
            "eps": 14.07
        },
        "2014": {
            "cash": 12.27,
            "stock": 0.3,
            "eps": 9.26
        },
        "2015": {
            "cash": 8.09,
            "stock": 0,
            "eps": 0.45
        },
        "2016": {
            "cash": 1,
            "stock": 0,
            "eps": 4.2
        },
        "2017": {
            "cash": 3.5,
            "stock": 0,
            "eps": 6.02
        },
        "2018": {
            "cash": 5.5,
            "stock": 0,
            "eps": 4.51
        },
        "2019": {
            "cash": 4.5,
            "stock": 0,
            "eps": 4.77
        },
        "2020": {
            "cash": 4.5,
            "stock": 0,
            "eps": 4.57
        },
        "2021": {
            "cash": 4.3,
            "stock": 0,
            "eps": -1.44
        },
        "2022": {
            "cash": 0,
            "stock": 0,
            "eps": 5.16
        },
        "2023": {
            "cash": 3.87,
            "stock": 1,
            "eps": 5.01
        }
    },
    "dividends": {
        "2011-01-01": {
            "cash": 10.24,
            "stock": 0
        },
        "2011-03-01": {
            "cash": 10,
            "stock": 2.05
        },
        "2013-02-22": {
            "cash": 13.67,
            "stock": 1
        },
        "2014-04-08": {
            "cash": 12.27,
            "stock": 0.3
        },
        "2015-05-27": {
            "cash": 8.09,
            "stock": 0
        },
        "2016-07-22": {
            "cash": 1,
            "stock": 0
        },
        "2017-07-21": {
            "cash": 3.5,
            "stock": 0
        },
        "2018-07-11": {
            "cash": 5.5,
            "stock": 0
        },
        "2019-07-17": {
            "cash": 4.5,
            "stock": 0
        },
        "2020-08-14": {
            "cash": 4.5,
            "stock": 0
        },
        "2021-09-17": {
            "cash": 4.3,
            "stock": 0
        },
        "2023-03-23": {
            "cash": 3.87,
            "stock": 1
        }
    },
    "prices": {
        "200101": "無",
        "200102": "無",
        "200103": "無",
        "200104": "無",
        "200105": "無",
        "200106": "無",
        "200107": "無",
        "200108": "無",
        "200109": "無",
        "200110": "無",
        "200111": "無",
        "200112": "無",
        "200201": "無",
        "200202": "無",
        "200203": "無",
        "200204": "無",
        "200205": "無",
        "200206": "無",
        "200207": "無",
        "200208": "無",
        "200209": "無",
        "200210": "無",
        "200211": "無",
        "200212": "無",
        "200301": "無",
        "200302": "無",
        "200303": "無",
        "200304": "無",
        "200305": "無",
        "200306": "無",
        "200307": "無",
        "200308": "無",
        "200309": "無",
        "200310": "無",
        "200311": "無",
        "200312": "無",
        "200401": "無",
        "200402": "無",
        "200403": "無",
        "200404": "無",
        "200405": "無",
        "200406": "無",
        "200407": "無",
        "200408": "無",
        "200409": "無",
        "200410": "無",
        "200411": "無",
        "200412": "無",
        "200501": "無",
        "200502": "無",
        "200503": "無",
        "200504": "無",
        "200505": "無",
        "200506": "無",
        "200507": "無",
        "200508": "無",
        "200509": "無",
        "200510": "無",
        "200511": "無",
        "200512": "無",
        "200601": "無",
        "200602": "無",
        "200603": "無",
        "200604": "無",
        "200605": "無",
        "200606": "無",
        "200607": "無",
        "200608": "無",
        "200609": "無",
        "200610": "無",
        "200611": "無",
        "200612": "無",
        "200701": "無",
        "200702": "無",
        "200703": "無",
        "200704": "無",
        "200705": "無",
        "200706": "無",
        "200707": "無",
        "200708": "無",
        "200709": "無",
        "200710": "無",
        "200711": "無",
        "200712": "無",
        "200801": "無",
        "200802": "無",
        "200803": "無",
        "200804": "無",
        "200805": "無",
        "200806": "無",
        "200807": "無",
        "200808": "無",
        "200809": "無",
        "200810": "無",
        "200811": "無",
        "200812": "無",
        "200901": "無",
        "200902": "無",
        "200903": "無",
        "200904": "無",
        "200905": "無",
        "200906": "無",
        "200907": "無",
        "200908": "無",
        "200909": "無",
        "200910": "無",
        "200911": "無",
        "200912": "無",
        "201001": "無",
        "201002": "無",
        "201003": "無",
        "201004": "無",
        "201005": "無",
        "201006": "無",
        "201007": "無",
        "201008": "無",
        "201009": "無",
        "201010": "無",
        "201011": "無",
        "201012": "無",
        "201101": "無",
        "201102": "無",
        "201103": "無",
        "201104": "457.53",
        "201105": "388.74",
        "201106": "372.39",
        "201107": "368.72",
        "201108": "388.82",
        "201109": "390.60",
        "201110": "383.23",
        "201111": "388.33",
        "201112": "376.47",
        "201201": "369.17",
        "201202": "448.00",
        "201203": "485.34",
        "201204": "451.65",
        "201205": "438.32",
        "201206": "436.88",
        "201207": "447.34",
        "201208": "452.32",
        "201209": "438.60",
        "201210": "415.75",
        "201211": "414.48",
        "201212": "415.64",
        "201301": "417.11",
        "201302": "425.15",
        "201303": "428.43",
        "201304": "422.48",
        "201305": "424.00",
        "201306": "409.03",
        "201307": "408.72",
        "201308": "420.90",
        "201309": "442.42",
        "201310": "484.02",
        "201311": "459.83",
        "201312": "481.73",
        "201401": "491.31",
        "201402": "477.91",
        "201403": "440.21",
        "201404": "444.88",
        "201405": "436.83",
        "201406": "444.55",
        "201407": "423.73",
        "201408": "385.05",
        "201409": "361.55",
        "201410": "311.18",
        "201411": "295.85",
        "201412": "288.21",
        "201501": "290.30",
        "201502": "283.08",
        "201503": "256.18",
        "201504": "266.35",
        "201505": "269.90",
        "201506": "273.52",
        "201507": "255.25",
        "201508": "200.62",
        "201509": "179.45",
        "201510": "191.48",
        "201511": "160.74",
        "201512": "156.13",
        "201601": "139.33",
        "201602": "139.62",
        "201603": "145.04",
        "201604": "134.47",
        "201605": "114.07",
        "201606": "117.95",
        "201607": "127.42",
        "201608": "138.65",
        "201609": "127.76",
        "201610": "117.62",
        "201611": "125.00",
        "201612": "134.82",
        "201701": "138.94",
        "201702": "143.97",
        "201703": "141.43",
        "201704": "143.56",
        "201705": "178.05",
        "201706": "197.72",
        "201707": "178.48",
        "201708": "180.72",
        "201709": "167.66",
        "201710": "162.32",
        "201711": "142.34",
        "201712": "132.45",
        "201801": "137.95",
        "201802": "128.92",
        "201803": "129.52",
        "201804": "126.03",
        "201805": "109.84",
        "201806": "99.34",
        "201807": "87.20",
        "201808": "82.08",
        "201809": "78.97",
        "201810": "79.14",
        "201811": "81.65",
        "201812": "83.25",
        "201901": "79.46",
        "201902": "81.70",
        "201903": "85.46",
        "201904": "92.58",
        "201905": "87.34",
        "201906": "83.58",
        "201907": "79.91",
        "201908": "76.15",
        "201909": "77.60",
        "201910": "76.22",
        "201911": "80.06",
        "201912": "80.36",
        "202001": "77.08",
        "202002": "67.94",
        "202003": "61.02",
        "202004": "62.62",
        "202005": "68.64",
        "202006": "80.06",
        "202007": "77.72",
        "202008": "72.90",
        "202009": "74.25",
        "202010": "75.85",
        "202011": "102.06",
        "202012": "134.09",
        "202101": "126.18",
        "202102": "134.12",
        "202103": "174.73",
        "202104": "190.21",
        "202105": "138.50",
        "202106": "145.81",
        "202107": "164.55",
        "202108": "145.18",
        "202109": "142.82",
        "202110": "145.75",
        "202111": "142.77",
        "202112": "135.27",
        "202201": "127.56",
        "202202": "135.67",
        "202203": "124.72",
        "202204": "117.42",
        "202205": "107.86",
        "202206": "121.57",
        "202207": "120.95",
        "202208": "121.02",
        "202209": "128.88",
        "202210": "126.10",
        "202211": "147.61",
        "202212": "163.25",
        "202301": "169.42",
        "202302": "224.75",
        "202303": "286.35",
        "202304": "306.32",
        "202305": "321.64",
        "202306": "350.00"
    },
    "quarters": {
        "20011": {
            "year_quarter": 20011,
            "year": 2001,
            "quarter": 1,
            "eps": null,
            "eps_growth_year": null,
            "eps_4q": null,
            "eps_4q_growth_year": null,
            "roe": null,
            "roe_4q": 0,
            "gross_profit": null,
            "gross_margin": null,
            "gross_margin_4q_avg": 0,
            "net_income": null,
            "revenue": null,
            "common_shares": null,
            "book_valuer_per_share": null,
            "book_valuer_per_share_4q_avg": 0,
            "equity": null,
            "current_ratio": null,
            "debt_ratio": null,
            "inventory_turnover_ratio": null,
            "account_receivable_turnover_ratio": null,
            "reinvestment_rate": null,
            "research_to_sale_ratio": null,
            "price_fair": 0,
            "eps_avg_yearly": 0,
            "eps_latest_yearly": 0,
            "eps_growth_yearly": 0
        },
        "20012": {
            "year_quarter": 20012,
            "year": 2001,
            "quarter": 2,
            "eps": null,
            "eps_growth_year": null,
            "eps_4q": null,
            "eps_4q_growth_year": null,
            "roe": null,
            "roe_4q": 0,
            "gross_profit": null,
            "gross_margin": null,
            "gross_margin_4q_avg": 0,
            "net_income": null,
            "revenue": null,
            "common_shares": null,
            "book_valuer_per_share": null,
            "book_valuer_per_share_4q_avg": 0,
            "equity": null,
            "current_ratio": null,
            "debt_ratio": null,
            "inventory_turnover_ratio": null,
            "account_receivable_turnover_ratio": null,
            "reinvestment_rate": null,
            "research_to_sale_ratio": null,
            "price_fair": 0,
            "eps_avg_yearly": 0,
            "eps_latest_yearly": 0,
            "eps_growth_yearly": 0
        },
        "20013": {
            "year_quarter": 20013,
            "year": 2001,
            "quarter": 3,
            "eps": null,
            "eps_growth_year": null,
            "eps_4q": null,
            "eps_4q_growth_year": null,
            "roe": null,
            "roe_4q": 0,
            "gross_profit": null,
            "gross_margin": null,
            "gross_margin_4q_avg": 0,
            "net_income": null,
            "revenue": null,
            "common_shares": null,
            "book_valuer_per_share": null,
            "book_valuer_per_share_4q_avg": 0,
            "equity": null,
            "current_ratio": null,
            "debt_ratio": null,
            "inventory_turnover_ratio": null,
            "account_receivable_turnover_ratio": null,
            "reinvestment_rate": null,
            "research_to_sale_ratio": null,
            "price_fair": 0,
            "eps_avg_yearly": 0,
            "eps_latest_yearly": 0,
            "eps_growth_yearly": 0
        },
        "20014": {
            "year_quarter": 20014,
            "year": 2001,
            "quarter": 4,
            "eps": null,
            "eps_growth_year": null,
            "eps_4q": null,
            "eps_4q_growth_year": null,
            "roe": null,
            "roe_4q": 0,
            "gross_profit": null,
            "gross_margin": null,
            "gross_margin_4q_avg": 0,
            "net_income": null,
            "revenue": null,
            "common_shares": null,
            "book_valuer_per_share": null,
            "book_valuer_per_share_4q_avg": 0,
            "equity": null,
            "current_ratio": null,
            "debt_ratio": null,
            "inventory_turnover_ratio": null,
            "account_receivable_turnover_ratio": null,
            "reinvestment_rate": null,
            "research_to_sale_ratio": null,
            "price_fair": 0,
            "eps_avg_yearly": 0,
            "eps_latest_yearly": 0,
            "eps_growth_yearly": 0
        },
        "20021": {
            "year_quarter": 20021,
            "year": 2002,
            "quarter": 1,
            "eps": null,
            "eps_growth_year": null,
            "eps_4q": null,
            "eps_4q_growth_year": null,
            "roe": null,
            "roe_4q": 0,
            "gross_profit": null,
            "gross_margin": null,
            "gross_margin_4q_avg": 0,
            "net_income": null,
            "revenue": null,
            "common_shares": null,
            "book_valuer_per_share": null,
            "book_valuer_per_share_4q_avg": 0,
            "equity": null,
            "current_ratio": null,
            "debt_ratio": null,
            "inventory_turnover_ratio": null,
            "account_receivable_turnover_ratio": null,
            "reinvestment_rate": null,
            "research_to_sale_ratio": null,
            "price_fair": 0,
            "eps_avg_yearly": 0,
            "eps_latest_yearly": 0,
            "eps_growth_yearly": 0
        },
        "20022": {
            "year_quarter": 20022,
            "year": 2002,
            "quarter": 2,
            "eps": null,
            "eps_growth_year": null,
            "eps_4q": null,
            "eps_4q_growth_year": null,
            "roe": null,
            "roe_4q": 0,
            "gross_profit": null,
            "gross_margin": null,
            "gross_margin_4q_avg": 0,
            "net_income": null,
            "revenue": null,
            "common_shares": null,
            "book_valuer_per_share": null,
            "book_valuer_per_share_4q_avg": 0,
            "equity": null,
            "current_ratio": null,
            "debt_ratio": null,
            "inventory_turnover_ratio": null,
            "account_receivable_turnover_ratio": null,
            "reinvestment_rate": null,
            "research_to_sale_ratio": null,
            "price_fair": 0,
            "eps_avg_yearly": 0,
            "eps_latest_yearly": 0,
            "eps_growth_yearly": 0
        },
        "20023": {
            "year_quarter": 20023,
            "year": 2002,
            "quarter": 3,
            "eps": null,
            "eps_growth_year": null,
            "eps_4q": null,
            "eps_4q_growth_year": null,
            "roe": null,
            "roe_4q": 0,
            "gross_profit": null,
            "gross_margin": null,
            "gross_margin_4q_avg": 0,
            "net_income": null,
            "revenue": null,
            "common_shares": null,
            "book_valuer_per_share": null,
            "book_valuer_per_share_4q_avg": 0,
            "equity": null,
            "current_ratio": null,
            "debt_ratio": null,
            "inventory_turnover_ratio": null,
            "account_receivable_turnover_ratio": null,
            "reinvestment_rate": null,
            "research_to_sale_ratio": null,
            "price_fair": 0,
            "eps_avg_yearly": 0,
            "eps_latest_yearly": 0,
            "eps_growth_yearly": 0
        },
        "20024": {
            "year_quarter": 20024,
            "year": 2002,
            "quarter": 4,
            "eps": null,
            "eps_growth_year": null,
            "eps_4q": null,
            "eps_4q_growth_year": null,
            "roe": null,
            "roe_4q": 0,
            "gross_profit": null,
            "gross_margin": null,
            "gross_margin_4q_avg": 0,
            "net_income": null,
            "revenue": null,
            "common_shares": null,
            "book_valuer_per_share": null,
            "book_valuer_per_share_4q_avg": 0,
            "equity": null,
            "current_ratio": null,
            "debt_ratio": null,
            "inventory_turnover_ratio": null,
            "account_receivable_turnover_ratio": null,
            "reinvestment_rate": null,
            "research_to_sale_ratio": null,
            "price_fair": 0,
            "eps_avg_yearly": 0,
            "eps_latest_yearly": 0,
            "eps_growth_yearly": 0
        },
        "20031": {
            "year_quarter": 20031,
            "year": 2003,
            "quarter": 1,
            "eps": null,
            "eps_growth_year": null,
            "eps_4q": null,
            "eps_4q_growth_year": null,
            "roe": null,
            "roe_4q": 0,
            "gross_profit": null,
            "gross_margin": null,
            "gross_margin_4q_avg": 0,
            "net_income": null,
            "revenue": null,
            "common_shares": null,
            "book_valuer_per_share": null,
            "book_valuer_per_share_4q_avg": 0,
            "equity": null,
            "current_ratio": null,
            "debt_ratio": null,
            "inventory_turnover_ratio": null,
            "account_receivable_turnover_ratio": null,
            "reinvestment_rate": null,
            "research_to_sale_ratio": null,
            "price_fair": 0,
            "eps_avg_yearly": 0,
            "eps_latest_yearly": 0,
            "eps_growth_yearly": 0
        },
        "20032": {
            "year_quarter": 20032,
            "year": 2003,
            "quarter": 2,
            "eps": null,
            "eps_growth_year": null,
            "eps_4q": null,
            "eps_4q_growth_year": null,
            "roe": null,
            "roe_4q": 0,
            "gross_profit": null,
            "gross_margin": null,
            "gross_margin_4q_avg": 0,
            "net_income": null,
            "revenue": null,
            "common_shares": null,
            "book_valuer_per_share": null,
            "book_valuer_per_share_4q_avg": 0,
            "equity": null,
            "current_ratio": null,
            "debt_ratio": null,
            "inventory_turnover_ratio": null,
            "account_receivable_turnover_ratio": null,
            "reinvestment_rate": null,
            "research_to_sale_ratio": null,
            "price_fair": 0,
            "eps_avg_yearly": 0,
            "eps_latest_yearly": 0,
            "eps_growth_yearly": 0
        },
        "20033": {
            "year_quarter": 20033,
            "year": 2003,
            "quarter": 3,
            "eps": null,
            "eps_growth_year": null,
            "eps_4q": null,
            "eps_4q_growth_year": null,
            "roe": null,
            "roe_4q": 0,
            "gross_profit": null,
            "gross_margin": null,
            "gross_margin_4q_avg": 0,
            "net_income": null,
            "revenue": null,
            "common_shares": null,
            "book_valuer_per_share": null,
            "book_valuer_per_share_4q_avg": 0,
            "equity": null,
            "current_ratio": null,
            "debt_ratio": null,
            "inventory_turnover_ratio": null,
            "account_receivable_turnover_ratio": null,
            "reinvestment_rate": null,
            "research_to_sale_ratio": null,
            "price_fair": 0,
            "eps_avg_yearly": 0,
            "eps_latest_yearly": 0,
            "eps_growth_yearly": 0
        },
        "20034": {
            "year_quarter": 20034,
            "year": 2003,
            "quarter": 4,
            "eps": null,
            "eps_growth_year": null,
            "eps_4q": null,
            "eps_4q_growth_year": null,
            "roe": null,
            "roe_4q": 0,
            "gross_profit": null,
            "gross_margin": null,
            "gross_margin_4q_avg": 0,
            "net_income": null,
            "revenue": null,
            "common_shares": null,
            "book_valuer_per_share": null,
            "book_valuer_per_share_4q_avg": 0,
            "equity": null,
            "current_ratio": null,
            "debt_ratio": null,
            "inventory_turnover_ratio": null,
            "account_receivable_turnover_ratio": null,
            "reinvestment_rate": null,
            "research_to_sale_ratio": null,
            "price_fair": 0,
            "eps_avg_yearly": 0,
            "eps_latest_yearly": 0,
            "eps_growth_yearly": 0
        },
        "20041": {
            "year_quarter": 20041,
            "year": 2004,
            "quarter": 1,
            "eps": null,
            "eps_growth_year": null,
            "eps_4q": null,
            "eps_4q_growth_year": null,
            "roe": null,
            "roe_4q": 0,
            "gross_profit": null,
            "gross_margin": null,
            "gross_margin_4q_avg": 0,
            "net_income": null,
            "revenue": null,
            "common_shares": null,
            "book_valuer_per_share": null,
            "book_valuer_per_share_4q_avg": 0,
            "equity": null,
            "current_ratio": null,
            "debt_ratio": null,
            "inventory_turnover_ratio": null,
            "account_receivable_turnover_ratio": null,
            "reinvestment_rate": null,
            "research_to_sale_ratio": null,
            "price_fair": 0,
            "eps_avg_yearly": 0,
            "eps_latest_yearly": 0,
            "eps_growth_yearly": 0
        },
        "20042": {
            "year_quarter": 20042,
            "year": 2004,
            "quarter": 2,
            "eps": null,
            "eps_growth_year": null,
            "eps_4q": null,
            "eps_4q_growth_year": null,
            "roe": null,
            "roe_4q": 0,
            "gross_profit": null,
            "gross_margin": null,
            "gross_margin_4q_avg": 0,
            "net_income": null,
            "revenue": null,
            "common_shares": null,
            "book_valuer_per_share": null,
            "book_valuer_per_share_4q_avg": 0,
            "equity": null,
            "current_ratio": null,
            "debt_ratio": null,
            "inventory_turnover_ratio": null,
            "account_receivable_turnover_ratio": null,
            "reinvestment_rate": null,
            "research_to_sale_ratio": null,
            "price_fair": 0,
            "eps_avg_yearly": 0,
            "eps_latest_yearly": 0,
            "eps_growth_yearly": 0
        },
        "20043": {
            "year_quarter": 20043,
            "year": 2004,
            "quarter": 3,
            "eps": null,
            "eps_growth_year": null,
            "eps_4q": null,
            "eps_4q_growth_year": null,
            "roe": null,
            "roe_4q": 0,
            "gross_profit": null,
            "gross_margin": null,
            "gross_margin_4q_avg": 0,
            "net_income": null,
            "revenue": null,
            "common_shares": null,
            "book_valuer_per_share": null,
            "book_valuer_per_share_4q_avg": 0,
            "equity": null,
            "current_ratio": null,
            "debt_ratio": null,
            "inventory_turnover_ratio": null,
            "account_receivable_turnover_ratio": null,
            "reinvestment_rate": null,
            "research_to_sale_ratio": null,
            "price_fair": 0,
            "eps_avg_yearly": 0,
            "eps_latest_yearly": 0,
            "eps_growth_yearly": 0
        },
        "20044": {
            "year_quarter": 20044,
            "year": 2004,
            "quarter": 4,
            "eps": null,
            "eps_growth_year": null,
            "eps_4q": null,
            "eps_4q_growth_year": null,
            "roe": null,
            "roe_4q": 0,
            "gross_profit": null,
            "gross_margin": null,
            "gross_margin_4q_avg": 0,
            "net_income": null,
            "revenue": null,
            "common_shares": null,
            "book_valuer_per_share": null,
            "book_valuer_per_share_4q_avg": 0,
            "equity": null,
            "current_ratio": null,
            "debt_ratio": null,
            "inventory_turnover_ratio": null,
            "account_receivable_turnover_ratio": null,
            "reinvestment_rate": null,
            "research_to_sale_ratio": null,
            "price_fair": 0,
            "eps_avg_yearly": 0,
            "eps_latest_yearly": 0,
            "eps_growth_yearly": 0
        },
        "20051": {
            "year_quarter": 20051,
            "year": 2005,
            "quarter": 1,
            "eps": null,
            "eps_growth_year": null,
            "eps_4q": null,
            "eps_4q_growth_year": null,
            "roe": null,
            "roe_4q": 0,
            "gross_profit": null,
            "gross_margin": null,
            "gross_margin_4q_avg": 0,
            "net_income": null,
            "revenue": null,
            "common_shares": null,
            "book_valuer_per_share": null,
            "book_valuer_per_share_4q_avg": 0,
            "equity": null,
            "current_ratio": null,
            "debt_ratio": null,
            "inventory_turnover_ratio": null,
            "account_receivable_turnover_ratio": null,
            "reinvestment_rate": null,
            "research_to_sale_ratio": null,
            "price_fair": 0,
            "eps_avg_yearly": 0,
            "eps_latest_yearly": 0,
            "eps_growth_yearly": 0
        },
        "20052": {
            "year_quarter": 20052,
            "year": 2005,
            "quarter": 2,
            "eps": null,
            "eps_growth_year": null,
            "eps_4q": null,
            "eps_4q_growth_year": null,
            "roe": null,
            "roe_4q": 0,
            "gross_profit": null,
            "gross_margin": null,
            "gross_margin_4q_avg": 0,
            "net_income": null,
            "revenue": null,
            "common_shares": null,
            "book_valuer_per_share": null,
            "book_valuer_per_share_4q_avg": 0,
            "equity": null,
            "current_ratio": null,
            "debt_ratio": null,
            "inventory_turnover_ratio": null,
            "account_receivable_turnover_ratio": null,
            "reinvestment_rate": null,
            "research_to_sale_ratio": null,
            "price_fair": 0,
            "eps_avg_yearly": 0,
            "eps_latest_yearly": 0,
            "eps_growth_yearly": 0
        },
        "20053": {
            "year_quarter": 20053,
            "year": 2005,
            "quarter": 3,
            "eps": null,
            "eps_growth_year": null,
            "eps_4q": null,
            "eps_4q_growth_year": null,
            "roe": null,
            "roe_4q": 0,
            "gross_profit": null,
            "gross_margin": null,
            "gross_margin_4q_avg": 0,
            "net_income": null,
            "revenue": null,
            "common_shares": null,
            "book_valuer_per_share": null,
            "book_valuer_per_share_4q_avg": 0,
            "equity": null,
            "current_ratio": null,
            "debt_ratio": null,
            "inventory_turnover_ratio": null,
            "account_receivable_turnover_ratio": null,
            "reinvestment_rate": null,
            "research_to_sale_ratio": null,
            "price_fair": 0,
            "eps_avg_yearly": 0,
            "eps_latest_yearly": 0,
            "eps_growth_yearly": 0
        },
        "20054": {
            "year_quarter": 20054,
            "year": 2005,
            "quarter": 4,
            "eps": null,
            "eps_growth_year": null,
            "eps_4q": null,
            "eps_4q_growth_year": null,
            "roe": null,
            "roe_4q": 0,
            "gross_profit": null,
            "gross_margin": null,
            "gross_margin_4q_avg": 0,
            "net_income": null,
            "revenue": null,
            "common_shares": null,
            "book_valuer_per_share": null,
            "book_valuer_per_share_4q_avg": 0,
            "equity": null,
            "current_ratio": null,
            "debt_ratio": null,
            "inventory_turnover_ratio": null,
            "account_receivable_turnover_ratio": null,
            "reinvestment_rate": null,
            "research_to_sale_ratio": null,
            "price_fair": 0,
            "eps_avg_yearly": 0,
            "eps_latest_yearly": 0,
            "eps_growth_yearly": 0
        },
        "20061": {
            "year_quarter": 20061,
            "year": 2006,
            "quarter": 1,
            "eps": null,
            "eps_growth_year": null,
            "eps_4q": null,
            "eps_4q_growth_year": null,
            "roe": null,
            "roe_4q": 0,
            "gross_profit": null,
            "gross_margin": null,
            "gross_margin_4q_avg": 0,
            "net_income": null,
            "revenue": null,
            "common_shares": null,
            "book_valuer_per_share": null,
            "book_valuer_per_share_4q_avg": 0,
            "equity": null,
            "current_ratio": null,
            "debt_ratio": null,
            "inventory_turnover_ratio": null,
            "account_receivable_turnover_ratio": null,
            "reinvestment_rate": null,
            "research_to_sale_ratio": null,
            "price_fair": 0,
            "eps_avg_yearly": 0,
            "eps_latest_yearly": 0,
            "eps_growth_yearly": 0
        },
        "20062": {
            "year_quarter": 20062,
            "year": 2006,
            "quarter": 2,
            "eps": null,
            "eps_growth_year": null,
            "eps_4q": null,
            "eps_4q_growth_year": null,
            "roe": null,
            "roe_4q": 0,
            "gross_profit": null,
            "gross_margin": null,
            "gross_margin_4q_avg": 0,
            "net_income": null,
            "revenue": null,
            "common_shares": null,
            "book_valuer_per_share": null,
            "book_valuer_per_share_4q_avg": 0,
            "equity": null,
            "current_ratio": null,
            "debt_ratio": null,
            "inventory_turnover_ratio": null,
            "account_receivable_turnover_ratio": null,
            "reinvestment_rate": null,
            "research_to_sale_ratio": null,
            "price_fair": 0,
            "eps_avg_yearly": 0,
            "eps_latest_yearly": 0,
            "eps_growth_yearly": 0
        },
        "20063": {
            "year_quarter": 20063,
            "year": 2006,
            "quarter": 3,
            "eps": null,
            "eps_growth_year": null,
            "eps_4q": null,
            "eps_4q_growth_year": null,
            "roe": null,
            "roe_4q": 0,
            "gross_profit": null,
            "gross_margin": null,
            "gross_margin_4q_avg": 0,
            "net_income": null,
            "revenue": null,
            "common_shares": null,
            "book_valuer_per_share": null,
            "book_valuer_per_share_4q_avg": 0,
            "equity": null,
            "current_ratio": null,
            "debt_ratio": null,
            "inventory_turnover_ratio": null,
            "account_receivable_turnover_ratio": null,
            "reinvestment_rate": null,
            "research_to_sale_ratio": null,
            "price_fair": 0,
            "eps_avg_yearly": 0,
            "eps_latest_yearly": 0,
            "eps_growth_yearly": 0
        },
        "20064": {
            "year_quarter": 20064,
            "year": 2006,
            "quarter": 4,
            "eps": null,
            "eps_growth_year": null,
            "eps_4q": null,
            "eps_4q_growth_year": null,
            "roe": null,
            "roe_4q": 0,
            "gross_profit": null,
            "gross_margin": null,
            "gross_margin_4q_avg": 0,
            "net_income": null,
            "revenue": null,
            "common_shares": null,
            "book_valuer_per_share": null,
            "book_valuer_per_share_4q_avg": 0,
            "equity": null,
            "current_ratio": null,
            "debt_ratio": null,
            "inventory_turnover_ratio": null,
            "account_receivable_turnover_ratio": null,
            "reinvestment_rate": null,
            "research_to_sale_ratio": null,
            "price_fair": 0,
            "eps_avg_yearly": 0,
            "eps_latest_yearly": 0,
            "eps_growth_yearly": 0
        },
        "20071": {
            "year_quarter": 20071,
            "year": 2007,
            "quarter": 1,
            "eps": null,
            "eps_growth_year": null,
            "eps_4q": null,
            "eps_4q_growth_year": null,
            "roe": null,
            "roe_4q": 0,
            "gross_profit": null,
            "gross_margin": null,
            "gross_margin_4q_avg": 0,
            "net_income": null,
            "revenue": null,
            "common_shares": null,
            "book_valuer_per_share": null,
            "book_valuer_per_share_4q_avg": 0,
            "equity": null,
            "current_ratio": null,
            "debt_ratio": null,
            "inventory_turnover_ratio": null,
            "account_receivable_turnover_ratio": null,
            "reinvestment_rate": null,
            "research_to_sale_ratio": null,
            "price_fair": 0,
            "eps_avg_yearly": 0,
            "eps_latest_yearly": 0,
            "eps_growth_yearly": 0
        },
        "20072": {
            "year_quarter": 20072,
            "year": 2007,
            "quarter": 2,
            "eps": null,
            "eps_growth_year": null,
            "eps_4q": null,
            "eps_4q_growth_year": null,
            "roe": null,
            "roe_4q": 0,
            "gross_profit": null,
            "gross_margin": null,
            "gross_margin_4q_avg": 0,
            "net_income": null,
            "revenue": null,
            "common_shares": null,
            "book_valuer_per_share": null,
            "book_valuer_per_share_4q_avg": 0,
            "equity": null,
            "current_ratio": null,
            "debt_ratio": null,
            "inventory_turnover_ratio": null,
            "account_receivable_turnover_ratio": null,
            "reinvestment_rate": null,
            "research_to_sale_ratio": null,
            "price_fair": 0,
            "eps_avg_yearly": 0,
            "eps_latest_yearly": 0,
            "eps_growth_yearly": 0
        },
        "20073": {
            "year_quarter": 20073,
            "year": 2007,
            "quarter": 3,
            "eps": null,
            "eps_growth_year": null,
            "eps_4q": null,
            "eps_4q_growth_year": null,
            "roe": null,
            "roe_4q": 0,
            "gross_profit": null,
            "gross_margin": null,
            "gross_margin_4q_avg": 0,
            "net_income": null,
            "revenue": null,
            "common_shares": null,
            "book_valuer_per_share": null,
            "book_valuer_per_share_4q_avg": 0,
            "equity": null,
            "current_ratio": null,
            "debt_ratio": null,
            "inventory_turnover_ratio": null,
            "account_receivable_turnover_ratio": null,
            "reinvestment_rate": null,
            "research_to_sale_ratio": null,
            "price_fair": 0,
            "eps_avg_yearly": 0,
            "eps_latest_yearly": 0,
            "eps_growth_yearly": 0
        },
        "20074": {
            "year_quarter": 20074,
            "year": 2007,
            "quarter": 4,
            "eps": null,
            "eps_growth_year": null,
            "eps_4q": null,
            "eps_4q_growth_year": null,
            "roe": null,
            "roe_4q": 0,
            "gross_profit": null,
            "gross_margin": null,
            "gross_margin_4q_avg": 0,
            "net_income": null,
            "revenue": null,
            "common_shares": null,
            "book_valuer_per_share": null,
            "book_valuer_per_share_4q_avg": 0,
            "equity": null,
            "current_ratio": null,
            "debt_ratio": null,
            "inventory_turnover_ratio": null,
            "account_receivable_turnover_ratio": null,
            "reinvestment_rate": null,
            "research_to_sale_ratio": null,
            "price_fair": 0,
            "eps_avg_yearly": 0,
            "eps_latest_yearly": 0,
            "eps_growth_yearly": 0
        },
        "20081": {
            "year_quarter": 20081,
            "year": 2008,
            "quarter": 1,
            "eps": null,
            "eps_growth_year": null,
            "eps_4q": null,
            "eps_4q_growth_year": null,
            "roe": null,
            "roe_4q": 0,
            "gross_profit": null,
            "gross_margin": null,
            "gross_margin_4q_avg": 0,
            "net_income": null,
            "revenue": null,
            "common_shares": null,
            "book_valuer_per_share": null,
            "book_valuer_per_share_4q_avg": 0,
            "equity": null,
            "current_ratio": null,
            "debt_ratio": null,
            "inventory_turnover_ratio": null,
            "account_receivable_turnover_ratio": null,
            "reinvestment_rate": null,
            "research_to_sale_ratio": null,
            "price_fair": 0,
            "eps_avg_yearly": 0,
            "eps_latest_yearly": 0,
            "eps_growth_yearly": 0
        },
        "20082": {
            "year_quarter": 20082,
            "year": 2008,
            "quarter": 2,
            "eps": null,
            "eps_growth_year": null,
            "eps_4q": null,
            "eps_4q_growth_year": null,
            "roe": null,
            "roe_4q": 0,
            "gross_profit": null,
            "gross_margin": null,
            "gross_margin_4q_avg": 0,
            "net_income": null,
            "revenue": null,
            "common_shares": null,
            "book_valuer_per_share": null,
            "book_valuer_per_share_4q_avg": 0,
            "equity": null,
            "current_ratio": null,
            "debt_ratio": null,
            "inventory_turnover_ratio": null,
            "account_receivable_turnover_ratio": null,
            "reinvestment_rate": null,
            "research_to_sale_ratio": null,
            "price_fair": 0,
            "eps_avg_yearly": 0,
            "eps_latest_yearly": 0,
            "eps_growth_yearly": 0
        },
        "20083": {
            "year_quarter": 20083,
            "year": 2008,
            "quarter": 3,
            "eps": null,
            "eps_growth_year": null,
            "eps_4q": null,
            "eps_4q_growth_year": null,
            "roe": null,
            "roe_4q": 0,
            "gross_profit": null,
            "gross_margin": null,
            "gross_margin_4q_avg": 0,
            "net_income": null,
            "revenue": null,
            "common_shares": null,
            "book_valuer_per_share": null,
            "book_valuer_per_share_4q_avg": 0,
            "equity": null,
            "current_ratio": null,
            "debt_ratio": null,
            "inventory_turnover_ratio": null,
            "account_receivable_turnover_ratio": null,
            "reinvestment_rate": null,
            "research_to_sale_ratio": null,
            "price_fair": 0,
            "eps_avg_yearly": 0,
            "eps_latest_yearly": 0,
            "eps_growth_yearly": 0
        },
        "20084": {
            "year_quarter": 20084,
            "year": 2008,
            "quarter": 4,
            "eps": null,
            "eps_growth_year": null,
            "eps_4q": null,
            "eps_4q_growth_year": null,
            "roe": null,
            "roe_4q": 0,
            "gross_profit": null,
            "gross_margin": null,
            "gross_margin_4q_avg": 0,
            "net_income": null,
            "revenue": null,
            "common_shares": 452333,
            "book_valuer_per_share": 18.2,
            "book_valuer_per_share_4q_avg": 4.55,
            "equity": 823145,
            "current_ratio": 124.43,
            "debt_ratio": 51.16,
            "inventory_turnover_ratio": null,
            "account_receivable_turnover_ratio": null,
            "reinvestment_rate": null,
            "research_to_sale_ratio": null,
            "price_fair": 0,
            "eps_avg_yearly": 0,
            "eps_latest_yearly": 0,
            "eps_growth_yearly": 0
        },
        "20091": {
            "year_quarter": 20091,
            "year": 2009,
            "quarter": 1,
            "eps": null,
            "eps_growth_year": null,
            "eps_4q": null,
            "eps_4q_growth_year": null,
            "roe": null,
            "roe_4q": 0,
            "gross_profit": null,
            "gross_margin": null,
            "gross_margin_4q_avg": 0,
            "net_income": null,
            "revenue": null,
            "common_shares": null,
            "book_valuer_per_share": null,
            "book_valuer_per_share_4q_avg": 4.55,
            "equity": null,
            "current_ratio": null,
            "debt_ratio": null,
            "inventory_turnover_ratio": null,
            "account_receivable_turnover_ratio": null,
            "reinvestment_rate": null,
            "research_to_sale_ratio": null,
            "price_fair": 0,
            "eps_avg_yearly": 0,
            "eps_latest_yearly": 0,
            "eps_growth_yearly": 0
        },
        "20092": {
            "year_quarter": 20092,
            "year": 2009,
            "quarter": 2,
            "eps": null,
            "eps_growth_year": null,
            "eps_4q": null,
            "eps_4q_growth_year": null,
            "roe": null,
            "roe_4q": 0,
            "gross_profit": null,
            "gross_margin": null,
            "gross_margin_4q_avg": 0,
            "net_income": null,
            "revenue": null,
            "common_shares": null,
            "book_valuer_per_share": null,
            "book_valuer_per_share_4q_avg": 4.55,
            "equity": null,
            "current_ratio": null,
            "debt_ratio": null,
            "inventory_turnover_ratio": null,
            "account_receivable_turnover_ratio": null,
            "reinvestment_rate": null,
            "research_to_sale_ratio": null,
            "price_fair": 0,
            "eps_avg_yearly": 0,
            "eps_latest_yearly": 0,
            "eps_growth_yearly": 0
        },
        "20093": {
            "year_quarter": 20093,
            "year": 2009,
            "quarter": 3,
            "eps": null,
            "eps_growth_year": null,
            "eps_4q": null,
            "eps_4q_growth_year": null,
            "roe": null,
            "roe_4q": 0,
            "gross_profit": null,
            "gross_margin": null,
            "gross_margin_4q_avg": 0,
            "net_income": null,
            "revenue": null,
            "common_shares": null,
            "book_valuer_per_share": null,
            "book_valuer_per_share_4q_avg": 4.55,
            "equity": null,
            "current_ratio": null,
            "debt_ratio": null,
            "inventory_turnover_ratio": null,
            "account_receivable_turnover_ratio": null,
            "reinvestment_rate": null,
            "research_to_sale_ratio": null,
            "price_fair": 0,
            "eps_avg_yearly": 0,
            "eps_latest_yearly": 0,
            "eps_growth_yearly": 0
        },
        "20094": {
            "year_quarter": 20094,
            "year": 2009,
            "quarter": 4,
            "eps": null,
            "eps_growth_year": null,
            "eps_4q": null,
            "eps_4q_growth_year": null,
            "roe": null,
            "roe_4q": 0,
            "gross_profit": null,
            "gross_margin": null,
            "gross_margin_4q_avg": 0,
            "net_income": null,
            "revenue": null,
            "common_shares": 474950,
            "book_valuer_per_share": 22.14,
            "book_valuer_per_share_4q_avg": 5.54,
            "equity": 1051736,
            "current_ratio": 128.76,
            "debt_ratio": 52.75,
            "inventory_turnover_ratio": null,
            "account_receivable_turnover_ratio": null,
            "reinvestment_rate": null,
            "research_to_sale_ratio": null,
            "price_fair": 0,
            "eps_avg_yearly": 0,
            "eps_latest_yearly": 0,
            "eps_growth_yearly": 0
        },
        "20101": {
            "year_quarter": 20101,
            "year": 2010,
            "quarter": 1,
            "eps": null,
            "eps_growth_year": null,
            "eps_4q": null,
            "eps_4q_growth_year": null,
            "roe": null,
            "roe_4q": 0,
            "gross_profit": null,
            "gross_margin": null,
            "gross_margin_4q_avg": 0,
            "net_income": null,
            "revenue": null,
            "common_shares": null,
            "book_valuer_per_share": null,
            "book_valuer_per_share_4q_avg": 5.54,
            "equity": null,
            "current_ratio": null,
            "debt_ratio": null,
            "inventory_turnover_ratio": null,
            "account_receivable_turnover_ratio": null,
            "reinvestment_rate": null,
            "research_to_sale_ratio": null,
            "price_fair": 0,
            "eps_avg_yearly": 0,
            "eps_latest_yearly": 0,
            "eps_growth_yearly": 0
        },
        "20102": {
            "year_quarter": 20102,
            "year": 2010,
            "quarter": 2,
            "eps": null,
            "eps_growth_year": null,
            "eps_4q": null,
            "eps_4q_growth_year": null,
            "roe": null,
            "roe_4q": 0,
            "gross_profit": null,
            "gross_margin": null,
            "gross_margin_4q_avg": 0,
            "net_income": null,
            "revenue": null,
            "common_shares": 474950,
            "book_valuer_per_share": null,
            "book_valuer_per_share_4q_avg": 5.54,
            "equity": 1120300,
            "current_ratio": null,
            "debt_ratio": null,
            "inventory_turnover_ratio": null,
            "account_receivable_turnover_ratio": null,
            "reinvestment_rate": null,
            "research_to_sale_ratio": null,
            "price_fair": 0,
            "eps_avg_yearly": 0,
            "eps_latest_yearly": 0,
            "eps_growth_yearly": 0
        },
        "20103": {
            "year_quarter": 20103,
            "year": 2010,
            "quarter": 3,
            "eps": null,
            "eps_growth_year": null,
            "eps_4q": null,
            "eps_4q_growth_year": null,
            "roe": null,
            "roe_4q": 0,
            "gross_profit": 831216,
            "gross_margin": null,
            "gross_margin_4q_avg": 0,
            "net_income": 166948,
            "revenue": 1569188,
            "common_shares": 474950,
            "book_valuer_per_share": 27.1,
            "book_valuer_per_share_4q_avg": 12.31,
            "equity": 1287248,
            "current_ratio": 124.3,
            "debt_ratio": 52.47,
            "inventory_turnover_ratio": null,
            "account_receivable_turnover_ratio": null,
            "reinvestment_rate": null,
            "research_to_sale_ratio": null,
            "price_fair": 0,
            "eps_avg_yearly": 0,
            "eps_latest_yearly": 0,
            "eps_growth_yearly": 0
        },
        "20104": {
            "year_quarter": 20104,
            "year": 2010,
            "quarter": 4,
            "eps": null,
            "eps_growth_year": null,
            "eps_4q": null,
            "eps_4q_growth_year": null,
            "roe": null,
            "roe_4q": 0,
            "gross_profit": 840852,
            "gross_margin": null,
            "gross_margin_4q_avg": 0,
            "net_income": 161020,
            "revenue": 1555690,
            "common_shares": 474950,
            "book_valuer_per_share": 30.49,
            "book_valuer_per_share_4q_avg": 14.4,
            "equity": 1448268,
            "current_ratio": 125.83,
            "debt_ratio": 53.82,
            "inventory_turnover_ratio": null,
            "account_receivable_turnover_ratio": null,
            "reinvestment_rate": null,
            "research_to_sale_ratio": null,
            "price_fair": 0,
            "eps_avg_yearly": 0,
            "eps_latest_yearly": 0,
            "eps_growth_yearly": 0
        },
        "20111": {
            "year_quarter": 20111,
            "year": 2011,
            "quarter": 1,
            "eps": null,
            "eps_growth_year": null,
            "eps_4q": null,
            "eps_4q_growth_year": null,
            "roe": null,
            "roe_4q": 0,
            "gross_profit": 968501,
            "gross_margin": null,
            "gross_margin_4q_avg": 0,
            "net_income": 219434,
            "revenue": 1766326,
            "common_shares": 615845,
            "book_valuer_per_share": 20.78,
            "book_valuer_per_share_4q_avg": 19.59,
            "equity": 1279809,
            "current_ratio": 111.94,
            "debt_ratio": 57.57,
            "inventory_turnover_ratio": null,
            "account_receivable_turnover_ratio": null,
            "reinvestment_rate": null,
            "research_to_sale_ratio": null,
            "price_fair": 0,
            "eps_avg_yearly": 0,
            "eps_latest_yearly": 0,
            "eps_growth_yearly": 0
        },
        "20112": {
            "year_quarter": 20112,
            "year": 2011,
            "quarter": 2,
            "eps": 3.39,
            "eps_growth_year": null,
            "eps_4q": 3.39,
            "eps_4q_growth_year": null,
            "roe": 15.08,
            "roe_4q": 15.08,
            "gross_profit": 996253,
            "gross_margin": 54.58,
            "gross_margin_4q_avg": 13.65,
            "net_income": 208760,
            "revenue": 1825277,
            "common_shares": 615845,
            "book_valuer_per_share": 24.19,
            "book_valuer_per_share_4q_avg": 25.64,
            "equity": 1489741,
            "current_ratio": 119.02,
            "debt_ratio": 54.26,
            "inventory_turnover_ratio": 0.89,
            "account_receivable_turnover_ratio": 73.53,
            "reinvestment_rate": null,
            "research_to_sale_ratio": null,
            "price_fair": 0,
            "eps_avg_yearly": 0,
            "eps_latest_yearly": 0,
            "eps_growth_yearly": 0
        },
        "20113": {
            "year_quarter": 20113,
            "year": 2011,
            "quarter": 3,
            "eps": null,
            "eps_growth_year": null,
            "eps_4q": null,
            "eps_4q_growth_year": null,
            "roe": null,
            "roe_4q": 15.08,
            "gross_profit": 1119054,
            "gross_margin": null,
            "gross_margin_4q_avg": 13.65,
            "net_income": 218149,
            "revenue": 2090884,
            "common_shares": 615845,
            "book_valuer_per_share": 27.77,
            "book_valuer_per_share_4q_avg": 25.81,
            "equity": 1710022,
            "current_ratio": 123.51,
            "debt_ratio": 52.79,
            "inventory_turnover_ratio": null,
            "account_receivable_turnover_ratio": null,
            "reinvestment_rate": null,
            "research_to_sale_ratio": null,
            "price_fair": 0,
            "eps_avg_yearly": 0,
            "eps_latest_yearly": 0,
            "eps_growth_yearly": 0
        },
        "20114": {
            "year_quarter": 20114,
            "year": 2011,
            "quarter": 4,
            "eps": null,
            "eps_growth_year": null,
            "eps_4q": null,
            "eps_4q_growth_year": null,
            "roe": null,
            "roe_4q": 15.08,
            "gross_profit": 1052049,
            "gross_margin": null,
            "gross_margin_4q_avg": 13.65,
            "net_income": 126644,
            "revenue": 2016057,
            "common_shares": 621415,
            "book_valuer_per_share": 29.75,
            "book_valuer_per_share_4q_avg": 25.62,
            "equity": 1848761,
            "current_ratio": 123.3,
            "debt_ratio": 55.02,
            "inventory_turnover_ratio": null,
            "account_receivable_turnover_ratio": null,
            "reinvestment_rate": null,
            "research_to_sale_ratio": null,
            "price_fair": 0,
            "eps_avg_yearly": 0,
            "eps_latest_yearly": 0,
            "eps_growth_yearly": 0
        },
        "20121": {
            "year_quarter": 20121,
            "year": 2012,
            "quarter": 1,
            "eps": 4.39,
            "eps_growth_year": null,
            "eps_4q": 7.19,
            "eps_4q_growth_year": null,
            "roe": 11.39,
            "roe_4q": 26.47,
            "gross_profit": 1614178,
            "gross_margin": 55,
            "gross_margin_4q_avg": 27.4,
            "net_income": 322645,
            "revenue": 2934792,
            "common_shares": 679505,
            "book_valuer_per_share": 50.04,
            "book_valuer_per_share_4q_avg": 32.94,
            "equity": 3815605,
            "current_ratio": 164.81,
            "debt_ratio": 47.21,
            "inventory_turnover_ratio": 0.99,
            "account_receivable_turnover_ratio": 31.84,
            "reinvestment_rate": null,
            "research_to_sale_ratio": 0.08,
            "price_fair": 0,
            "eps_avg_yearly": 0,
            "eps_latest_yearly": 0,
            "eps_growth_yearly": 0
        },
        "20122": {
            "year_quarter": 20122,
            "year": 2012,
            "quarter": 2,
            "eps": 3.38,
            "eps_growth_year": -0.18,
            "eps_4q": 7.51,
            "eps_4q_growth_year": 121.42,
            "roe": 6.84,
            "roe_4q": 18.23,
            "gross_profit": 1554553,
            "gross_margin": 53.52,
            "gross_margin_4q_avg": 27.13,
            "net_income": 270497,
            "revenue": 2904547,
            "common_shares": 679505,
            "book_valuer_per_share": 53.44,
            "book_valuer_per_share_4q_avg": 40.25,
            "equity": 4089152,
            "current_ratio": 188.35,
            "debt_ratio": 39.25,
            "inventory_turnover_ratio": 0.85,
            "account_receivable_turnover_ratio": 26.79,
            "reinvestment_rate": null,
            "research_to_sale_ratio": 0.06,
            "price_fair": 40.56,
            "eps_avg_yearly": 13.52,
            "eps_latest_yearly": 13.52,
            "eps_growth_yearly": -92.03
        },
        "20123": {
            "year_quarter": 20123,
            "year": 2012,
            "quarter": 3,
            "eps": 4.66,
            "eps_growth_year": null,
            "eps_4q": 12.17,
            "eps_4q_growth_year": null,
            "roe": 8.56,
            "roe_4q": 26.79,
            "gross_profit": 1798600,
            "gross_margin": 53.68,
            "gross_margin_4q_avg": 40.55,
            "net_income": 363582,
            "revenue": 3350470,
            "common_shares": 679505,
            "book_valuer_per_share": 58.05,
            "book_valuer_per_share_4q_avg": 47.82,
            "equity": 4403261,
            "current_ratio": 195.41,
            "debt_ratio": 37.78,
            "inventory_turnover_ratio": 1,
            "account_receivable_turnover_ratio": 25.05,
            "reinvestment_rate": null,
            "research_to_sale_ratio": 0.07,
            "price_fair": 562.8,
            "eps_avg_yearly": 16.08,
            "eps_latest_yearly": 18.64,
            "eps_growth_yearly": 29.73
        },
        "20124": {
            "year_quarter": 20124,
            "year": 2012,
            "quarter": 4,
            "eps": 3.28,
            "eps_growth_year": null,
            "eps_4q": 15.45,
            "eps_4q_growth_year": null,
            "roe": 5.41,
            "roe_4q": 32.2,
            "gross_profit": 1625558,
            "gross_margin": 52.16,
            "gross_margin_4q_avg": 53.59,
            "net_income": 250488,
            "revenue": 3116583,
            "common_shares": 679505,
            "book_valuer_per_share": 61.25,
            "book_valuer_per_share_4q_avg": 55.7,
            "equity": 4850151,
            "current_ratio": 191.87,
            "debt_ratio": 38.63,
            "inventory_turnover_ratio": 0.98,
            "account_receivable_turnover_ratio": 18.55,
            "reinvestment_rate": null,
            "research_to_sale_ratio": 0.08,
            "price_fair": 45.28,
            "eps_avg_yearly": 15.09,
            "eps_latest_yearly": 13.12,
            "eps_growth_yearly": -19.67
        },
        "20131": {
            "year_quarter": 20131,
            "year": 2013,
            "quarter": 1,
            "eps": 4.69,
            "eps_growth_year": 6.83,
            "eps_4q": 16.02,
            "eps_4q_growth_year": 122.61,
            "roe": 6.98,
            "roe_4q": 27.790000000000003,
            "gross_profit": 1883583,
            "gross_margin": 54.51,
            "gross_margin_4q_avg": 53.47,
            "net_income": 347294,
            "revenue": 3455467,
            "common_shares": 679505,
            "book_valuer_per_share": 64.47,
            "book_valuer_per_share_4q_avg": 59.3,
            "equity": 5098470,
            "current_ratio": 197.55,
            "debt_ratio": 37.63,
            "inventory_turnover_ratio": 1.05,
            "account_receivable_turnover_ratio": 20.66,
            "reinvestment_rate": null,
            "research_to_sale_ratio": 0.11,
            "price_fair": 560.35,
            "eps_avg_yearly": 16.01,
            "eps_latest_yearly": 18.76,
            "eps_growth_yearly": 28.24
        },
        "20132": {
            "year_quarter": 20132,
            "year": 2013,
            "quarter": 2,
            "eps": 3.81,
            "eps_growth_year": 12.6,
            "eps_4q": 15.29,
            "eps_4q_growth_year": 103.72,
            "roe": 6.36,
            "roe_4q": 27.310000000000002,
            "gross_profit": 1913314,
            "gross_margin": 53.4,
            "gross_margin_4q_avg": 53.44,
            "net_income": 303398,
            "revenue": 3583266,
            "common_shares": 747455,
            "book_valuer_per_share": 50.11,
            "book_valuer_per_share_4q_avg": 58.47,
            "equity": 4438634,
            "current_ratio": 158.57,
            "debt_ratio": 43.69,
            "inventory_turnover_ratio": 1.16,
            "account_receivable_turnover_ratio": 22.8,
            "reinvestment_rate": null,
            "research_to_sale_ratio": 0.1,
            "price_fair": 278.73,
            "eps_avg_yearly": 15.86,
            "eps_latest_yearly": 15.24,
            "eps_growth_yearly": 7.58
        },
        "20133": {
            "year_quarter": 20133,
            "year": 2013,
            "quarter": 3,
            "eps": 3.6,
            "eps_growth_year": -22.79,
            "eps_4q": 14.65,
            "eps_4q_growth_year": 20.4,
            "roe": 6.61,
            "roe_4q": 25.360000000000003,
            "gross_profit": 2082534,
            "gross_margin": 52.03,
            "gross_margin_4q_avg": 53.03,
            "net_income": 302813,
            "revenue": 4002672,
            "common_shares": 747455,
            "book_valuer_per_share": 53.64,
            "book_valuer_per_share_4q_avg": 57.37,
            "equity": 4729609,
            "current_ratio": 160.34,
            "debt_ratio": 43.01,
            "inventory_turnover_ratio": 1.42,
            "account_receivable_turnover_ratio": 27.86,
            "reinvestment_rate": null,
            "research_to_sale_ratio": 0.11,
            "price_fair": 197.37,
            "eps_avg_yearly": 15.61,
            "eps_latest_yearly": 14.4,
            "eps_growth_yearly": 2.64
        },
        "20134": {
            "year_quarter": 20134,
            "year": 2013,
            "quarter": 4,
            "eps": 1.97,
            "eps_growth_year": -39.81,
            "eps_4q": 13.64,
            "eps_4q_growth_year": -11.68,
            "roe": 3.34,
            "roe_4q": 23.29,
            "gross_profit": 1934150,
            "gross_margin": 50.38,
            "gross_margin_4q_avg": 52.58,
            "net_income": 161771,
            "revenue": 3839183,
            "common_shares": 747455,
            "book_valuer_per_share": 55.75,
            "book_valuer_per_share_4q_avg": 55.99,
            "equity": 4945819,
            "current_ratio": 149.22,
            "debt_ratio": 45.25,
            "inventory_turnover_ratio": 1.32,
            "account_receivable_turnover_ratio": 24.92,
            "reinvestment_rate": null,
            "research_to_sale_ratio": 0.11,
            "price_fair": 43.53,
            "eps_avg_yearly": 14.51,
            "eps_latest_yearly": 7.88,
            "eps_growth_yearly": -23.61
        },
        "20141": {
            "year_quarter": 20141,
            "year": 2014,
            "quarter": 1,
            "eps": 4,
            "eps_growth_year": -14.71,
            "eps_4q": 13.38,
            "eps_4q_growth_year": -16.48,
            "roe": 6.66,
            "roe_4q": 22.97,
            "gross_profit": 2259042,
            "gross_margin": 52.47,
            "gross_margin_4q_avg": 52.07,
            "net_income": 340831,
            "revenue": 4305464,
            "common_shares": 747455,
            "book_valuer_per_share": 59.73,
            "book_valuer_per_share_4q_avg": 54.81,
            "equity": 5284382,
            "current_ratio": 151.94,
            "debt_ratio": 46.06,
            "inventory_turnover_ratio": 1.33,
            "account_receivable_turnover_ratio": 26.35,
            "reinvestment_rate": null,
            "research_to_sale_ratio": 0.07,
            "price_fair": 514.33,
            "eps_avg_yearly": 14.7,
            "eps_latest_yearly": 16,
            "eps_growth_yearly": 30.86
        },
        "20142": {
            "year_quarter": 20142,
            "year": 2014,
            "quarter": 2,
            "eps": 2.83,
            "eps_growth_year": -25.72,
            "eps_4q": 12.12,
            "eps_4q_growth_year": -20.76,
            "roe": 4.92,
            "roe_4q": 21.53,
            "gross_profit": 2108480,
            "gross_margin": 51.34,
            "gross_margin_4q_avg": 51.56,
            "net_income": 242687,
            "revenue": 4106816,
            "common_shares": 769879,
            "book_valuer_per_share": 48.74,
            "book_valuer_per_share_4q_avg": 54.47,
            "equity": 4582803,
            "current_ratio": 133.44,
            "debt_ratio": 49.69,
            "inventory_turnover_ratio": 1.25,
            "account_receivable_turnover_ratio": 30.31,
            "reinvestment_rate": 54.19,
            "research_to_sale_ratio": 0.07,
            "price_fair": 349.92,
            "eps_avg_yearly": 14.32,
            "eps_latest_yearly": 11.32,
            "eps_growth_yearly": 14.44
        },
        "20143": {
            "year_quarter": 20143,
            "year": 2014,
            "quarter": 3,
            "eps": 2.27,
            "eps_growth_year": -36.94,
            "eps_4q": 10.89,
            "eps_4q_growth_year": -25.69,
            "roe": 4.94,
            "roe_4q": 19.86,
            "gross_profit": 2298087,
            "gross_margin": 50.65,
            "gross_margin_4q_avg": 51.21,
            "net_income": 232370,
            "revenue": 4537218,
            "common_shares": 769879,
            "book_valuer_per_share": 51.24,
            "book_valuer_per_share_4q_avg": 53.87,
            "equity": 4830376,
            "current_ratio": 134.53,
            "debt_ratio": 48.98,
            "inventory_turnover_ratio": 1.27,
            "account_receivable_turnover_ratio": 34.37,
            "reinvestment_rate": 56.2,
            "research_to_sale_ratio": 0.07,
            "price_fair": 208,
            "eps_avg_yearly": 13.8,
            "eps_latest_yearly": 9.08,
            "eps_growth_yearly": 5.08
        },
        "20144": {
            "year_quarter": 20144,
            "year": 2014,
            "quarter": 4,
            "eps": 0.16,
            "eps_growth_year": -91.66,
            "eps_4q": 9.14,
            "eps_4q_growth_year": -33.04,
            "roe": 1.49,
            "roe_4q": 18.01,
            "gross_profit": 1976198,
            "gross_margin": 49.82,
            "gross_margin_4q_avg": 51.07,
            "net_income": 72965,
            "revenue": 3967043,
            "common_shares": 769879,
            "book_valuer_per_share": 51.6,
            "book_valuer_per_share_4q_avg": 52.83,
            "equity": 4955892,
            "current_ratio": 133.22,
            "debt_ratio": 48.35,
            "inventory_turnover_ratio": 0.93,
            "account_receivable_turnover_ratio": 28.4,
            "reinvestment_rate": 62.7,
            "research_to_sale_ratio": 0.08,
            "price_fair": 37.8,
            "eps_avg_yearly": 12.6,
            "eps_latest_yearly": 0.64,
            "eps_growth_yearly": -29.19
        },
        "20151": {
            "year_quarter": 20151,
            "year": 2015,
            "quarter": 1,
            "eps": 2.07,
            "eps_growth_year": -48.25,
            "eps_4q": 7.33,
            "eps_4q_growth_year": -45.21,
            "roe": 4.59,
            "roe_4q": 15.94,
            "gross_profit": 2283665,
            "gross_margin": 52.15,
            "gross_margin_4q_avg": 50.99,
            "net_income": 232293,
            "revenue": 4379394,
            "common_shares": 769879,
            "book_valuer_per_share": 53.41,
            "book_valuer_per_share_4q_avg": 51.25,
            "equity": 5168872,
            "current_ratio": 138.88,
            "debt_ratio": 47.08,
            "inventory_turnover_ratio": 0.9,
            "account_receivable_turnover_ratio": 33.37,
            "reinvestment_rate": 60.32,
            "research_to_sale_ratio": 0.04,
            "price_fair": 428.4,
            "eps_avg_yearly": 12.24,
            "eps_latest_yearly": 8.28,
            "eps_growth_yearly": 371.16
        },
        "20152": {
            "year_quarter": 20152,
            "year": 2015,
            "quarter": 2,
            "eps": 1.08,
            "eps_growth_year": -61.84,
            "eps_4q": 5.58,
            "eps_4q_growth_year": -53.98,
            "roe": 2.93,
            "roe_4q": 13.95,
            "gross_profit": 2130056,
            "gross_margin": 50.46,
            "gross_margin_4q_avg": 50.77,
            "net_income": 143689,
            "revenue": 4221659,
            "common_shares": 769879,
            "book_valuer_per_share": 46.21,
            "book_valuer_per_share_4q_avg": 50.62,
            "equity": 4634194,
            "current_ratio": 126.57,
            "debt_ratio": 50.8,
            "inventory_turnover_ratio": 0.95,
            "account_receivable_turnover_ratio": 34.12,
            "reinvestment_rate": 58.77,
            "research_to_sale_ratio": 0.06,
            "price_fair": 407.08,
            "eps_avg_yearly": 11.63,
            "eps_latest_yearly": 4.32,
            "eps_growth_yearly": 327.9
        },
        "20153": {
            "year_quarter": 20153,
            "year": 2015,
            "quarter": 3,
            "eps": -0.04,
            "eps_growth_year": -101.76,
            "eps_4q": 3.27,
            "eps_4q_growth_year": -69.93,
            "roe": 0.8,
            "roe_4q": 9.81,
            "gross_profit": 2052110,
            "gross_margin": 47.39,
            "gross_margin_4q_avg": 49.96,
            "net_income": 37737,
            "revenue": 4330084,
            "common_shares": 769879,
            "book_valuer_per_share": 46.72,
            "book_valuer_per_share_4q_avg": 49.49,
            "equity": 4755117,
            "current_ratio": 128.67,
            "debt_ratio": 49.74,
            "inventory_turnover_ratio": 1.05,
            "account_receivable_turnover_ratio": 31.78,
            "reinvestment_rate": 61.57,
            "research_to_sale_ratio": 0.1,
            "price_fair": 407.08,
            "eps_avg_yearly": 11.63,
            "eps_latest_yearly": 4.32,
            "eps_growth_yearly": 327.9
        },
        "20154": {
            "year_quarter": 20154,
            "year": 2015,
            "quarter": 4,
            "eps": -2.66,
            "eps_growth_year": -1714.22,
            "eps_4q": 0.45,
            "eps_4q_growth_year": -95.05,
            "roe": -4.04,
            "roe_4q": 4.279999999999999,
            "gross_profit": 1792641,
            "gross_margin": 45.92,
            "gross_margin_4q_avg": 48.98,
            "net_income": -186755,
            "revenue": 3903833,
            "common_shares": 769879,
            "book_valuer_per_share": 43.49,
            "book_valuer_per_share_4q_avg": 47.46,
            "equity": 4498924,
            "current_ratio": 125.12,
            "debt_ratio": 51.3,
            "inventory_turnover_ratio": 1.03,
            "account_receivable_turnover_ratio": 26.88,
            "reinvestment_rate": 62.33,
            "research_to_sale_ratio": 0.11,
            "price_fair": 407.08,
            "eps_avg_yearly": 11.63,
            "eps_latest_yearly": 4.32,
            "eps_growth_yearly": 327.9
        },
        "20161": {
            "year_quarter": 20161,
            "year": 2016,
            "quarter": 1,
            "eps": 1.07,
            "eps_growth_year": -48.31,
            "eps_4q": -0.55,
            "eps_4q_growth_year": -107.55,
            "roe": 2.7,
            "roe_4q": 2.3900000000000006,
            "gross_profit": 2053448,
            "gross_margin": 48.9,
            "gross_margin_4q_avg": 48.17,
            "net_income": 122783,
            "revenue": 4199405,
            "common_shares": 769879,
            "book_valuer_per_share": 44.49,
            "book_valuer_per_share_4q_avg": 45.23,
            "equity": 4610431,
            "current_ratio": 135.33,
            "debt_ratio": 47.47,
            "inventory_turnover_ratio": 1.13,
            "account_receivable_turnover_ratio": 30.95,
            "reinvestment_rate": 34.64,
            "research_to_sale_ratio": 0.06,
            "price_fair": 407.08,
            "eps_avg_yearly": 11.63,
            "eps_latest_yearly": 4.32,
            "eps_growth_yearly": 327.9
        },
        "20162": {
            "year_quarter": 20162,
            "year": 2016,
            "quarter": 2,
            "eps": 1.08,
            "eps_growth_year": 0,
            "eps_4q": -0.54,
            "eps_4q_growth_year": -109.75,
            "roe": 2.7,
            "roe_4q": 2.16,
            "gross_profit": 1943644,
            "gross_margin": 49.24,
            "gross_margin_4q_avg": 47.86,
            "net_income": 123872,
            "revenue": 3947168,
            "common_shares": 769879,
            "book_valuer_per_share": 44.21,
            "book_valuer_per_share_4q_avg": 44.73,
            "equity": 4581853,
            "current_ratio": 140.01,
            "debt_ratio": 48.18,
            "inventory_turnover_ratio": 1.17,
            "account_receivable_turnover_ratio": 29.7,
            "reinvestment_rate": 20.7,
            "research_to_sale_ratio": 0.07,
            "price_fair": 382.31,
            "eps_avg_yearly": 10.92,
            "eps_latest_yearly": 4.32,
            "eps_growth_yearly": 335.26
        },
        "20163": {
            "year_quarter": 20163,
            "year": 2016,
            "quarter": 3,
            "eps": 1.54,
            "eps_growth_year": null,
            "eps_4q": 1.03,
            "eps_4q_growth_year": -68.42,
            "roe": 4.2,
            "roe_4q": 5.560000000000001,
            "gross_profit": 2100277,
            "gross_margin": 50.4,
            "gross_margin_4q_avg": 48.62,
            "net_income": 194980,
            "revenue": 4167204,
            "common_shares": 769879,
            "book_valuer_per_share": 45.3,
            "book_valuer_per_share_4q_avg": 44.37,
            "equity": 4703055,
            "current_ratio": 150.02,
            "debt_ratio": 46.77,
            "inventory_turnover_ratio": 1.38,
            "account_receivable_turnover_ratio": 29.3,
            "reinvestment_rate": 8.2,
            "research_to_sale_ratio": 0.08,
            "price_fair": 348.71,
            "eps_avg_yearly": 9.96,
            "eps_latest_yearly": 6.16,
            "eps_growth_yearly": 336.72
        },
        "20164": {
            "year_quarter": 20164,
            "year": 2016,
            "quarter": 4,
            "eps": 0.51,
            "eps_growth_year": null,
            "eps_4q": 4.2,
            "eps_4q_growth_year": 829.87,
            "roe": 2.09,
            "roe_4q": 11.690000000000001,
            "gross_profit": 1797601,
            "gross_margin": 47.49,
            "gross_margin_4q_avg": 49.01,
            "net_income": 99050,
            "revenue": 3785090,
            "common_shares": 769879,
            "book_valuer_per_share": 45.47,
            "book_valuer_per_share_4q_avg": 44.87,
            "equity": 4764634,
            "current_ratio": 147.06,
            "debt_ratio": 48.76,
            "inventory_turnover_ratio": 1.61,
            "account_receivable_turnover_ratio": 22.38,
            "reinvestment_rate": 17.84,
            "research_to_sale_ratio": 0.14,
            "price_fair": 318.88,
            "eps_avg_yearly": 9.11,
            "eps_latest_yearly": 2.04,
            "eps_growth_yearly": 325.25
        },
        "20171": {
            "year_quarter": 20171,
            "year": 2017,
            "quarter": 1,
            "eps": 1.7,
            "eps_growth_year": 58.88,
            "eps_4q": 4.83,
            "eps_4q_growth_year": null,
            "roe": 4.29,
            "roe_4q": 13.280000000000001,
            "gross_profit": 2073551,
            "gross_margin": 50.63,
            "gross_margin_4q_avg": 49.44,
            "net_income": 205159,
            "revenue": 4095353,
            "common_shares": 769879,
            "book_valuer_per_share": 46.54,
            "book_valuer_per_share_4q_avg": 45.38,
            "equity": 4800450,
            "current_ratio": 156.41,
            "debt_ratio": 46.43,
            "inventory_turnover_ratio": 1.93,
            "account_receivable_turnover_ratio": 26.43,
            "reinvestment_rate": 18.03,
            "research_to_sale_ratio": 0.11,
            "price_fair": 286.68,
            "eps_avg_yearly": 8.19,
            "eps_latest_yearly": 6.8,
            "eps_growth_yearly": 383.82
        },
        "20172": {
            "year_quarter": 20172,
            "year": 2017,
            "quarter": 2,
            "eps": 1.78,
            "eps_growth_year": 64.81,
            "eps_4q": 5.52,
            "eps_4q_growth_year": null,
            "roe": 4.06,
            "roe_4q": 14.64,
            "gross_profit": 1900129,
            "gross_margin": 50.16,
            "gross_margin_4q_avg": 49.67,
            "net_income": 192809,
            "revenue": 3788020,
            "common_shares": 769879,
            "book_valuer_per_share": 45.1,
            "book_valuer_per_share_4q_avg": 45.6,
            "equity": 4708903,
            "current_ratio": 149.04,
            "debt_ratio": 49.93,
            "inventory_turnover_ratio": 1.97,
            "account_receivable_turnover_ratio": 31.7,
            "reinvestment_rate": 1.06,
            "research_to_sale_ratio": 0.14,
            "price_fair": 264.82,
            "eps_avg_yearly": 7.57,
            "eps_latest_yearly": 7.12,
            "eps_growth_yearly": 391.04
        },
        "20173": {
            "year_quarter": 20173,
            "year": 2017,
            "quarter": 3,
            "eps": 1.74,
            "eps_growth_year": 12.99,
            "eps_4q": 5.72,
            "eps_4q_growth_year": 453.36,
            "roe": 3.87,
            "roe_4q": 14.309999999999999,
            "gross_profit": 2012351,
            "gross_margin": 49.32,
            "gross_margin_4q_avg": 49.4,
            "net_income": 186180,
            "revenue": 4080311,
            "common_shares": 769879,
            "book_valuer_per_share": 46.94,
            "book_valuer_per_share_4q_avg": 46.01,
            "equity": 4906356,
            "current_ratio": 156.51,
            "debt_ratio": 47.86,
            "inventory_turnover_ratio": 2.24,
            "account_receivable_turnover_ratio": 30.41,
            "reinvestment_rate": -10.47,
            "research_to_sale_ratio": 0.15,
            "price_fair": 244.78,
            "eps_avg_yearly": 6.99,
            "eps_latest_yearly": 6.96,
            "eps_growth_yearly": 392.04
        },
        "20174": {
            "year_quarter": 20174,
            "year": 2017,
            "quarter": 4,
            "eps": 0.8,
            "eps_growth_year": 57.1,
            "eps_4q": 6.01,
            "eps_4q_growth_year": 43.1,
            "roe": 1.59,
            "roe_4q": 13.809999999999999,
            "gross_profit": 1853399,
            "gross_margin": 48.22,
            "gross_margin_4q_avg": 49.58,
            "net_income": 78804,
            "revenue": 3843453,
            "common_shares": 769879,
            "book_valuer_per_share": 47.68,
            "book_valuer_per_share_4q_avg": 46.57,
            "equity": 4984658,
            "current_ratio": 156.51,
            "debt_ratio": 48.79,
            "inventory_turnover_ratio": 2.1,
            "account_receivable_turnover_ratio": 19.76,
            "reinvestment_rate": -42.94,
            "research_to_sale_ratio": 0.14,
            "price_fair": 232.18,
            "eps_avg_yearly": 6.63,
            "eps_latest_yearly": 3.2,
            "eps_growth_yearly": 389.35
        },
        "20181": {
            "year_quarter": 20181,
            "year": 2018,
            "quarter": 1,
            "eps": 1,
            "eps_growth_year": -41.18,
            "eps_4q": 5.32,
            "eps_4q_growth_year": 10.2,
            "roe": 2.36,
            "roe_4q": 11.879999999999999,
            "gross_profit": 1912871,
            "gross_margin": 46.88,
            "gross_margin_4q_avg": 48.65,
            "net_income": 119432,
            "revenue": 4080174,
            "common_shares": 769879,
            "book_valuer_per_share": 49.03,
            "book_valuer_per_share_4q_avg": 47.19,
            "equity": 5153971,
            "current_ratio": 145.63,
            "debt_ratio": 46.3,
            "inventory_turnover_ratio": 2.24,
            "account_receivable_turnover_ratio": 20.3,
            "reinvestment_rate": -49.65,
            "research_to_sale_ratio": 0.1,
            "price_fair": 199.88,
            "eps_avg_yearly": 5.71,
            "eps_latest_yearly": 4,
            "eps_growth_yearly": 365.34
        },
        "20182": {
            "year_quarter": 20182,
            "year": 2018,
            "quarter": 2,
            "eps": 1.56,
            "eps_growth_year": -12.36,
            "eps_4q": 5.1,
            "eps_4q_growth_year": -7.69,
            "roe": 2.44,
            "roe_4q": 10.26,
            "gross_profit": 1861679,
            "gross_margin": 46.07,
            "gross_margin_4q_avg": 47.62,
            "net_income": 120721,
            "revenue": 4040738,
            "common_shares": 769879,
            "book_valuer_per_share": 44.9,
            "book_valuer_per_share_4q_avg": 47.14,
            "equity": 4726691,
            "current_ratio": 133.49,
            "debt_ratio": 51.41,
            "inventory_turnover_ratio": 2.19,
            "account_receivable_turnover_ratio": 22.81,
            "reinvestment_rate": 4.08,
            "research_to_sale_ratio": 0.07,
            "price_fair": 186.2,
            "eps_avg_yearly": 5.32,
            "eps_latest_yearly": 6.24,
            "eps_growth_yearly": 391.57
        },
        "20183": {
            "year_quarter": 20183,
            "year": 2018,
            "quarter": 3,
            "eps": 1.37,
            "eps_growth_year": -21.26,
            "eps_4q": 4.74,
            "eps_4q_growth_year": -17.19,
            "roe": 2.48,
            "roe_4q": 8.87,
            "gross_profit": 1941351,
            "gross_margin": 46.33,
            "gross_margin_4q_avg": 46.88,
            "net_income": 117423,
            "revenue": 4190227,
            "common_shares": 769879,
            "book_valuer_per_share": 45.65,
            "book_valuer_per_share_4q_avg": 46.82,
            "equity": 4748332,
            "current_ratio": 137.15,
            "debt_ratio": 50.41,
            "inventory_turnover_ratio": 2.08,
            "account_receivable_turnover_ratio": 19.15,
            "reinvestment_rate": -15.21,
            "research_to_sale_ratio": 0.09,
            "price_fair": 176.51,
            "eps_avg_yearly": 5.04,
            "eps_latest_yearly": 5.48,
            "eps_growth_yearly": 393.91
        },
        "20184": {
            "year_quarter": 20184,
            "year": 2018,
            "quarter": 4,
            "eps": 0.58,
            "eps_growth_year": -27.54,
            "eps_4q": 4.71,
            "eps_4q_growth_year": -21.64,
            "roe": 0.97,
            "roe_4q": 8.25,
            "gross_profit": 1781021,
            "gross_margin": 44.8,
            "gross_margin_4q_avg": 46.02,
            "net_income": 44734,
            "revenue": 3975256,
            "common_shares": 769879,
            "book_valuer_per_share": 44.56,
            "book_valuer_per_share_4q_avg": 46.04,
            "equity": 4465319,
            "current_ratio": 128.84,
            "debt_ratio": 52.79,
            "inventory_turnover_ratio": 1.82,
            "account_receivable_turnover_ratio": 14.45,
            "reinvestment_rate": -29.99,
            "research_to_sale_ratio": 0.1,
            "price_fair": 181.03,
            "eps_avg_yearly": 5.17,
            "eps_latest_yearly": 2.32,
            "eps_growth_yearly": 404.77
        },
        "20191": {
            "year_quarter": 20191,
            "year": 2019,
            "quarter": 1,
            "eps": 1.36,
            "eps_growth_year": 36,
            "eps_4q": 5.01,
            "eps_4q_growth_year": -5.76,
            "roe": 2.6,
            "roe_4q": 8.49,
            "gross_profit": 1934097,
            "gross_margin": 45.83,
            "gross_margin_4q_avg": 45.76,
            "net_income": 118718,
            "revenue": 4220067,
            "common_shares": 769879,
            "book_valuer_per_share": 46.41,
            "book_valuer_per_share_4q_avg": 45.38,
            "equity": 4649462,
            "current_ratio": 108.35,
            "debt_ratio": 65.03,
            "inventory_turnover_ratio": 1.7,
            "account_receivable_turnover_ratio": 14.02,
            "reinvestment_rate": -32.68,
            "research_to_sale_ratio": 0.07,
            "price_fair": 173.38,
            "eps_avg_yearly": 4.95,
            "eps_latest_yearly": 5.44,
            "eps_growth_yearly": 78.84
        },
        "20192": {
            "year_quarter": 20192,
            "year": 2019,
            "quarter": 2,
            "eps": 0.95,
            "eps_growth_year": -39.1,
            "eps_4q": 4.24,
            "eps_4q_growth_year": -16.79,
            "roe": 1.11,
            "roe_4q": 7.16,
            "gross_profit": 1832320,
            "gross_margin": 45.59,
            "gross_margin_4q_avg": 45.64,
            "net_income": 50080,
            "revenue": 4018848,
            "common_shares": 769879,
            "book_valuer_per_share": 43.53,
            "book_valuer_per_share_4q_avg": 45.04,
            "equity": 4388058,
            "current_ratio": 111.06,
            "debt_ratio": 66.56,
            "inventory_turnover_ratio": 1.55,
            "account_receivable_turnover_ratio": 13.61,
            "reinvestment_rate": -30.44,
            "research_to_sale_ratio": 0.11,
            "price_fair": 171.98,
            "eps_avg_yearly": 4.91,
            "eps_latest_yearly": 3.8,
            "eps_growth_yearly": 84.28
        },
        "20193": {
            "year_quarter": 20193,
            "year": 2019,
            "quarter": 3,
            "eps": 1.72,
            "eps_growth_year": 25.55,
            "eps_4q": 4.56,
            "eps_4q_growth_year": -3.79,
            "roe": 3.03,
            "roe_4q": 7.71,
            "gross_profit": 1825454,
            "gross_margin": 43.41,
            "gross_margin_4q_avg": 44.91,
            "net_income": 131823,
            "revenue": 4205621,
            "common_shares": 769879,
            "book_valuer_per_share": 44.5,
            "book_valuer_per_share_4q_avg": 44.75,
            "equity": 4321821,
            "current_ratio": 116.72,
            "debt_ratio": 65.88,
            "inventory_turnover_ratio": 1.76,
            "account_receivable_turnover_ratio": 14.64,
            "reinvestment_rate": -39.73,
            "research_to_sale_ratio": 0.07,
            "price_fair": 176.9,
            "eps_avg_yearly": 5.05,
            "eps_latest_yearly": 6.88,
            "eps_growth_yearly": 101.42
        },
        "20194": {
            "year_quarter": 20194,
            "year": 2019,
            "quarter": 4,
            "eps": 0.74,
            "eps_growth_year": 27.44,
            "eps_4q": 4.73,
            "eps_4q_growth_year": 0.42,
            "roe": 1.12,
            "roe_4q": 7.860000000000001,
            "gross_profit": 1636898,
            "gross_margin": 43.07,
            "gross_margin_4q_avg": 44.48,
            "net_income": 48364,
            "revenue": 3800672,
            "common_shares": 769879,
            "book_valuer_per_share": 45.08,
            "book_valuer_per_share_4q_avg": 44.88,
            "equity": 4348272,
            "current_ratio": 85.55,
            "debt_ratio": 65.99,
            "inventory_turnover_ratio": 1.62,
            "account_receivable_turnover_ratio": 16.04,
            "reinvestment_rate": -22.38,
            "research_to_sale_ratio": 0.09,
            "price_fair": 172.01,
            "eps_avg_yearly": 4.91,
            "eps_latest_yearly": 2.96,
            "eps_growth_yearly": 79.46
        },
        "20201": {
            "year_quarter": 20201,
            "year": 2020,
            "quarter": 1,
            "eps": -1.98,
            "eps_growth_year": -245.59,
            "eps_4q": 1.42,
            "eps_4q_growth_year": -71.6,
            "roe": -7.06,
            "roe_4q": -1.7999999999999996,
            "gross_profit": 1203203,
            "gross_margin": 40.61,
            "gross_margin_4q_avg": 43.17,
            "net_income": -290518,
            "revenue": 2963155,
            "common_shares": 769879,
            "book_valuer_per_share": 42.6,
            "book_valuer_per_share_4q_avg": 43.93,
            "equity": 3884102,
            "current_ratio": 84.9,
            "debt_ratio": 67,
            "inventory_turnover_ratio": 1.34,
            "account_receivable_turnover_ratio": 18.13,
            "reinvestment_rate": -24.69,
            "research_to_sale_ratio": 0.28,
            "price_fair": 172.01,
            "eps_avg_yearly": 4.91,
            "eps_latest_yearly": 2.96,
            "eps_growth_yearly": 79.46
        },
        "20202": {
            "year_quarter": 20202,
            "year": 2020,
            "quarter": 2,
            "eps": 0.86,
            "eps_growth_year": -9.47,
            "eps_4q": 1.34,
            "eps_4q_growth_year": -68.35,
            "roe": 1.88,
            "roe_4q": -1.0299999999999998,
            "gross_profit": 1576819,
            "gross_margin": 45.26,
            "gross_margin_4q_avg": 43.09,
            "net_income": 70301,
            "revenue": 3484064,
            "common_shares": 769879,
            "book_valuer_per_share": 38.74,
            "book_valuer_per_share_4q_avg": 42.73,
            "equity": 3589277,
            "current_ratio": 94.01,
            "debt_ratio": 70.15,
            "inventory_turnover_ratio": 1.57,
            "account_receivable_turnover_ratio": 22.69,
            "reinvestment_rate": -17.18,
            "research_to_sale_ratio": 0.11,
            "price_fair": 173.5,
            "eps_avg_yearly": 4.96,
            "eps_latest_yearly": 2.96,
            "eps_growth_yearly": 84.87
        },
        "20203": {
            "year_quarter": 20203,
            "year": 2020,
            "quarter": 3,
            "eps": 3.6,
            "eps_growth_year": 109.3,
            "eps_4q": 3.23,
            "eps_4q_growth_year": -29.19,
            "roe": 8.14,
            "roe_4q": 4.08,
            "gross_profit": 2140679,
            "gross_margin": 48,
            "gross_margin_4q_avg": 44.24,
            "net_income": 309318,
            "revenue": 4459409,
            "common_shares": 769879,
            "book_valuer_per_share": 43.18,
            "book_valuer_per_share_4q_avg": 42.4,
            "equity": 4012163,
            "current_ratio": 103.51,
            "debt_ratio": 67.27,
            "inventory_turnover_ratio": 1.8,
            "account_receivable_turnover_ratio": 22.03,
            "reinvestment_rate": -46.55,
            "research_to_sale_ratio": 0.07,
            "price_fair": 194.1,
            "eps_avg_yearly": 5.55,
            "eps_latest_yearly": 14.4,
            "eps_growth_yearly": 163.73
        },
        "20204": {
            "year_quarter": 20204,
            "year": 2020,
            "quarter": 4,
            "eps": 2.09,
            "eps_growth_year": 181.89,
            "eps_4q": 4.58,
            "eps_4q_growth_year": -3.13,
            "roe": 4.11,
            "roe_4q": 7.069999999999999,
            "gross_profit": 2124992,
            "gross_margin": 49.11,
            "gross_margin_4q_avg": 45.75,
            "net_income": 166825,
            "revenue": 4327119,
            "common_shares": 769879,
            "book_valuer_per_share": 45.85,
            "book_valuer_per_share_4q_avg": 42.59,
            "equity": 4097512,
            "current_ratio": 96.16,
            "debt_ratio": 69.16,
            "inventory_turnover_ratio": 1.48,
            "account_receivable_turnover_ratio": 17.58,
            "reinvestment_rate": -29.63,
            "research_to_sale_ratio": 0.07,
            "price_fair": 209.9,
            "eps_avg_yearly": 6,
            "eps_latest_yearly": 8.36,
            "eps_growth_yearly": 170.86
        },
        "20211": {
            "year_quarter": 20211,
            "year": 2021,
            "quarter": 1,
            "eps": 1.8,
            "eps_growth_year": null,
            "eps_4q": 8.56,
            "eps_4q_growth_year": 501.06,
            "roe": 3.31,
            "roe_4q": 17.44,
            "gross_profit": 2174251,
            "gross_margin": 46.07,
            "gross_margin_4q_avg": 47.11,
            "net_income": 131831,
            "revenue": 4718982,
            "common_shares": 769879,
            "book_valuer_per_share": 44.22,
            "book_valuer_per_share_4q_avg": 43,
            "equity": 3874037,
            "current_ratio": 92.4,
            "debt_ratio": 70.56,
            "inventory_turnover_ratio": 1.63,
            "account_receivable_turnover_ratio": 19.34,
            "reinvestment_rate": -14.43,
            "research_to_sale_ratio": 0.08,
            "price_fair": 210.9,
            "eps_avg_yearly": 6.03,
            "eps_latest_yearly": 7.2,
            "eps_growth_yearly": 100.23
        },
        "20212": {
            "year_quarter": 20212,
            "year": 2021,
            "quarter": 2,
            "eps": -2.82,
            "eps_growth_year": -427.91,
            "eps_4q": 4.78,
            "eps_4q_growth_year": 256.39,
            "roe": -6.21,
            "roe_4q": 9.350000000000001,
            "gross_profit": 1468307,
            "gross_margin": 39.97,
            "gross_margin_4q_avg": 45.79,
            "net_income": -235206,
            "revenue": 3673251,
            "common_shares": 769879,
            "book_valuer_per_share": 41.75,
            "book_valuer_per_share_4q_avg": 43.75,
            "equity": 3702863,
            "current_ratio": 90.89,
            "debt_ratio": 70.33,
            "inventory_turnover_ratio": 1.41,
            "account_receivable_turnover_ratio": 21.12,
            "reinvestment_rate": -15.97,
            "research_to_sale_ratio": 0.1,
            "price_fair": 207.95,
            "eps_avg_yearly": 5.94,
            "eps_latest_yearly": 7.2,
            "eps_growth_yearly": 106.49
        },
        "20213": {
            "year_quarter": 20213,
            "year": 2021,
            "quarter": 3,
            "eps": -1.45,
            "eps_growth_year": -140.28,
            "eps_4q": -0.32,
            "eps_4q_growth_year": -109.78,
            "roe": -3.56,
            "roe_4q": -2.3499999999999988,
            "gross_profit": 1473578,
            "gross_margin": 39.14,
            "gross_margin_4q_avg": 43.57,
            "net_income": -123812,
            "revenue": 3764865,
            "common_shares": 769879,
            "book_valuer_per_share": 35.96,
            "book_valuer_per_share_4q_avg": 41.95,
            "equity": 3254476,
            "current_ratio": 82.69,
            "debt_ratio": 74.74,
            "inventory_turnover_ratio": 1.41,
            "account_receivable_turnover_ratio": 21.95,
            "reinvestment_rate": -10.46,
            "research_to_sale_ratio": 0.17,
            "price_fair": 204.98,
            "eps_avg_yearly": 5.86,
            "eps_latest_yearly": 7.2,
            "eps_growth_yearly": 116.11
        },
        "20214": {
            "year_quarter": 20214,
            "year": 2021,
            "quarter": 4,
            "eps": 1.03,
            "eps_growth_year": -50.64,
            "eps_4q": -1.39,
            "eps_4q_growth_year": -130.36,
            "roe": 1.67,
            "roe_4q": -4.789999999999999,
            "gross_profit": 2198063,
            "gross_margin": 43.61,
            "gross_margin_4q_avg": 42.2,
            "net_income": 55326,
            "revenue": 5039839,
            "common_shares": 769879,
            "book_valuer_per_share": 37.62,
            "book_valuer_per_share_4q_avg": 39.89,
            "equity": 3373924,
            "current_ratio": 87.74,
            "debt_ratio": 75.03,
            "inventory_turnover_ratio": 1.61,
            "account_receivable_turnover_ratio": 15.65,
            "reinvestment_rate": -0.34,
            "research_to_sale_ratio": 0.12,
            "price_fair": 213.44,
            "eps_avg_yearly": 6.1,
            "eps_latest_yearly": 7.2,
            "eps_growth_yearly": 146.31
        },
        "20221": {
            "year_quarter": 20221,
            "year": 2022,
            "quarter": 1,
            "eps": 1.62,
            "eps_growth_year": -10,
            "eps_4q": -1.58,
            "eps_4q_growth_year": -118.42,
            "roe": 2.43,
            "roe_4q": -5.67,
            "gross_profit": 2076551,
            "gross_margin": 44.36,
            "gross_margin_4q_avg": 41.77,
            "net_income": 84030,
            "revenue": 4681311,
            "common_shares": 769879,
            "book_valuer_per_share": 39.93,
            "book_valuer_per_share_4q_avg": 38.82,
            "equity": 3528650,
            "current_ratio": 89.58,
            "debt_ratio": 73.87,
            "inventory_turnover_ratio": 1.29,
            "account_receivable_turnover_ratio": 13.73,
            "reinvestment_rate": 1.88,
            "research_to_sale_ratio": 0.1,
            "price_fair": 221.33,
            "eps_avg_yearly": 6.32,
            "eps_latest_yearly": 6.48,
            "eps_growth_yearly": 158.05
        },
        "20222": {
            "year_quarter": 20222,
            "year": 2022,
            "quarter": 2,
            "eps": -2.98,
            "eps_growth_year": null,
            "eps_4q": -1.77,
            "eps_4q_growth_year": -136.92,
            "roe": -8.02,
            "roe_4q": -7.48,
            "gross_profit": 1383149,
            "gross_margin": 39.26,
            "gross_margin_4q_avg": 41.59,
            "net_income": -271145,
            "revenue": 3523380,
            "common_shares": 769879,
            "book_valuer_per_share": 36.79,
            "book_valuer_per_share_4q_avg": 37.58,
            "equity": 3234711,
            "current_ratio": 90.41,
            "debt_ratio": 74.96,
            "inventory_turnover_ratio": 0.89,
            "account_receivable_turnover_ratio": 14.33,
            "reinvestment_rate": -111.08,
            "research_to_sale_ratio": 0.15,
            "price_fair": 221.62,
            "eps_avg_yearly": 6.33,
            "eps_latest_yearly": 6.48,
            "eps_growth_yearly": 151.45
        },
        "20223": {
            "year_quarter": 20223,
            "year": 2022,
            "quarter": 3,
            "eps": 3.77,
            "eps_growth_year": null,
            "eps_4q": 3.47,
            "eps_4q_growth_year": null,
            "roe": 8.48,
            "roe_4q": 4.5600000000000005,
            "gross_profit": 2296905,
            "gross_margin": 44.99,
            "gross_margin_4q_avg": 43.06,
            "net_income": 282782,
            "revenue": 5105589,
            "common_shares": 769879,
            "book_valuer_per_share": 39.86,
            "book_valuer_per_share_4q_avg": 38.55,
            "equity": 3438407,
            "current_ratio": 92.7,
            "debt_ratio": 75.32,
            "inventory_turnover_ratio": 1.08,
            "account_receivable_turnover_ratio": 18.32,
            "reinvestment_rate": -76.58,
            "research_to_sale_ratio": 0.1,
            "price_fair": 224.93,
            "eps_avg_yearly": 6.43,
            "eps_latest_yearly": 6.48,
            "eps_growth_yearly": 173.69
        },
        "20224": {
            "year_quarter": 20224,
            "year": 2022,
            "quarter": 4,
            "eps": 2.75,
            "eps_growth_year": 167.23,
            "eps_4q": 5.18,
            "eps_4q_growth_year": null,
            "roe": 4.63,
            "roe_4q": 7.52,
            "gross_profit": 2181323,
            "gross_margin": 43.53,
            "gross_margin_4q_avg": 43.04,
            "net_income": 162635,
            "revenue": 5010761,
            "common_shares": 769879,
            "book_valuer_per_share": 42.58,
            "book_valuer_per_share_4q_avg": 39.79,
            "equity": 3592225,
            "current_ratio": 94.19,
            "debt_ratio": 74.58,
            "inventory_turnover_ratio": 1.13,
            "account_receivable_turnover_ratio": 12.99,
            "reinvestment_rate": -71.64,
            "research_to_sale_ratio": 0.13,
            "price_fair": 258.69,
            "eps_avg_yearly": 7.39,
            "eps_latest_yearly": 11,
            "eps_growth_yearly": 187.3
        },
        "20231": {
            "year_quarter": 20231,
            "year": 2023,
            "quarter": 1,
            "eps": 5.01,
            "eps_growth_year": 209.26,
            "eps_4q": 8.55,
            "eps_4q_growth_year": null,
            "roe": 10.59,
            "roe_4q": 15.68,
            "gross_profit": 2631278,
            "gross_margin": 46.9,
            "gross_margin_4q_avg": 43.67,
            "net_income": 390447,
            "revenue": 5610022,
            "common_shares": 769879,
            "book_valuer_per_share": 44.89,
            "book_valuer_per_share_4q_avg": 41.03,
            "equity": 3784265,
            "current_ratio": 105.45,
            "debt_ratio": 75.11,
            "inventory_turnover_ratio": 1.36,
            "account_receivable_turnover_ratio": 14.66,
            "reinvestment_rate": -53.66,
            "research_to_sale_ratio": 0.12,
            "price_fair": 315.47,
            "eps_avg_yearly": 9.01,
            "eps_latest_yearly": 20.04,
            "eps_growth_yearly": 164.05
        }
    },
    "months": {
        "2011-04": {
            "month": "2011-04",
            "price": "457.53",
            "revenue": 572456
        },
        "2011-05": {
            "month": "2011-05",
            "price": "388.74",
            "revenue": 629953
        },
        "2011-06": {
            "month": "2011-06",
            "price": "372.39",
            "revenue": 622869
        },
        "2011-07": {
            "month": "2011-07",
            "price": "368.72",
            "revenue": 711393
        },
        "2011-08": {
            "month": "2011-08",
            "price": "388.82",
            "revenue": 743144
        },
        "2011-09": {
            "month": "2011-09",
            "price": "390.60",
            "revenue": 636348
        },
        "2011-10": {
            "month": "2011-10",
            "price": "383.23",
            "revenue": 674796
        },
        "2011-11": {
            "month": "2011-11",
            "price": "388.33",
            "revenue": 624193
        },
        "2011-12": {
            "month": "2011-12",
            "price": "376.47",
            "revenue": 717068
        },
        "2012-01": {
            "month": "2012-01",
            "price": "369.17",
            "revenue": 1067321
        },
        "2012-02": {
            "month": "2012-02",
            "price": "448.00",
            "revenue": 987949
        },
        "2012-03": {
            "month": "2012-03",
            "price": "485.34",
            "revenue": 881122
        },
        "2012-04": {
            "month": "2012-04",
            "price": "451.65",
            "revenue": 896658
        },
        "2012-05": {
            "month": "2012-05",
            "price": "438.32",
            "revenue": 1008278
        },
        "2012-06": {
            "month": "2012-06",
            "price": "436.88",
            "revenue": 999694
        },
        "2012-07": {
            "month": "2012-07",
            "price": "447.34",
            "revenue": 1109853
        },
        "2012-08": {
            "month": "2012-08",
            "price": "452.32",
            "revenue": 1223853
        },
        "2012-09": {
            "month": "2012-09",
            "price": "438.60",
            "revenue": 1018802
        },
        "2012-10": {
            "month": "2012-10",
            "price": "415.75",
            "revenue": 978701
        },
        "2012-11": {
            "month": "2012-11",
            "price": "414.48",
            "revenue": 946832
        },
        "2012-12": {
            "month": "2012-12",
            "price": "415.64",
            "revenue": 1191023
        },
        "2013-01": {
            "month": "2013-01",
            "price": "417.11",
            "revenue": 1125558
        },
        "2013-02": {
            "month": "2013-02",
            "price": "425.15",
            "revenue": 1215412
        },
        "2013-03": {
            "month": "2013-03",
            "price": "428.43",
            "revenue": 1114607
        },
        "2013-04": {
            "month": "2013-04",
            "price": "422.48",
            "revenue": 1079042
        },
        "2013-05": {
            "month": "2013-05",
            "price": "424.00",
            "revenue": 1236110
        },
        "2013-06": {
            "month": "2013-06",
            "price": "409.03",
            "revenue": 1268740
        },
        "2013-07": {
            "month": "2013-07",
            "price": "408.72",
            "revenue": 1302996
        },
        "2013-08": {
            "month": "2013-08",
            "price": "420.90",
            "revenue": 1505757
        },
        "2013-09": {
            "month": "2013-09",
            "price": "442.42",
            "revenue": 1198078
        },
        "2013-10": {
            "month": "2013-10",
            "price": "484.02",
            "revenue": 1217873
        },
        "2013-11": {
            "month": "2013-11",
            "price": "459.83",
            "revenue": 1207687
        },
        "2013-12": {
            "month": "2013-12",
            "price": "481.73",
            "revenue": 1418640
        },
        "2014-01": {
            "month": "2014-01",
            "price": "491.31",
            "revenue": 1476266
        },
        "2014-02": {
            "month": "2014-02",
            "price": "477.91",
            "revenue": 1505423
        },
        "2014-03": {
            "month": "2014-03",
            "price": "440.21",
            "revenue": 1323933
        },
        "2014-04": {
            "month": "2014-04",
            "price": "444.88",
            "revenue": 1218666
        },
        "2014-05": {
            "month": "2014-05",
            "price": "436.83",
            "revenue": 1482771
        },
        "2014-06": {
            "month": "2014-06",
            "price": "444.55",
            "revenue": 1408225
        },
        "2014-07": {
            "month": "2014-07",
            "price": "423.73",
            "revenue": 1503002
        },
        "2014-08": {
            "month": "2014-08",
            "price": "385.05",
            "revenue": 1782177
        },
        "2014-09": {
            "month": "2014-09",
            "price": "361.55",
            "revenue": 1348105
        },
        "2014-10": {
            "month": "2014-10",
            "price": "311.18",
            "revenue": 1308910
        },
        "2014-11": {
            "month": "2014-11",
            "price": "295.85",
            "revenue": 1160953
        },
        "2014-12": {
            "month": "2014-12",
            "price": "288.21",
            "revenue": 1397471
        },
        "2015-01": {
            "month": "2015-01",
            "price": "290.30",
            "revenue": 1384963
        },
        "2015-02": {
            "month": "2015-02",
            "price": "283.08",
            "revenue": 1600953
        },
        "2015-03": {
            "month": "2015-03",
            "price": "256.18",
            "revenue": 1353381
        },
        "2015-04": {
            "month": "2015-04",
            "price": "266.35",
            "revenue": 1297360
        },
        "2015-05": {
            "month": "2015-05",
            "price": "269.90",
            "revenue": 1561949
        },
        "2015-06": {
            "month": "2015-06",
            "price": "273.52",
            "revenue": 1361864
        },
        "2015-07": {
            "month": "2015-07",
            "price": "255.25",
            "revenue": 1434534
        },
        "2015-08": {
            "month": "2015-08",
            "price": "200.62",
            "revenue": 1644770
        },
        "2015-09": {
            "month": "2015-09",
            "price": "179.45",
            "revenue": 1250168
        },
        "2015-10": {
            "month": "2015-10",
            "price": "191.48",
            "revenue": 1284171
        },
        "2015-11": {
            "month": "2015-11",
            "price": "160.74",
            "revenue": 1208340
        },
        "2015-12": {
            "month": "2015-12",
            "price": "156.13",
            "revenue": 1401366
        },
        "2016-01": {
            "month": "2016-01",
            "price": "139.33",
            "revenue": 1420246
        },
        "2016-02": {
            "month": "2016-02",
            "price": "139.62",
            "revenue": 1564613
        },
        "2016-03": {
            "month": "2016-03",
            "price": "145.04",
            "revenue": 1212836
        },
        "2016-04": {
            "month": "2016-04",
            "price": "134.47",
            "revenue": 1223999
        },
        "2016-05": {
            "month": "2016-05",
            "price": "114.07",
            "revenue": 1411119
        },
        "2016-06": {
            "month": "2016-06",
            "price": "117.95",
            "revenue": 1313619
        },
        "2016-07": {
            "month": "2016-07",
            "price": "127.42",
            "revenue": 1459953
        },
        "2016-08": {
            "month": "2016-08",
            "price": "138.65",
            "revenue": 1529745
        },
        "2016-09": {
            "month": "2016-09",
            "price": "127.76",
            "revenue": 1180755
        },
        "2016-10": {
            "month": "2016-10",
            "price": "117.62",
            "revenue": 1259233
        },
        "2016-11": {
            "month": "2016-11",
            "price": "125.00",
            "revenue": 1106349
        },
        "2016-12": {
            "month": "2016-12",
            "price": "134.82",
            "revenue": 1423923
        },
        "2017-01": {
            "month": "2017-01",
            "price": "138.94",
            "revenue": 1528665
        },
        "2017-02": {
            "month": "2017-02",
            "price": "143.97",
            "revenue": 1399807
        },
        "2017-03": {
            "month": "2017-03",
            "price": "141.43",
            "revenue": 1172797
        },
        "2017-04": {
            "month": "2017-04",
            "price": "143.56",
            "revenue": 1202102
        },
        "2017-05": {
            "month": "2017-05",
            "price": "178.05",
            "revenue": 1389430
        },
        "2017-06": {
            "month": "2017-06",
            "price": "197.72",
            "revenue": 1201048
        },
        "2017-07": {
            "month": "2017-07",
            "price": "178.48",
            "revenue": 1350897
        },
        "2017-08": {
            "month": "2017-08",
            "price": "180.72",
            "revenue": 1539715
        },
        "2017-09": {
            "month": "2017-09",
            "price": "167.66",
            "revenue": 1187908
        },
        "2017-10": {
            "month": "2017-10",
            "price": "162.32",
            "revenue": 1289938
        },
        "2017-11": {
            "month": "2017-11",
            "price": "142.34",
            "revenue": 1115486
        },
        "2017-12": {
            "month": "2017-12",
            "price": "132.45",
            "revenue": 1439956
        },
        "2018-01": {
            "month": "2018-01",
            "price": "137.95",
            "revenue": 1256520
        },
        "2018-02": {
            "month": "2018-02",
            "price": "128.92",
            "revenue": 1522733
        },
        "2018-03": {
            "month": "2018-03",
            "price": "129.52",
            "revenue": 1299578
        },
        "2018-04": {
            "month": "2018-04",
            "price": "126.03",
            "revenue": 1295927
        },
        "2018-05": {
            "month": "2018-05",
            "price": "109.84",
            "revenue": 1430978
        },
        "2018-06": {
            "month": "2018-06",
            "price": "99.34",
            "revenue": 1315313
        },
        "2018-07": {
            "month": "2018-07",
            "price": "87.20",
            "revenue": 1360516
        },
        "2018-08": {
            "month": "2018-08",
            "price": "82.08",
            "revenue": 1558415
        },
        "2018-09": {
            "month": "2018-09",
            "price": "78.97",
            "revenue": 1273343
        },
        "2018-10": {
            "month": "2018-10",
            "price": "79.14",
            "revenue": 1232017
        },
        "2018-11": {
            "month": "2018-11",
            "price": "81.65",
            "revenue": 1247756
        },
        "2018-12": {
            "month": "2018-12",
            "price": "83.25",
            "revenue": 1466357
        },
        "2019-01": {
            "month": "2019-01",
            "price": "79.46",
            "revenue": 1388954
        },
        "2019-02": {
            "month": "2019-02",
            "price": "81.70",
            "revenue": 1480827
        },
        "2019-03": {
            "month": "2019-03",
            "price": "85.46",
            "revenue": 1342704
        },
        "2019-04": {
            "month": "2019-04",
            "price": "92.58",
            "revenue": 1203309
        },
        "2019-05": {
            "month": "2019-05",
            "price": "87.34",
            "revenue": 1452142
        },
        "2019-06": {
            "month": "2019-06",
            "price": "83.58",
            "revenue": 1357864
        },
        "2019-07": {
            "month": "2019-07",
            "price": "79.91",
            "revenue": 1360605
        },
        "2019-08": {
            "month": "2019-08",
            "price": "76.15",
            "revenue": 1610051
        },
        "2019-09": {
            "month": "2019-09",
            "price": "77.60",
            "revenue": 1237834
        },
        "2019-10": {
            "month": "2019-10",
            "price": "76.22",
            "revenue": 1225769
        },
        "2019-11": {
            "month": "2019-11",
            "price": "80.06",
            "revenue": 1213705
        },
        "2019-12": {
            "month": "2019-12",
            "price": "80.36",
            "revenue": 1357845
        },
        "2020-01": {
            "month": "2020-01",
            "price": "77.08",
            "revenue": 1408682
        },
        "2020-02": {
            "month": "2020-02",
            "price": "67.94",
            "revenue": 787600
        },
        "2020-03": {
            "month": "2020-03",
            "price": "61.02",
            "revenue": 762843
        },
        "2020-04": {
            "month": "2020-04",
            "price": "62.62",
            "revenue": 864279
        },
        "2020-05": {
            "month": "2020-05",
            "price": "68.64",
            "revenue": 1394943
        },
        "2020-06": {
            "month": "2020-06",
            "price": "80.06",
            "revenue": 1217966
        },
        "2020-07": {
            "month": "2020-07",
            "price": "77.72",
            "revenue": 1392177
        },
        "2020-08": {
            "month": "2020-08",
            "price": "72.90",
            "revenue": 1741617
        },
        "2020-09": {
            "month": "2020-09",
            "price": "74.25",
            "revenue": 1321266
        },
        "2020-10": {
            "month": "2020-10",
            "price": "75.85",
            "revenue": 1446715
        },
        "2020-11": {
            "month": "2020-11",
            "price": "102.06",
            "revenue": 1343562
        },
        "2020-12": {
            "month": "2020-12",
            "price": "134.09",
            "revenue": 1529327
        },
        "2021-01": {
            "month": "2021-01",
            "price": "126.18",
            "revenue": 1528116
        },
        "2021-02": {
            "month": "2021-02",
            "price": "134.12",
            "revenue": 1705886
        },
        "2021-03": {
            "month": "2021-03",
            "price": "174.73",
            "revenue": 1474029
        },
        "2021-04": {
            "month": "2021-04",
            "price": "190.21",
            "revenue": 1477296
        },
        "2021-05": {
            "month": "2021-05",
            "price": "138.50",
            "revenue": 1319934
        },
        "2021-06": {
            "month": "2021-06",
            "price": "145.81",
            "revenue": 873997
        },
        "2021-07": {
            "month": "2021-07",
            "price": "164.55",
            "revenue": 1038113
        },
        "2021-08": {
            "month": "2021-08",
            "price": "145.18",
            "revenue": 1412361
        },
        "2021-09": {
            "month": "2021-09",
            "price": "142.82",
            "revenue": 1296139
        },
        "2021-10": {
            "month": "2021-10",
            "price": "145.75",
            "revenue": 1638222
        },
        "2021-11": {
            "month": "2021-11",
            "price": "142.77",
            "revenue": 1546983
        },
        "2021-12": {
            "month": "2021-12",
            "price": "135.27",
            "revenue": 1841238
        },
        "2022-01": {
            "month": "2022-01",
            "price": "127.56",
            "revenue": 1713141
        },
        "2022-02": {
            "month": "2022-02",
            "price": "135.67",
            "revenue": 1631040
        },
        "2022-03": {
            "month": "2022-03",
            "price": "124.72",
            "revenue": 1327189
        },
        "2022-04": {
            "month": "2022-04",
            "price": "117.42",
            "revenue": 1145052
        },
        "2022-05": {
            "month": "2022-05",
            "price": "107.86",
            "revenue": 1126194
        },
        "2022-06": {
            "month": "2022-06",
            "price": "121.57",
            "revenue": 1237616
        },
        "2022-07": {
            "month": "2022-07",
            "price": "120.95",
            "revenue": 1635548
        },
        "2022-08": {
            "month": "2022-08",
            "price": "121.02",
            "revenue": 1856194
        },
        "2022-09": {
            "month": "2022-09",
            "price": "128.88",
            "revenue": 1596733
        },
        "2022-10": {
            "month": "2022-10",
            "price": "126.10",
            "revenue": 1722352
        },
        "2022-11": {
            "month": "2022-11",
            "price": "147.61",
            "revenue": 1537467
        },
        "2022-12": {
            "month": "2022-12",
            "price": "163.25",
            "revenue": 1740825
        },
        "2023-01": {
            "month": "2023-01",
            "price": "169.42",
            "revenue": 2170619
        },
        "2023-02": {
            "month": "2023-02",
            "price": "224.75",
            "revenue": 1824444
        },
        "2023-03": {
            "month": "2023-03",
            "price": "286.35",
            "revenue": 1593662
        },
        "2023-04": {
            "month": "2023-04",
            "price": "306.32",
            "revenue": 1776772
        },
        "2023-05": {
            "month": "2023-05",
            "price": "321.64",
            "revenue": 1855946
        }
    }
}
