{
    "summary": {
        "stock_name": "瓦城",
        "stock_id": "2729",
        "category": "觀光餐旅",
        "main_business": "餐飲服務業",
        "website_url": "http://www.ttfb.com",
        "ceo": "徐承義",
        "pe_ratio": 19,
        "report_year_from": 2009,
        "report_year_to": 2023,
        "age": 15,
        "eps_negative_percentage": 0,
        "eps_growth_avg": {
            "last_all": 12.55,
            "last_2y": -2.74,
            "last_4y": -0.59,
            "last_8y": 3.5,
            "last_12y": null,
            "last_16y": null,
            "last_20y": null,
            "at_2006_last_3y": null,
            "at_2007_last_3y": null,
            "at_2008_last_3y": null,
            "at_2009_last_3y": null,
            "at_2010_last_3y": null,
            "at_2011_last_3y": null,
            "at_2012_last_3y": null,
            "at_2013_last_3y": null,
            "at_2014_last_3y": null,
            "at_2015_last_3y": 32.31,
            "at_2016_last_3y": 9.62,
            "at_2017_last_3y": 7.71,
            "at_2018_last_3y": 8.62,
            "at_2019_last_3y": 6.65,
            "at_2020_last_3y": 5.08,
            "at_2021_last_3y": -10.83,
            "at_2022_last_3y": -25.74,
            "at_2023_last_3y": -1.31,
            "at_2024_last_3y": -1.31,
            "at_2006_last_all": null,
            "at_2007_last_all": null,
            "at_2008_last_all": null,
            "at_2009_last_all": null,
            "at_2010_last_all": null,
            "at_2011_last_all": null,
            "at_2012_last_all": null,
            "at_2013_last_all": 57.63,
            "at_2014_last_all": 39.69,
            "at_2015_last_all": 32.31,
            "at_2016_last_all": 27.7,
            "at_2017_last_all": 24.35,
            "at_2018_last_all": 21.94,
            "at_2019_last_all": 19.48,
            "at_2020_last_all": 17.65,
            "at_2021_last_all": 10.28,
            "at_2022_last_all": 4.6,
            "at_2023_last_all": 12.55,
            "at_2024_last_all": 12.55
        },
        "latest_eps": 12.37,
        "latest_price": 235.5,
        "latest_roe": 18.2,
        "latest_gross_margin": 49.1,
        "latest_equity": 2591593,
        "latest_revenue": 1374632,
        "latest_gross_profit": 674946,
        "latest_net_income": 44735,
        "latest_debt_ratio": 51.03,
        "latest_current_ratio": 77.12,
        "latest_account_receivable_turnover_ratio": 3.26,
        "latest_inventory_turnover_ratio": 2.96,
        "latest_reinvestment_rate": 67.47,
        "latest_research_to_sale_ratio": null
    },
    "eps_dividends": {
        "2001": {
            "cash": 0,
            "stock": 0,
            "eps": 0
        },
        "2002": {
            "cash": 0,
            "stock": 0,
            "eps": 0
        },
        "2003": {
            "cash": 0,
            "stock": 0,
            "eps": 0
        },
        "2004": {
            "cash": 0,
            "stock": 0,
            "eps": 0
        },
        "2005": {
            "cash": 0,
            "stock": 0,
            "eps": 0
        },
        "2006": {
            "cash": 0,
            "stock": 0,
            "eps": 0
        },
        "2007": {
            "cash": 0,
            "stock": 0,
            "eps": 0
        },
        "2008": {
            "cash": 0,
            "stock": 0,
            "eps": 0
        },
        "2009": {
            "cash": 0,
            "stock": 0,
            "eps": 0
        },
        "2010": {
            "cash": 10.67,
            "stock": 0,
            "eps": 0
        },
        "2011": {
            "cash": 1,
            "stock": 0,
            "eps": 2.37
        },
        "2012": {
            "cash": 8,
            "stock": 0,
            "eps": 9.11
        },
        "2013": {
            "cash": 8.1,
            "stock": 0,
            "eps": 10.5
        },
        "2014": {
            "cash": 8.7,
            "stock": 0,
            "eps": 10.9
        },
        "2015": {
            "cash": 10,
            "stock": 0,
            "eps": 12.01
        },
        "2016": {
            "cash": 10.6,
            "stock": 0,
            "eps": 13.12
        },
        "2017": {
            "cash": 11.6,
            "stock": 0,
            "eps": 14.12
        },
        "2018": {
            "cash": 12.6,
            "stock": 0,
            "eps": 15.17
        },
        "2019": {
            "cash": 13.6,
            "stock": 0,
            "eps": 15.52
        },
        "2020": {
            "cash": 10,
            "stock": 0,
            "eps": 15.98
        },
        "2021": {
            "cash": 14.5,
            "stock": 0,
            "eps": 7.03
        },
        "2022": {
            "cash": 4,
            "stock": 3.15,
            "eps": 3.36
        },
        "2023": {
            "cash": 3.5,
            "stock": 1.5,
            "eps": 13.54
        },
        "2024": {
            "cash": 10,
            "stock": 1,
            "eps": 0
        }
    },
    "dividends": {
        "2010-07-31": {
            "cash": 10.67,
            "stock": 0
        },
        "2011-03-28": {
            "cash": 1,
            "stock": 0
        },
        "2012-06-15": {
            "cash": 8,
            "stock": 0
        },
        "2013-06-24": {
            "cash": 8.1,
            "stock": 0
        },
        "2014-06-18": {
            "cash": 8.7,
            "stock": 0
        },
        "2015-08-21": {
            "cash": 10,
            "stock": 0
        },
        "2016-08-08": {
            "cash": 10.6,
            "stock": 0
        },
        "2017-09-05": {
            "cash": 11.6,
            "stock": 0
        },
        "2018-08-15": {
            "cash": 12.6,
            "stock": 0
        },
        "2019-08-02": {
            "cash": 13.6,
            "stock": 0
        },
        "2020-08-26": {
            "cash": 10,
            "stock": 0
        },
        "2021-11-19": {
            "cash": 14.5,
            "stock": 0
        },
        "2022-09-16": {
            "cash": 4,
            "stock": 3.15
        },
        "2023-09-18": {
            "cash": 3.5,
            "stock": 1.5
        },
        "2024-03-11": {
            "cash": 10,
            "stock": 1
        }
    },
    "prices": {
        "200101": "無",
        "200102": "無",
        "200103": "無",
        "200104": "無",
        "200105": "無",
        "200106": "無",
        "200107": "無",
        "200108": "無",
        "200109": "無",
        "200110": "無",
        "200111": "無",
        "200112": "無",
        "200201": "無",
        "200202": "無",
        "200203": "無",
        "200204": "無",
        "200205": "無",
        "200206": "無",
        "200207": "無",
        "200208": "無",
        "200209": "無",
        "200210": "無",
        "200211": "無",
        "200212": "無",
        "200301": "無",
        "200302": "無",
        "200303": "無",
        "200304": "無",
        "200305": "無",
        "200306": "無",
        "200307": "無",
        "200308": "無",
        "200309": "無",
        "200310": "無",
        "200311": "無",
        "200312": "無",
        "200401": "無",
        "200402": "無",
        "200403": "無",
        "200404": "無",
        "200405": "無",
        "200406": "無",
        "200407": "無",
        "200408": "無",
        "200409": "無",
        "200410": "無",
        "200411": "無",
        "200412": "無",
        "200501": "無",
        "200502": "無",
        "200503": "無",
        "200504": "無",
        "200505": "無",
        "200506": "無",
        "200507": "無",
        "200508": "無",
        "200509": "無",
        "200510": "無",
        "200511": "無",
        "200512": "無",
        "200601": "無",
        "200602": "無",
        "200603": "無",
        "200604": "無",
        "200605": "無",
        "200606": "無",
        "200607": "無",
        "200608": "無",
        "200609": "無",
        "200610": "無",
        "200611": "無",
        "200612": "無",
        "200701": "無",
        "200702": "無",
        "200703": "無",
        "200704": "無",
        "200705": "無",
        "200706": "無",
        "200707": "無",
        "200708": "無",
        "200709": "無",
        "200710": "無",
        "200711": "無",
        "200712": "無",
        "200801": "無",
        "200802": "無",
        "200803": "無",
        "200804": "無",
        "200805": "無",
        "200806": "無",
        "200807": "無",
        "200808": "無",
        "200809": "無",
        "200810": "無",
        "200811": "無",
        "200812": "無",
        "200901": "無",
        "200902": "無",
        "200903": "無",
        "200904": "無",
        "200905": "無",
        "200906": "無",
        "200907": "無",
        "200908": "無",
        "200909": "無",
        "200910": "無",
        "200911": "無",
        "200912": "無",
        "201001": "無",
        "201002": "無",
        "201003": "無",
        "201004": "無",
        "201005": "無",
        "201006": "無",
        "201007": "無",
        "201008": "無",
        "201009": "無",
        "201010": "無",
        "201011": "無",
        "201012": "無",
        "201101": "無",
        "201102": "無",
        "201103": "無",
        "201104": "無",
        "201105": "無",
        "201106": "無",
        "201107": "無",
        "201108": "無",
        "201109": "241.37",
        "201110": "229.74",
        "201111": "229.01",
        "201112": "200.07",
        "201201": "185.72",
        "201202": "231.14",
        "201203": "258.86",
        "201204": "264.04",
        "201205": "262.50",
        "201206": "262.33",
        "201207": "273.55",
        "201208": "282.77",
        "201209": "236.85",
        "201210": "204.82",
        "201211": "183.45",
        "201212": "188.00",
        "201301": "194.07",
        "201302": "193.85",
        "201303": "191.00",
        "201304": "187.88",
        "201305": "206.18",
        "201306": "216.47",
        "201307": "226.70",
        "201308": "261.76",
        "201309": "263.22",
        "201310": "280.59",
        "201311": "278.60",
        "201312": "273.36",
        "201401": "291.69",
        "201402": "331.32",
        "201403": "343.57",
        "201404": "309.71",
        "201405": "301.36",
        "201406": "343.60",
        "201407": "314.09",
        "201408": "293.86",
        "201409": "289.38",
        "201410": "257.68",
        "201411": "261.45",
        "201412": "272.54",
        "201501": "249.85",
        "201502": "241.12",
        "201503": "240.25",
        "201504": "263.30",
        "201505": "256.45",
        "201506": "245.40",
        "201507": "241.02",
        "201508": "232.40",
        "201509": "225.40",
        "201510": "235.45",
        "201511": "232.90",
        "201512": "227.52",
        "201601": "215.17",
        "201602": "228.04",
        "201603": "234.11",
        "201604": "226.61",
        "201605": "221.12",
        "201606": "222.71",
        "201607": "221.20",
        "201608": "225.91",
        "201609": "219.29",
        "201610": "215.92",
        "201611": "213.95",
        "201612": "220.48",
        "201701": "219.72",
        "201702": "239.31",
        "201703": "242.37",
        "201704": "228.39",
        "201705": "250.52",
        "201706": "253.80",
        "201707": "252.07",
        "201708": "237.24",
        "201709": "229.34",
        "201710": "224.61",
        "201711": "226.36",
        "201712": "224.95",
        "201801": "230.41",
        "201802": "223.19",
        "201803": "225.07",
        "201804": "231.28",
        "201805": "236.43",
        "201806": "237.08",
        "201807": "228.30",
        "201808": "233.76",
        "201809": "237.18",
        "201810": "228.98",
        "201811": "225.70",
        "201812": "233.10",
        "201901": "232.93",
        "201902": "246.08",
        "201903": "260.55",
        "201904": "256.72",
        "201905": "258.64",
        "201906": "291.82",
        "201907": "316.41",
        "201908": "285.76",
        "201909": "272.50",
        "201910": "267.57",
        "201911": "276.64",
        "201912": "276.41",
        "202001": "269.10",
        "202002": "252.45",
        "202003": "208.18",
        "202004": "214.40",
        "202005": "232.82",
        "202006": "253.85",
        "202007": "243.91",
        "202008": "223.40",
        "202009": "221.66",
        "202010": "226.82",
        "202011": "240.14",
        "202012": "242.89",
        "202101": "229.68",
        "202102": "231.38",
        "202103": "245.07",
        "202104": "252.87",
        "202105": "230.24",
        "202106": "241.21",
        "202107": "249.43",
        "202108": "240.73",
        "202109": "237.90",
        "202110": "238.38",
        "202111": "231.39",
        "202112": "222.16",
        "202201": "215.47",
        "202202": "221.83",
        "202203": "216.91",
        "202204": "220.95",
        "202205": "217.81",
        "202206": "221.08",
        "202207": "219.57",
        "202208": "214.80",
        "202209": "199.50",
        "202210": "195.90",
        "202211": "197.64",
        "202212": "202.32",
        "202301": "212.69",
        "202302": "239.56",
        "202303": "253.28",
        "202304": "236.59",
        "202305": "265.98",
        "202306": "303.85",
        "202307": "291.57",
        "202308": "293.34",
        "202309": "266.32",
        "202310": "238.30",
        "202311": "235.84",
        "202312": "232.71",
        "202401": "236.41",
        "202402": "233.92",
        "202403": "235.81",
        "202404": "無"
    },
    "quarters": {
        "20011": {
            "year_quarter": 20011,
            "year": 2001,
            "quarter": 1,
            "eps": null,
            "eps_growth_year": null,
            "eps_4q": null,
            "eps_4q_growth_year": null,
            "roe": null,
            "roe_4q": 0,
            "gross_profit": null,
            "gross_margin": null,
            "gross_margin_4q_avg": 0,
            "net_income": null,
            "net_income_4q": null,
            "revenue": null,
            "revenue_4q": null,
            "common_shares": null,
            "book_valuer_per_share": null,
            "book_valuer_per_share_4q_avg": 0,
            "equity": null,
            "current_ratio": null,
            "debt_ratio": null,
            "inventory_turnover_ratio": null,
            "account_receivable_turnover_ratio": null,
            "reinvestment_rate": null,
            "research_to_sale_ratio": null,
            "price_fair": 0,
            "eps_avg_yearly": 0,
            "eps_latest_yearly": 0,
            "eps_growth_yearly": 0
        },
        "20012": {
            "year_quarter": 20012,
            "year": 2001,
            "quarter": 2,
            "eps": null,
            "eps_growth_year": null,
            "eps_4q": null,
            "eps_4q_growth_year": null,
            "roe": null,
            "roe_4q": 0,
            "gross_profit": null,
            "gross_margin": null,
            "gross_margin_4q_avg": 0,
            "net_income": null,
            "net_income_4q": null,
            "revenue": null,
            "revenue_4q": null,
            "common_shares": null,
            "book_valuer_per_share": null,
            "book_valuer_per_share_4q_avg": 0,
            "equity": null,
            "current_ratio": null,
            "debt_ratio": null,
            "inventory_turnover_ratio": null,
            "account_receivable_turnover_ratio": null,
            "reinvestment_rate": null,
            "research_to_sale_ratio": null,
            "price_fair": 0,
            "eps_avg_yearly": 0,
            "eps_latest_yearly": 0,
            "eps_growth_yearly": 0
        },
        "20013": {
            "year_quarter": 20013,
            "year": 2001,
            "quarter": 3,
            "eps": null,
            "eps_growth_year": null,
            "eps_4q": null,
            "eps_4q_growth_year": null,
            "roe": null,
            "roe_4q": 0,
            "gross_profit": null,
            "gross_margin": null,
            "gross_margin_4q_avg": 0,
            "net_income": null,
            "net_income_4q": null,
            "revenue": null,
            "revenue_4q": null,
            "common_shares": null,
            "book_valuer_per_share": null,
            "book_valuer_per_share_4q_avg": 0,
            "equity": null,
            "current_ratio": null,
            "debt_ratio": null,
            "inventory_turnover_ratio": null,
            "account_receivable_turnover_ratio": null,
            "reinvestment_rate": null,
            "research_to_sale_ratio": null,
            "price_fair": 0,
            "eps_avg_yearly": 0,
            "eps_latest_yearly": 0,
            "eps_growth_yearly": 0
        },
        "20014": {
            "year_quarter": 20014,
            "year": 2001,
            "quarter": 4,
            "eps": null,
            "eps_growth_year": null,
            "eps_4q": null,
            "eps_4q_growth_year": null,
            "roe": null,
            "roe_4q": 0,
            "gross_profit": null,
            "gross_margin": null,
            "gross_margin_4q_avg": 0,
            "net_income": null,
            "net_income_4q": null,
            "revenue": null,
            "revenue_4q": null,
            "common_shares": null,
            "book_valuer_per_share": null,
            "book_valuer_per_share_4q_avg": 0,
            "equity": null,
            "current_ratio": null,
            "debt_ratio": null,
            "inventory_turnover_ratio": null,
            "account_receivable_turnover_ratio": null,
            "reinvestment_rate": null,
            "research_to_sale_ratio": null,
            "price_fair": 0,
            "eps_avg_yearly": 0,
            "eps_latest_yearly": 0,
            "eps_growth_yearly": 0
        },
        "20021": {
            "year_quarter": 20021,
            "year": 2002,
            "quarter": 1,
            "eps": null,
            "eps_growth_year": null,
            "eps_4q": null,
            "eps_4q_growth_year": null,
            "roe": null,
            "roe_4q": 0,
            "gross_profit": null,
            "gross_margin": null,
            "gross_margin_4q_avg": 0,
            "net_income": null,
            "net_income_4q": null,
            "revenue": null,
            "revenue_4q": null,
            "common_shares": null,
            "book_valuer_per_share": null,
            "book_valuer_per_share_4q_avg": 0,
            "equity": null,
            "current_ratio": null,
            "debt_ratio": null,
            "inventory_turnover_ratio": null,
            "account_receivable_turnover_ratio": null,
            "reinvestment_rate": null,
            "research_to_sale_ratio": null,
            "price_fair": 0,
            "eps_avg_yearly": 0,
            "eps_latest_yearly": 0,
            "eps_growth_yearly": 0
        },
        "20022": {
            "year_quarter": 20022,
            "year": 2002,
            "quarter": 2,
            "eps": null,
            "eps_growth_year": null,
            "eps_4q": null,
            "eps_4q_growth_year": null,
            "roe": null,
            "roe_4q": 0,
            "gross_profit": null,
            "gross_margin": null,
            "gross_margin_4q_avg": 0,
            "net_income": null,
            "net_income_4q": null,
            "revenue": null,
            "revenue_4q": null,
            "common_shares": null,
            "book_valuer_per_share": null,
            "book_valuer_per_share_4q_avg": 0,
            "equity": null,
            "current_ratio": null,
            "debt_ratio": null,
            "inventory_turnover_ratio": null,
            "account_receivable_turnover_ratio": null,
            "reinvestment_rate": null,
            "research_to_sale_ratio": null,
            "price_fair": 0,
            "eps_avg_yearly": 0,
            "eps_latest_yearly": 0,
            "eps_growth_yearly": 0
        },
        "20023": {
            "year_quarter": 20023,
            "year": 2002,
            "quarter": 3,
            "eps": null,
            "eps_growth_year": null,
            "eps_4q": null,
            "eps_4q_growth_year": null,
            "roe": null,
            "roe_4q": 0,
            "gross_profit": null,
            "gross_margin": null,
            "gross_margin_4q_avg": 0,
            "net_income": null,
            "net_income_4q": null,
            "revenue": null,
            "revenue_4q": null,
            "common_shares": null,
            "book_valuer_per_share": null,
            "book_valuer_per_share_4q_avg": 0,
            "equity": null,
            "current_ratio": null,
            "debt_ratio": null,
            "inventory_turnover_ratio": null,
            "account_receivable_turnover_ratio": null,
            "reinvestment_rate": null,
            "research_to_sale_ratio": null,
            "price_fair": 0,
            "eps_avg_yearly": 0,
            "eps_latest_yearly": 0,
            "eps_growth_yearly": 0
        },
        "20024": {
            "year_quarter": 20024,
            "year": 2002,
            "quarter": 4,
            "eps": null,
            "eps_growth_year": null,
            "eps_4q": null,
            "eps_4q_growth_year": null,
            "roe": null,
            "roe_4q": 0,
            "gross_profit": null,
            "gross_margin": null,
            "gross_margin_4q_avg": 0,
            "net_income": null,
            "net_income_4q": null,
            "revenue": null,
            "revenue_4q": null,
            "common_shares": null,
            "book_valuer_per_share": null,
            "book_valuer_per_share_4q_avg": 0,
            "equity": null,
            "current_ratio": null,
            "debt_ratio": null,
            "inventory_turnover_ratio": null,
            "account_receivable_turnover_ratio": null,
            "reinvestment_rate": null,
            "research_to_sale_ratio": null,
            "price_fair": 0,
            "eps_avg_yearly": 0,
            "eps_latest_yearly": 0,
            "eps_growth_yearly": 0
        },
        "20031": {
            "year_quarter": 20031,
            "year": 2003,
            "quarter": 1,
            "eps": null,
            "eps_growth_year": null,
            "eps_4q": null,
            "eps_4q_growth_year": null,
            "roe": null,
            "roe_4q": 0,
            "gross_profit": null,
            "gross_margin": null,
            "gross_margin_4q_avg": 0,
            "net_income": null,
            "net_income_4q": null,
            "revenue": null,
            "revenue_4q": null,
            "common_shares": null,
            "book_valuer_per_share": null,
            "book_valuer_per_share_4q_avg": 0,
            "equity": null,
            "current_ratio": null,
            "debt_ratio": null,
            "inventory_turnover_ratio": null,
            "account_receivable_turnover_ratio": null,
            "reinvestment_rate": null,
            "research_to_sale_ratio": null,
            "price_fair": 0,
            "eps_avg_yearly": 0,
            "eps_latest_yearly": 0,
            "eps_growth_yearly": 0
        },
        "20032": {
            "year_quarter": 20032,
            "year": 2003,
            "quarter": 2,
            "eps": null,
            "eps_growth_year": null,
            "eps_4q": null,
            "eps_4q_growth_year": null,
            "roe": null,
            "roe_4q": 0,
            "gross_profit": null,
            "gross_margin": null,
            "gross_margin_4q_avg": 0,
            "net_income": null,
            "net_income_4q": null,
            "revenue": null,
            "revenue_4q": null,
            "common_shares": null,
            "book_valuer_per_share": null,
            "book_valuer_per_share_4q_avg": 0,
            "equity": null,
            "current_ratio": null,
            "debt_ratio": null,
            "inventory_turnover_ratio": null,
            "account_receivable_turnover_ratio": null,
            "reinvestment_rate": null,
            "research_to_sale_ratio": null,
            "price_fair": 0,
            "eps_avg_yearly": 0,
            "eps_latest_yearly": 0,
            "eps_growth_yearly": 0
        },
        "20033": {
            "year_quarter": 20033,
            "year": 2003,
            "quarter": 3,
            "eps": null,
            "eps_growth_year": null,
            "eps_4q": null,
            "eps_4q_growth_year": null,
            "roe": null,
            "roe_4q": 0,
            "gross_profit": null,
            "gross_margin": null,
            "gross_margin_4q_avg": 0,
            "net_income": null,
            "net_income_4q": null,
            "revenue": null,
            "revenue_4q": null,
            "common_shares": null,
            "book_valuer_per_share": null,
            "book_valuer_per_share_4q_avg": 0,
            "equity": null,
            "current_ratio": null,
            "debt_ratio": null,
            "inventory_turnover_ratio": null,
            "account_receivable_turnover_ratio": null,
            "reinvestment_rate": null,
            "research_to_sale_ratio": null,
            "price_fair": 0,
            "eps_avg_yearly": 0,
            "eps_latest_yearly": 0,
            "eps_growth_yearly": 0
        },
        "20034": {
            "year_quarter": 20034,
            "year": 2003,
            "quarter": 4,
            "eps": null,
            "eps_growth_year": null,
            "eps_4q": null,
            "eps_4q_growth_year": null,
            "roe": null,
            "roe_4q": 0,
            "gross_profit": null,
            "gross_margin": null,
            "gross_margin_4q_avg": 0,
            "net_income": null,
            "net_income_4q": null,
            "revenue": null,
            "revenue_4q": null,
            "common_shares": null,
            "book_valuer_per_share": null,
            "book_valuer_per_share_4q_avg": 0,
            "equity": null,
            "current_ratio": null,
            "debt_ratio": null,
            "inventory_turnover_ratio": null,
            "account_receivable_turnover_ratio": null,
            "reinvestment_rate": null,
            "research_to_sale_ratio": null,
            "price_fair": 0,
            "eps_avg_yearly": 0,
            "eps_latest_yearly": 0,
            "eps_growth_yearly": 0
        },
        "20041": {
            "year_quarter": 20041,
            "year": 2004,
            "quarter": 1,
            "eps": null,
            "eps_growth_year": null,
            "eps_4q": null,
            "eps_4q_growth_year": null,
            "roe": null,
            "roe_4q": 0,
            "gross_profit": null,
            "gross_margin": null,
            "gross_margin_4q_avg": 0,
            "net_income": null,
            "net_income_4q": null,
            "revenue": null,
            "revenue_4q": null,
            "common_shares": null,
            "book_valuer_per_share": null,
            "book_valuer_per_share_4q_avg": 0,
            "equity": null,
            "current_ratio": null,
            "debt_ratio": null,
            "inventory_turnover_ratio": null,
            "account_receivable_turnover_ratio": null,
            "reinvestment_rate": null,
            "research_to_sale_ratio": null,
            "price_fair": 0,
            "eps_avg_yearly": 0,
            "eps_latest_yearly": 0,
            "eps_growth_yearly": 0
        },
        "20042": {
            "year_quarter": 20042,
            "year": 2004,
            "quarter": 2,
            "eps": null,
            "eps_growth_year": null,
            "eps_4q": null,
            "eps_4q_growth_year": null,
            "roe": null,
            "roe_4q": 0,
            "gross_profit": null,
            "gross_margin": null,
            "gross_margin_4q_avg": 0,
            "net_income": null,
            "net_income_4q": null,
            "revenue": null,
            "revenue_4q": null,
            "common_shares": null,
            "book_valuer_per_share": null,
            "book_valuer_per_share_4q_avg": 0,
            "equity": null,
            "current_ratio": null,
            "debt_ratio": null,
            "inventory_turnover_ratio": null,
            "account_receivable_turnover_ratio": null,
            "reinvestment_rate": null,
            "research_to_sale_ratio": null,
            "price_fair": 0,
            "eps_avg_yearly": 0,
            "eps_latest_yearly": 0,
            "eps_growth_yearly": 0
        },
        "20043": {
            "year_quarter": 20043,
            "year": 2004,
            "quarter": 3,
            "eps": null,
            "eps_growth_year": null,
            "eps_4q": null,
            "eps_4q_growth_year": null,
            "roe": null,
            "roe_4q": 0,
            "gross_profit": null,
            "gross_margin": null,
            "gross_margin_4q_avg": 0,
            "net_income": null,
            "net_income_4q": null,
            "revenue": null,
            "revenue_4q": null,
            "common_shares": null,
            "book_valuer_per_share": null,
            "book_valuer_per_share_4q_avg": 0,
            "equity": null,
            "current_ratio": null,
            "debt_ratio": null,
            "inventory_turnover_ratio": null,
            "account_receivable_turnover_ratio": null,
            "reinvestment_rate": null,
            "research_to_sale_ratio": null,
            "price_fair": 0,
            "eps_avg_yearly": 0,
            "eps_latest_yearly": 0,
            "eps_growth_yearly": 0
        },
        "20044": {
            "year_quarter": 20044,
            "year": 2004,
            "quarter": 4,
            "eps": null,
            "eps_growth_year": null,
            "eps_4q": null,
            "eps_4q_growth_year": null,
            "roe": null,
            "roe_4q": 0,
            "gross_profit": null,
            "gross_margin": null,
            "gross_margin_4q_avg": 0,
            "net_income": null,
            "net_income_4q": null,
            "revenue": null,
            "revenue_4q": null,
            "common_shares": null,
            "book_valuer_per_share": null,
            "book_valuer_per_share_4q_avg": 0,
            "equity": null,
            "current_ratio": null,
            "debt_ratio": null,
            "inventory_turnover_ratio": null,
            "account_receivable_turnover_ratio": null,
            "reinvestment_rate": null,
            "research_to_sale_ratio": null,
            "price_fair": 0,
            "eps_avg_yearly": 0,
            "eps_latest_yearly": 0,
            "eps_growth_yearly": 0
        },
        "20051": {
            "year_quarter": 20051,
            "year": 2005,
            "quarter": 1,
            "eps": null,
            "eps_growth_year": null,
            "eps_4q": null,
            "eps_4q_growth_year": null,
            "roe": null,
            "roe_4q": 0,
            "gross_profit": null,
            "gross_margin": null,
            "gross_margin_4q_avg": 0,
            "net_income": null,
            "net_income_4q": null,
            "revenue": null,
            "revenue_4q": null,
            "common_shares": null,
            "book_valuer_per_share": null,
            "book_valuer_per_share_4q_avg": 0,
            "equity": null,
            "current_ratio": null,
            "debt_ratio": null,
            "inventory_turnover_ratio": null,
            "account_receivable_turnover_ratio": null,
            "reinvestment_rate": null,
            "research_to_sale_ratio": null,
            "price_fair": 0,
            "eps_avg_yearly": 0,
            "eps_latest_yearly": 0,
            "eps_growth_yearly": 0
        },
        "20052": {
            "year_quarter": 20052,
            "year": 2005,
            "quarter": 2,
            "eps": null,
            "eps_growth_year": null,
            "eps_4q": null,
            "eps_4q_growth_year": null,
            "roe": null,
            "roe_4q": 0,
            "gross_profit": null,
            "gross_margin": null,
            "gross_margin_4q_avg": 0,
            "net_income": null,
            "net_income_4q": null,
            "revenue": null,
            "revenue_4q": null,
            "common_shares": null,
            "book_valuer_per_share": null,
            "book_valuer_per_share_4q_avg": 0,
            "equity": null,
            "current_ratio": null,
            "debt_ratio": null,
            "inventory_turnover_ratio": null,
            "account_receivable_turnover_ratio": null,
            "reinvestment_rate": null,
            "research_to_sale_ratio": null,
            "price_fair": 0,
            "eps_avg_yearly": 0,
            "eps_latest_yearly": 0,
            "eps_growth_yearly": 0
        },
        "20053": {
            "year_quarter": 20053,
            "year": 2005,
            "quarter": 3,
            "eps": null,
            "eps_growth_year": null,
            "eps_4q": null,
            "eps_4q_growth_year": null,
            "roe": null,
            "roe_4q": 0,
            "gross_profit": null,
            "gross_margin": null,
            "gross_margin_4q_avg": 0,
            "net_income": null,
            "net_income_4q": null,
            "revenue": null,
            "revenue_4q": null,
            "common_shares": null,
            "book_valuer_per_share": null,
            "book_valuer_per_share_4q_avg": 0,
            "equity": null,
            "current_ratio": null,
            "debt_ratio": null,
            "inventory_turnover_ratio": null,
            "account_receivable_turnover_ratio": null,
            "reinvestment_rate": null,
            "research_to_sale_ratio": null,
            "price_fair": 0,
            "eps_avg_yearly": 0,
            "eps_latest_yearly": 0,
            "eps_growth_yearly": 0
        },
        "20054": {
            "year_quarter": 20054,
            "year": 2005,
            "quarter": 4,
            "eps": null,
            "eps_growth_year": null,
            "eps_4q": null,
            "eps_4q_growth_year": null,
            "roe": null,
            "roe_4q": 0,
            "gross_profit": null,
            "gross_margin": null,
            "gross_margin_4q_avg": 0,
            "net_income": null,
            "net_income_4q": null,
            "revenue": null,
            "revenue_4q": null,
            "common_shares": null,
            "book_valuer_per_share": null,
            "book_valuer_per_share_4q_avg": 0,
            "equity": null,
            "current_ratio": null,
            "debt_ratio": null,
            "inventory_turnover_ratio": null,
            "account_receivable_turnover_ratio": null,
            "reinvestment_rate": null,
            "research_to_sale_ratio": null,
            "price_fair": 0,
            "eps_avg_yearly": 0,
            "eps_latest_yearly": 0,
            "eps_growth_yearly": 0
        },
        "20061": {
            "year_quarter": 20061,
            "year": 2006,
            "quarter": 1,
            "eps": null,
            "eps_growth_year": null,
            "eps_4q": null,
            "eps_4q_growth_year": null,
            "roe": null,
            "roe_4q": 0,
            "gross_profit": null,
            "gross_margin": null,
            "gross_margin_4q_avg": 0,
            "net_income": null,
            "net_income_4q": null,
            "revenue": null,
            "revenue_4q": null,
            "common_shares": null,
            "book_valuer_per_share": null,
            "book_valuer_per_share_4q_avg": 0,
            "equity": null,
            "current_ratio": null,
            "debt_ratio": null,
            "inventory_turnover_ratio": null,
            "account_receivable_turnover_ratio": null,
            "reinvestment_rate": null,
            "research_to_sale_ratio": null,
            "price_fair": 0,
            "eps_avg_yearly": 0,
            "eps_latest_yearly": 0,
            "eps_growth_yearly": 0
        },
        "20062": {
            "year_quarter": 20062,
            "year": 2006,
            "quarter": 2,
            "eps": null,
            "eps_growth_year": null,
            "eps_4q": null,
            "eps_4q_growth_year": null,
            "roe": null,
            "roe_4q": 0,
            "gross_profit": null,
            "gross_margin": null,
            "gross_margin_4q_avg": 0,
            "net_income": null,
            "net_income_4q": null,
            "revenue": null,
            "revenue_4q": null,
            "common_shares": null,
            "book_valuer_per_share": null,
            "book_valuer_per_share_4q_avg": 0,
            "equity": null,
            "current_ratio": null,
            "debt_ratio": null,
            "inventory_turnover_ratio": null,
            "account_receivable_turnover_ratio": null,
            "reinvestment_rate": null,
            "research_to_sale_ratio": null,
            "price_fair": 0,
            "eps_avg_yearly": 0,
            "eps_latest_yearly": 0,
            "eps_growth_yearly": 0
        },
        "20063": {
            "year_quarter": 20063,
            "year": 2006,
            "quarter": 3,
            "eps": null,
            "eps_growth_year": null,
            "eps_4q": null,
            "eps_4q_growth_year": null,
            "roe": null,
            "roe_4q": 0,
            "gross_profit": null,
            "gross_margin": null,
            "gross_margin_4q_avg": 0,
            "net_income": null,
            "net_income_4q": null,
            "revenue": null,
            "revenue_4q": null,
            "common_shares": null,
            "book_valuer_per_share": null,
            "book_valuer_per_share_4q_avg": 0,
            "equity": null,
            "current_ratio": null,
            "debt_ratio": null,
            "inventory_turnover_ratio": null,
            "account_receivable_turnover_ratio": null,
            "reinvestment_rate": null,
            "research_to_sale_ratio": null,
            "price_fair": 0,
            "eps_avg_yearly": 0,
            "eps_latest_yearly": 0,
            "eps_growth_yearly": 0
        },
        "20064": {
            "year_quarter": 20064,
            "year": 2006,
            "quarter": 4,
            "eps": null,
            "eps_growth_year": null,
            "eps_4q": null,
            "eps_4q_growth_year": null,
            "roe": null,
            "roe_4q": 0,
            "gross_profit": null,
            "gross_margin": null,
            "gross_margin_4q_avg": 0,
            "net_income": null,
            "net_income_4q": null,
            "revenue": null,
            "revenue_4q": null,
            "common_shares": 3000,
            "book_valuer_per_share": 268.23,
            "book_valuer_per_share_4q_avg": 67.06,
            "equity": 80470,
            "current_ratio": 70.75,
            "debt_ratio": 48.59,
            "inventory_turnover_ratio": null,
            "account_receivable_turnover_ratio": null,
            "reinvestment_rate": null,
            "research_to_sale_ratio": null,
            "price_fair": 0,
            "eps_avg_yearly": 0,
            "eps_latest_yearly": 0,
            "eps_growth_yearly": 0
        },
        "20071": {
            "year_quarter": 20071,
            "year": 2007,
            "quarter": 1,
            "eps": null,
            "eps_growth_year": null,
            "eps_4q": null,
            "eps_4q_growth_year": null,
            "roe": null,
            "roe_4q": 0,
            "gross_profit": null,
            "gross_margin": null,
            "gross_margin_4q_avg": 0,
            "net_income": null,
            "net_income_4q": null,
            "revenue": null,
            "revenue_4q": null,
            "common_shares": null,
            "book_valuer_per_share": null,
            "book_valuer_per_share_4q_avg": 67.06,
            "equity": null,
            "current_ratio": null,
            "debt_ratio": null,
            "inventory_turnover_ratio": null,
            "account_receivable_turnover_ratio": null,
            "reinvestment_rate": null,
            "research_to_sale_ratio": null,
            "price_fair": 0,
            "eps_avg_yearly": 0,
            "eps_latest_yearly": 0,
            "eps_growth_yearly": 0
        },
        "20072": {
            "year_quarter": 20072,
            "year": 2007,
            "quarter": 2,
            "eps": null,
            "eps_growth_year": null,
            "eps_4q": null,
            "eps_4q_growth_year": null,
            "roe": null,
            "roe_4q": 0,
            "gross_profit": null,
            "gross_margin": null,
            "gross_margin_4q_avg": 0,
            "net_income": null,
            "net_income_4q": null,
            "revenue": null,
            "revenue_4q": null,
            "common_shares": null,
            "book_valuer_per_share": null,
            "book_valuer_per_share_4q_avg": 67.06,
            "equity": null,
            "current_ratio": null,
            "debt_ratio": null,
            "inventory_turnover_ratio": null,
            "account_receivable_turnover_ratio": null,
            "reinvestment_rate": null,
            "research_to_sale_ratio": null,
            "price_fair": 0,
            "eps_avg_yearly": 0,
            "eps_latest_yearly": 0,
            "eps_growth_yearly": 0
        },
        "20073": {
            "year_quarter": 20073,
            "year": 2007,
            "quarter": 3,
            "eps": null,
            "eps_growth_year": null,
            "eps_4q": null,
            "eps_4q_growth_year": null,
            "roe": null,
            "roe_4q": 0,
            "gross_profit": null,
            "gross_margin": null,
            "gross_margin_4q_avg": 0,
            "net_income": null,
            "net_income_4q": null,
            "revenue": null,
            "revenue_4q": null,
            "common_shares": null,
            "book_valuer_per_share": null,
            "book_valuer_per_share_4q_avg": 67.06,
            "equity": null,
            "current_ratio": null,
            "debt_ratio": null,
            "inventory_turnover_ratio": null,
            "account_receivable_turnover_ratio": null,
            "reinvestment_rate": null,
            "research_to_sale_ratio": null,
            "price_fair": 0,
            "eps_avg_yearly": 0,
            "eps_latest_yearly": 0,
            "eps_growth_yearly": 0
        },
        "20074": {
            "year_quarter": 20074,
            "year": 2007,
            "quarter": 4,
            "eps": null,
            "eps_growth_year": null,
            "eps_4q": null,
            "eps_4q_growth_year": null,
            "roe": null,
            "roe_4q": 0,
            "gross_profit": null,
            "gross_margin": null,
            "gross_margin_4q_avg": 0,
            "net_income": null,
            "net_income_4q": null,
            "revenue": null,
            "revenue_4q": null,
            "common_shares": 3000,
            "book_valuer_per_share": 377.74,
            "book_valuer_per_share_4q_avg": 94.44,
            "equity": 113321,
            "current_ratio": 103.58,
            "debt_ratio": 44.72,
            "inventory_turnover_ratio": null,
            "account_receivable_turnover_ratio": null,
            "reinvestment_rate": null,
            "research_to_sale_ratio": null,
            "price_fair": 0,
            "eps_avg_yearly": 0,
            "eps_latest_yearly": 0,
            "eps_growth_yearly": 0
        },
        "20081": {
            "year_quarter": 20081,
            "year": 2008,
            "quarter": 1,
            "eps": null,
            "eps_growth_year": null,
            "eps_4q": null,
            "eps_4q_growth_year": null,
            "roe": null,
            "roe_4q": 0,
            "gross_profit": null,
            "gross_margin": null,
            "gross_margin_4q_avg": 0,
            "net_income": null,
            "net_income_4q": null,
            "revenue": null,
            "revenue_4q": null,
            "common_shares": null,
            "book_valuer_per_share": null,
            "book_valuer_per_share_4q_avg": 94.44,
            "equity": null,
            "current_ratio": null,
            "debt_ratio": null,
            "inventory_turnover_ratio": null,
            "account_receivable_turnover_ratio": null,
            "reinvestment_rate": null,
            "research_to_sale_ratio": null,
            "price_fair": 0,
            "eps_avg_yearly": 0,
            "eps_latest_yearly": 0,
            "eps_growth_yearly": 0
        },
        "20082": {
            "year_quarter": 20082,
            "year": 2008,
            "quarter": 2,
            "eps": null,
            "eps_growth_year": null,
            "eps_4q": null,
            "eps_4q_growth_year": null,
            "roe": null,
            "roe_4q": 0,
            "gross_profit": null,
            "gross_margin": null,
            "gross_margin_4q_avg": 0,
            "net_income": null,
            "net_income_4q": null,
            "revenue": null,
            "revenue_4q": null,
            "common_shares": null,
            "book_valuer_per_share": null,
            "book_valuer_per_share_4q_avg": 94.44,
            "equity": null,
            "current_ratio": null,
            "debt_ratio": null,
            "inventory_turnover_ratio": null,
            "account_receivable_turnover_ratio": null,
            "reinvestment_rate": null,
            "research_to_sale_ratio": null,
            "price_fair": 0,
            "eps_avg_yearly": 0,
            "eps_latest_yearly": 0,
            "eps_growth_yearly": 0
        },
        "20083": {
            "year_quarter": 20083,
            "year": 2008,
            "quarter": 3,
            "eps": null,
            "eps_growth_year": null,
            "eps_4q": null,
            "eps_4q_growth_year": null,
            "roe": null,
            "roe_4q": 0,
            "gross_profit": null,
            "gross_margin": null,
            "gross_margin_4q_avg": 0,
            "net_income": null,
            "net_income_4q": null,
            "revenue": null,
            "revenue_4q": null,
            "common_shares": null,
            "book_valuer_per_share": null,
            "book_valuer_per_share_4q_avg": 94.44,
            "equity": null,
            "current_ratio": null,
            "debt_ratio": null,
            "inventory_turnover_ratio": null,
            "account_receivable_turnover_ratio": null,
            "reinvestment_rate": null,
            "research_to_sale_ratio": null,
            "price_fair": 0,
            "eps_avg_yearly": 0,
            "eps_latest_yearly": 0,
            "eps_growth_yearly": 0
        },
        "20084": {
            "year_quarter": 20084,
            "year": 2008,
            "quarter": 4,
            "eps": null,
            "eps_growth_year": null,
            "eps_4q": null,
            "eps_4q_growth_year": null,
            "roe": null,
            "roe_4q": 0,
            "gross_profit": null,
            "gross_margin": null,
            "gross_margin_4q_avg": 0,
            "net_income": null,
            "net_income_4q": null,
            "revenue": null,
            "revenue_4q": null,
            "common_shares": 33000,
            "book_valuer_per_share": 48.07,
            "book_valuer_per_share_4q_avg": 12.02,
            "equity": 158617,
            "current_ratio": 130.88,
            "debt_ratio": 45.13,
            "inventory_turnover_ratio": null,
            "account_receivable_turnover_ratio": null,
            "reinvestment_rate": null,
            "research_to_sale_ratio": null,
            "price_fair": 0,
            "eps_avg_yearly": 0,
            "eps_latest_yearly": 0,
            "eps_growth_yearly": 0
        },
        "20091": {
            "year_quarter": 20091,
            "year": 2009,
            "quarter": 1,
            "eps": null,
            "eps_growth_year": null,
            "eps_4q": null,
            "eps_4q_growth_year": null,
            "roe": null,
            "roe_4q": 0,
            "gross_profit": null,
            "gross_margin": null,
            "gross_margin_4q_avg": 0,
            "net_income": null,
            "net_income_4q": null,
            "revenue": null,
            "revenue_4q": null,
            "common_shares": null,
            "book_valuer_per_share": null,
            "book_valuer_per_share_4q_avg": 12.02,
            "equity": null,
            "current_ratio": null,
            "debt_ratio": null,
            "inventory_turnover_ratio": null,
            "account_receivable_turnover_ratio": null,
            "reinvestment_rate": null,
            "research_to_sale_ratio": null,
            "price_fair": 0,
            "eps_avg_yearly": 0,
            "eps_latest_yearly": 0,
            "eps_growth_yearly": 0
        },
        "20092": {
            "year_quarter": 20092,
            "year": 2009,
            "quarter": 2,
            "eps": null,
            "eps_growth_year": null,
            "eps_4q": null,
            "eps_4q_growth_year": null,
            "roe": null,
            "roe_4q": 0,
            "gross_profit": null,
            "gross_margin": null,
            "gross_margin_4q_avg": 0,
            "net_income": null,
            "net_income_4q": null,
            "revenue": null,
            "revenue_4q": null,
            "common_shares": null,
            "book_valuer_per_share": null,
            "book_valuer_per_share_4q_avg": 12.02,
            "equity": null,
            "current_ratio": null,
            "debt_ratio": null,
            "inventory_turnover_ratio": null,
            "account_receivable_turnover_ratio": null,
            "reinvestment_rate": null,
            "research_to_sale_ratio": null,
            "price_fair": 0,
            "eps_avg_yearly": 0,
            "eps_latest_yearly": 0,
            "eps_growth_yearly": 0
        },
        "20093": {
            "year_quarter": 20093,
            "year": 2009,
            "quarter": 3,
            "eps": null,
            "eps_growth_year": null,
            "eps_4q": null,
            "eps_4q_growth_year": null,
            "roe": null,
            "roe_4q": 0,
            "gross_profit": null,
            "gross_margin": null,
            "gross_margin_4q_avg": 0,
            "net_income": null,
            "net_income_4q": null,
            "revenue": null,
            "revenue_4q": null,
            "common_shares": null,
            "book_valuer_per_share": null,
            "book_valuer_per_share_4q_avg": 12.02,
            "equity": null,
            "current_ratio": null,
            "debt_ratio": null,
            "inventory_turnover_ratio": null,
            "account_receivable_turnover_ratio": null,
            "reinvestment_rate": null,
            "research_to_sale_ratio": null,
            "price_fair": 0,
            "eps_avg_yearly": 0,
            "eps_latest_yearly": 0,
            "eps_growth_yearly": 0
        },
        "20094": {
            "year_quarter": 20094,
            "year": 2009,
            "quarter": 4,
            "eps": null,
            "eps_growth_year": null,
            "eps_4q": null,
            "eps_4q_growth_year": null,
            "roe": null,
            "roe_4q": 0,
            "gross_profit": null,
            "gross_margin": null,
            "gross_margin_4q_avg": 0,
            "net_income": null,
            "net_income_4q": null,
            "revenue": null,
            "revenue_4q": null,
            "common_shares": 75000,
            "book_valuer_per_share": 29.16,
            "book_valuer_per_share_4q_avg": 7.29,
            "equity": 218728,
            "current_ratio": 180.82,
            "debt_ratio": 42.61,
            "inventory_turnover_ratio": null,
            "account_receivable_turnover_ratio": null,
            "reinvestment_rate": null,
            "research_to_sale_ratio": null,
            "price_fair": 0,
            "eps_avg_yearly": 0,
            "eps_latest_yearly": 0,
            "eps_growth_yearly": 0
        },
        "20101": {
            "year_quarter": 20101,
            "year": 2010,
            "quarter": 1,
            "eps": null,
            "eps_growth_year": null,
            "eps_4q": null,
            "eps_4q_growth_year": null,
            "roe": null,
            "roe_4q": 0,
            "gross_profit": null,
            "gross_margin": null,
            "gross_margin_4q_avg": 0,
            "net_income": null,
            "net_income_4q": null,
            "revenue": null,
            "revenue_4q": null,
            "common_shares": null,
            "book_valuer_per_share": null,
            "book_valuer_per_share_4q_avg": 7.29,
            "equity": null,
            "current_ratio": null,
            "debt_ratio": null,
            "inventory_turnover_ratio": null,
            "account_receivable_turnover_ratio": null,
            "reinvestment_rate": null,
            "research_to_sale_ratio": null,
            "price_fair": 0,
            "eps_avg_yearly": 0,
            "eps_latest_yearly": 0,
            "eps_growth_yearly": 0
        },
        "20102": {
            "year_quarter": 20102,
            "year": 2010,
            "quarter": 2,
            "eps": null,
            "eps_growth_year": null,
            "eps_4q": null,
            "eps_4q_growth_year": null,
            "roe": null,
            "roe_4q": 0,
            "gross_profit": null,
            "gross_margin": null,
            "gross_margin_4q_avg": 0,
            "net_income": null,
            "net_income_4q": null,
            "revenue": null,
            "revenue_4q": null,
            "common_shares": 0,
            "book_valuer_per_share": null,
            "book_valuer_per_share_4q_avg": 7.29,
            "equity": 0,
            "current_ratio": null,
            "debt_ratio": null,
            "inventory_turnover_ratio": null,
            "account_receivable_turnover_ratio": null,
            "reinvestment_rate": null,
            "research_to_sale_ratio": null,
            "price_fair": 0,
            "eps_avg_yearly": 0,
            "eps_latest_yearly": 0,
            "eps_growth_yearly": 0
        },
        "20103": {
            "year_quarter": 20103,
            "year": 2010,
            "quarter": 3,
            "eps": null,
            "eps_growth_year": null,
            "eps_4q": null,
            "eps_4q_growth_year": null,
            "roe": null,
            "roe_4q": 0,
            "gross_profit": null,
            "gross_margin": null,
            "gross_margin_4q_avg": 0,
            "net_income": null,
            "net_income_4q": null,
            "revenue": null,
            "revenue_4q": null,
            "common_shares": null,
            "book_valuer_per_share": null,
            "book_valuer_per_share_4q_avg": 7.29,
            "equity": null,
            "current_ratio": null,
            "debt_ratio": null,
            "inventory_turnover_ratio": null,
            "account_receivable_turnover_ratio": null,
            "reinvestment_rate": null,
            "research_to_sale_ratio": null,
            "price_fair": 0,
            "eps_avg_yearly": 0,
            "eps_latest_yearly": 0,
            "eps_growth_yearly": 0
        },
        "20104": {
            "year_quarter": 20104,
            "year": 2010,
            "quarter": 4,
            "eps": null,
            "eps_growth_year": null,
            "eps_4q": null,
            "eps_4q_growth_year": null,
            "roe": null,
            "roe_4q": 0,
            "gross_profit": null,
            "gross_margin": null,
            "gross_margin_4q_avg": 0,
            "net_income": null,
            "net_income_4q": null,
            "revenue": null,
            "revenue_4q": null,
            "common_shares": 175000,
            "book_valuer_per_share": 16.48,
            "book_valuer_per_share_4q_avg": 4.12,
            "equity": 288390,
            "current_ratio": 218.59,
            "debt_ratio": 38.21,
            "inventory_turnover_ratio": null,
            "account_receivable_turnover_ratio": null,
            "reinvestment_rate": null,
            "research_to_sale_ratio": null,
            "price_fair": 0,
            "eps_avg_yearly": 0,
            "eps_latest_yearly": 0,
            "eps_growth_yearly": 0
        },
        "20111": {
            "year_quarter": 20111,
            "year": 2011,
            "quarter": 1,
            "eps": null,
            "eps_growth_year": null,
            "eps_4q": null,
            "eps_4q_growth_year": null,
            "roe": null,
            "roe_4q": 0,
            "gross_profit": 182937,
            "gross_margin": null,
            "gross_margin_4q_avg": 0,
            "net_income": 36939,
            "net_income_4q": null,
            "revenue": 335656,
            "revenue_4q": null,
            "common_shares": 175000,
            "book_valuer_per_share": 17.59,
            "book_valuer_per_share_4q_avg": 8.52,
            "equity": 307829,
            "current_ratio": 198.02,
            "debt_ratio": 38.98,
            "inventory_turnover_ratio": null,
            "account_receivable_turnover_ratio": null,
            "reinvestment_rate": null,
            "research_to_sale_ratio": null,
            "price_fair": 0,
            "eps_avg_yearly": 0,
            "eps_latest_yearly": 0,
            "eps_growth_yearly": 0
        },
        "20112": {
            "year_quarter": 20112,
            "year": 2011,
            "quarter": 2,
            "eps": 2.37,
            "eps_growth_year": null,
            "eps_4q": null,
            "eps_4q_growth_year": null,
            "roe": 12.68,
            "roe_4q": 12.68,
            "gross_profit": 199819,
            "gross_margin": 56.85,
            "gross_margin_4q_avg": 14.21,
            "net_income": 42116,
            "net_income_4q": null,
            "revenue": 351483,
            "revenue_4q": null,
            "common_shares": 177660,
            "book_valuer_per_share": 20.07,
            "book_valuer_per_share_4q_avg": 13.54,
            "equity": 356595,
            "current_ratio": 182.1,
            "debt_ratio": 39.18,
            "inventory_turnover_ratio": 13.83,
            "account_receivable_turnover_ratio": 8.99,
            "reinvestment_rate": null,
            "research_to_sale_ratio": null,
            "price_fair": 0,
            "eps_avg_yearly": 0,
            "eps_latest_yearly": 0,
            "eps_growth_yearly": 0
        },
        "20113": {
            "year_quarter": 20113,
            "year": 2011,
            "quarter": 3,
            "eps": null,
            "eps_growth_year": null,
            "eps_4q": null,
            "eps_4q_growth_year": null,
            "roe": null,
            "roe_4q": 12.68,
            "gross_profit": 234339,
            "gross_margin": null,
            "gross_margin_4q_avg": 14.21,
            "net_income": 50965,
            "net_income_4q": null,
            "revenue": 425244,
            "revenue_4q": null,
            "common_shares": 177660,
            "book_valuer_per_share": 22.94,
            "book_valuer_per_share_4q_avg": 19.27,
            "equity": 407560,
            "current_ratio": 205.56,
            "debt_ratio": 35.03,
            "inventory_turnover_ratio": null,
            "account_receivable_turnover_ratio": null,
            "reinvestment_rate": null,
            "research_to_sale_ratio": null,
            "price_fair": 0,
            "eps_avg_yearly": 0,
            "eps_latest_yearly": 0,
            "eps_growth_yearly": 0
        },
        "20114": {
            "year_quarter": 20114,
            "year": 2011,
            "quarter": 4,
            "eps": null,
            "eps_growth_year": null,
            "eps_4q": null,
            "eps_4q_growth_year": null,
            "roe": null,
            "roe_4q": 12.68,
            "gross_profit": 214879,
            "gross_margin": null,
            "gross_margin_4q_avg": 14.21,
            "net_income": 36182,
            "net_income_4q": null,
            "revenue": 418614,
            "revenue_4q": null,
            "common_shares": 177660,
            "book_valuer_per_share": 24.98,
            "book_valuer_per_share_4q_avg": 21.4,
            "equity": 443742,
            "current_ratio": 191.16,
            "debt_ratio": 37.15,
            "inventory_turnover_ratio": null,
            "account_receivable_turnover_ratio": null,
            "reinvestment_rate": null,
            "research_to_sale_ratio": null,
            "price_fair": 0,
            "eps_avg_yearly": 0,
            "eps_latest_yearly": 0,
            "eps_growth_yearly": 0
        },
        "20121": {
            "year_quarter": 20121,
            "year": 2012,
            "quarter": 1,
            "eps": 2.29,
            "eps_growth_year": null,
            "eps_4q": 4.66,
            "eps_4q_growth_year": null,
            "roe": 8.75,
            "roe_4q": 21.43,
            "gross_profit": 246590,
            "gross_margin": 51.04,
            "gross_margin_4q_avg": 26.97,
            "net_income": 40603,
            "net_income_4q": null,
            "revenue": 483178,
            "revenue_4q": null,
            "common_shares": 177660,
            "book_valuer_per_share": 27.26,
            "book_valuer_per_share_4q_avg": 23.81,
            "equity": 484345,
            "current_ratio": 218.51,
            "debt_ratio": 33.36,
            "inventory_turnover_ratio": 10.79,
            "account_receivable_turnover_ratio": 5.02,
            "reinvestment_rate": null,
            "research_to_sale_ratio": null,
            "price_fair": 0,
            "eps_avg_yearly": 0,
            "eps_latest_yearly": 0,
            "eps_growth_yearly": 0
        },
        "20122": {
            "year_quarter": 20122,
            "year": 2012,
            "quarter": 2,
            "eps": 2.58,
            "eps_growth_year": 9.02,
            "eps_4q": 4.87,
            "eps_4q_growth_year": null,
            "roe": 10.53,
            "roe_4q": 19.28,
            "gross_profit": 246167,
            "gross_margin": 53.05,
            "gross_margin_4q_avg": 26.02,
            "net_income": 45916,
            "net_income_4q": null,
            "revenue": 464070,
            "revenue_4q": null,
            "common_shares": 177660,
            "book_valuer_per_share": 21.85,
            "book_valuer_per_share_4q_avg": 24.26,
            "equity": 388133,
            "current_ratio": 131.83,
            "debt_ratio": 49.92,
            "inventory_turnover_ratio": 16.46,
            "account_receivable_turnover_ratio": 4.54,
            "reinvestment_rate": null,
            "research_to_sale_ratio": null,
            "price_fair": 361.2,
            "eps_avg_yearly": 10.32,
            "eps_latest_yearly": 10.32,
            "eps_growth_yearly": 50.66
        },
        "20123": {
            "year_quarter": 20123,
            "year": 2012,
            "quarter": 3,
            "eps": 2.7,
            "eps_growth_year": null,
            "eps_4q": 6.42,
            "eps_4q_growth_year": null,
            "roe": 6.13,
            "roe_4q": 25.41,
            "gross_profit": 276709,
            "gross_margin": 54.31,
            "gross_margin_4q_avg": 39.6,
            "net_income": 62758,
            "net_income_4q": null,
            "revenue": 509478,
            "revenue_4q": null,
            "common_shares": 232660,
            "book_valuer_per_share": 71.26,
            "book_valuer_per_share_4q_avg": 36.34,
            "equity": 1657890,
            "current_ratio": 843.62,
            "debt_ratio": 10.37,
            "inventory_turnover_ratio": 16.7,
            "account_receivable_turnover_ratio": 4.61,
            "reinvestment_rate": null,
            "research_to_sale_ratio": null,
            "price_fair": 369.6,
            "eps_avg_yearly": 10.56,
            "eps_latest_yearly": 10.8,
            "eps_growth_yearly": 34.63
        },
        "20124": {
            "year_quarter": 20124,
            "year": 2012,
            "quarter": 4,
            "eps": 1.54,
            "eps_growth_year": null,
            "eps_4q": 7.95,
            "eps_4q_growth_year": null,
            "roe": 2.13,
            "roe_4q": 27.54,
            "gross_profit": 232768,
            "gross_margin": 51.42,
            "gross_margin_4q_avg": 52.46,
            "net_income": 35743,
            "net_income_4q": null,
            "revenue": 452662,
            "revenue_4q": null,
            "common_shares": 232660,
            "book_valuer_per_share": 72.79,
            "book_valuer_per_share_4q_avg": 48.29,
            "equity": 1693634,
            "current_ratio": 710.4,
            "debt_ratio": 12.05,
            "inventory_turnover_ratio": 11.6,
            "account_receivable_turnover_ratio": 3.9,
            "reinvestment_rate": null,
            "research_to_sale_ratio": null,
            "price_fair": 27.28,
            "eps_avg_yearly": 9.09,
            "eps_latest_yearly": 6.16,
            "eps_growth_yearly": -34.2
        },
        "20131": {
            "year_quarter": 20131,
            "year": 2013,
            "quarter": 1,
            "eps": 2.86,
            "eps_growth_year": 24.89,
            "eps_4q": 9.06,
            "eps_4q_growth_year": 94.69,
            "roe": 3.87,
            "roe_4q": 22.659999999999997,
            "gross_profit": 287501,
            "gross_margin": 53.27,
            "gross_margin_4q_avg": 53.01,
            "net_income": 66481,
            "net_income_4q": null,
            "revenue": 539690,
            "revenue_4q": null,
            "common_shares": 232660,
            "book_valuer_per_share": 74.97,
            "book_valuer_per_share_4q_avg": 60.22,
            "equity": 1744165,
            "current_ratio": 800.12,
            "debt_ratio": 11.03,
            "inventory_turnover_ratio": 11.9,
            "account_receivable_turnover_ratio": 4.63,
            "reinvestment_rate": null,
            "research_to_sale_ratio": null,
            "price_fair": 338.8,
            "eps_avg_yearly": 9.68,
            "eps_latest_yearly": 11.44,
            "eps_growth_yearly": 60.07
        },
        "20132": {
            "year_quarter": 20132,
            "year": 2013,
            "quarter": 2,
            "eps": 3.12,
            "eps_growth_year": 20.72,
            "eps_4q": 10.22,
            "eps_4q_growth_year": 109.77,
            "roe": 4.31,
            "roe_4q": 16.439999999999998,
            "gross_profit": 305478,
            "gross_margin": 54.35,
            "gross_margin_4q_avg": 53.34,
            "net_income": 72695,
            "net_income_4q": null,
            "revenue": 562042,
            "revenue_4q": null,
            "common_shares": 232660,
            "book_valuer_per_share": 70,
            "book_valuer_per_share_4q_avg": 72.26,
            "equity": 1628511,
            "current_ratio": 375.35,
            "debt_ratio": 21.78,
            "inventory_turnover_ratio": 14.38,
            "account_receivable_turnover_ratio": 4.41,
            "reinvestment_rate": null,
            "research_to_sale_ratio": null,
            "price_fair": 358.4,
            "eps_avg_yearly": 10.24,
            "eps_latest_yearly": 12.48,
            "eps_growth_yearly": 55.33
        },
        "20133": {
            "year_quarter": 20133,
            "year": 2013,
            "quarter": 3,
            "eps": 3.23,
            "eps_growth_year": 19.74,
            "eps_4q": 10.75,
            "eps_4q_growth_year": 67.57,
            "roe": 4.52,
            "roe_4q": 14.829999999999998,
            "gross_profit": 330441,
            "gross_margin": 53.82,
            "gross_margin_4q_avg": 53.22,
            "net_income": 75220,
            "net_income_4q": null,
            "revenue": 613944,
            "revenue_4q": null,
            "common_shares": 232660,
            "book_valuer_per_share": 73.2,
            "book_valuer_per_share_4q_avg": 72.74,
            "equity": 1703180,
            "current_ratio": 577.3,
            "debt_ratio": 14.29,
            "inventory_turnover_ratio": 8.22,
            "account_receivable_turnover_ratio": 4.67,
            "reinvestment_rate": null,
            "research_to_sale_ratio": null,
            "price_fair": 374.03,
            "eps_avg_yearly": 10.69,
            "eps_latest_yearly": 12.92,
            "eps_growth_yearly": 48.46
        },
        "20134": {
            "year_quarter": 20134,
            "year": 2013,
            "quarter": 4,
            "eps": 1.29,
            "eps_growth_year": -16.14,
            "eps_4q": 10.5,
            "eps_4q_growth_year": 32.08,
            "roe": 1.74,
            "roe_4q": 14.440000000000001,
            "gross_profit": 295027,
            "gross_margin": 49.86,
            "gross_margin_4q_avg": 52.83,
            "net_income": 29975,
            "net_income_4q": null,
            "revenue": 591697,
            "revenue_4q": null,
            "common_shares": 232660,
            "book_valuer_per_share": 74.62,
            "book_valuer_per_share_4q_avg": 73.2,
            "equity": 1736061,
            "current_ratio": 500.09,
            "debt_ratio": 15.74,
            "inventory_turnover_ratio": 4.86,
            "account_receivable_turnover_ratio": 4.46,
            "reinvestment_rate": null,
            "research_to_sale_ratio": null,
            "price_fair": 170.35,
            "eps_avg_yearly": 9.9,
            "eps_latest_yearly": 5.16,
            "eps_growth_yearly": 7.21
        },
        "20141": {
            "year_quarter": 20141,
            "year": 2014,
            "quarter": 1,
            "eps": 3.54,
            "eps_growth_year": 23.78,
            "eps_4q": 11.18,
            "eps_4q_growth_year": 23.38,
            "roe": 4.63,
            "roe_4q": 15.2,
            "gross_profit": 378422,
            "gross_margin": 52.74,
            "gross_margin_4q_avg": 52.69,
            "net_income": 82314,
            "net_income_4q": null,
            "revenue": 717519,
            "revenue_4q": null,
            "common_shares": 232660,
            "book_valuer_per_share": 78.17,
            "book_valuer_per_share_4q_avg": 74,
            "equity": 1818752,
            "current_ratio": 577.97,
            "debt_ratio": 13.61,
            "inventory_turnover_ratio": 5.61,
            "account_receivable_turnover_ratio": 5.18,
            "reinvestment_rate": null,
            "research_to_sale_ratio": null,
            "price_fair": 365.05,
            "eps_avg_yearly": 10.43,
            "eps_latest_yearly": 14.16,
            "eps_growth_yearly": 93.52
        },
        "20142": {
            "year_quarter": 20142,
            "year": 2014,
            "quarter": 2,
            "eps": 2.8,
            "eps_growth_year": -10.26,
            "eps_4q": 10.86,
            "eps_4q_growth_year": 6.29,
            "roe": 3.72,
            "roe_4q": 14.61,
            "gross_profit": 363488,
            "gross_margin": 51.9,
            "gross_margin_4q_avg": 52.08,
            "net_income": 65126,
            "net_income_4q": null,
            "revenue": 700310,
            "revenue_4q": null,
            "common_shares": 232660,
            "book_valuer_per_share": 72.2,
            "book_valuer_per_share_4q_avg": 74.55,
            "equity": 1679891,
            "current_ratio": 300.41,
            "debt_ratio": 23.39,
            "inventory_turnover_ratio": 8.39,
            "account_receivable_turnover_ratio": 4.84,
            "reinvestment_rate": null,
            "research_to_sale_ratio": null,
            "price_fair": 368.04,
            "eps_avg_yearly": 10.52,
            "eps_latest_yearly": 11.2,
            "eps_growth_yearly": 73.84
        },
        "20143": {
            "year_quarter": 20143,
            "year": 2014,
            "quarter": 3,
            "eps": 3.3,
            "eps_growth_year": 2.17,
            "eps_4q": 10.93,
            "eps_4q_growth_year": 1.64,
            "roe": 4.47,
            "roe_4q": 14.56,
            "gross_profit": 406362,
            "gross_margin": 51.91,
            "gross_margin_4q_avg": 51.6,
            "net_income": 76826,
            "net_income_4q": null,
            "revenue": 782786,
            "revenue_4q": null,
            "common_shares": 232660,
            "book_valuer_per_share": 75.61,
            "book_valuer_per_share_4q_avg": 75.15,
            "equity": 1759174,
            "current_ratio": 406.31,
            "debt_ratio": 16.3,
            "inventory_turnover_ratio": 9.3,
            "account_receivable_turnover_ratio": 5.19,
            "reinvestment_rate": null,
            "research_to_sale_ratio": null,
            "price_fair": 377.44,
            "eps_avg_yearly": 10.78,
            "eps_latest_yearly": 13.2,
            "eps_growth_yearly": 73.6
        },
        "20144": {
            "year_quarter": 20144,
            "year": 2014,
            "quarter": 4,
            "eps": 1.26,
            "eps_growth_year": -2.59,
            "eps_4q": 10.89,
            "eps_4q_growth_year": 3.72,
            "roe": 1.64,
            "roe_4q": 14.46,
            "gross_profit": 347092,
            "gross_margin": 49.25,
            "gross_margin_4q_avg": 51.45,
            "net_income": 29200,
            "net_income_4q": null,
            "revenue": 704804,
            "revenue_4q": null,
            "common_shares": 232660,
            "book_valuer_per_share": 77.07,
            "book_valuer_per_share_4q_avg": 75.76,
            "equity": 1793225,
            "current_ratio": 345.67,
            "debt_ratio": 18.23,
            "inventory_turnover_ratio": 5.39,
            "account_receivable_turnover_ratio": 4.82,
            "reinvestment_rate": 67.72,
            "research_to_sale_ratio": null,
            "price_fair": 359.16,
            "eps_avg_yearly": 10.26,
            "eps_latest_yearly": 5.04,
            "eps_growth_yearly": 44.43
        },
        "20151": {
            "year_quarter": 20151,
            "year": 2015,
            "quarter": 1,
            "eps": 3.36,
            "eps_growth_year": -5.08,
            "eps_4q": 10.71,
            "eps_4q_growth_year": -4.21,
            "roe": 4.26,
            "roe_4q": 14.09,
            "gross_profit": 445886,
            "gross_margin": 51.43,
            "gross_margin_4q_avg": 51.12,
            "net_income": 78106,
            "net_income_4q": null,
            "revenue": 866939,
            "revenue_4q": null,
            "common_shares": 232660,
            "book_valuer_per_share": 80.38,
            "book_valuer_per_share_4q_avg": 76.32,
            "equity": 1870028,
            "current_ratio": 374.56,
            "debt_ratio": 16.52,
            "inventory_turnover_ratio": 5.78,
            "account_receivable_turnover_ratio": 5.67,
            "reinvestment_rate": 69.25,
            "research_to_sale_ratio": null,
            "price_fair": 368.43,
            "eps_avg_yearly": 10.53,
            "eps_latest_yearly": 13.44,
            "eps_growth_yearly": 96.28
        },
        "20152": {
            "year_quarter": 20152,
            "year": 2015,
            "quarter": 2,
            "eps": 3.57,
            "eps_growth_year": 27.5,
            "eps_4q": 11.48,
            "eps_4q_growth_year": 5.72,
            "roe": 4.62,
            "roe_4q": 14.989999999999998,
            "gross_profit": 446628,
            "gross_margin": 52.5,
            "gross_margin_4q_avg": 51.27,
            "net_income": 82966,
            "net_income_4q": null,
            "revenue": 850762,
            "revenue_4q": null,
            "common_shares": 232660,
            "book_valuer_per_share": 73.84,
            "book_valuer_per_share_4q_avg": 76.73,
            "equity": 1718062,
            "current_ratio": 225.95,
            "debt_ratio": 26.65,
            "inventory_turnover_ratio": 6.34,
            "account_receivable_turnover_ratio": 5.16,
            "reinvestment_rate": 66.03,
            "research_to_sale_ratio": null,
            "price_fair": 378.54,
            "eps_avg_yearly": 10.82,
            "eps_latest_yearly": 14.28,
            "eps_growth_yearly": 90.8
        },
        "20153": {
            "year_quarter": 20153,
            "year": 2015,
            "quarter": 3,
            "eps": 3.13,
            "eps_growth_year": -5.15,
            "eps_4q": 11.31,
            "eps_4q_growth_year": 3.48,
            "roe": 4.14,
            "roe_4q": 14.66,
            "gross_profit": 462876,
            "gross_margin": 51.97,
            "gross_margin_4q_avg": 51.29,
            "net_income": 72810,
            "net_income_4q": null,
            "revenue": 890674,
            "revenue_4q": null,
            "common_shares": 232660,
            "book_valuer_per_share": 77.24,
            "book_valuer_per_share_4q_avg": 77.13,
            "equity": 1797165,
            "current_ratio": 323.47,
            "debt_ratio": 18.12,
            "inventory_turnover_ratio": 5.35,
            "account_receivable_turnover_ratio": 5.54,
            "reinvestment_rate": 71.43,
            "research_to_sale_ratio": null,
            "price_fair": 382.8,
            "eps_avg_yearly": 10.94,
            "eps_latest_yearly": 12.52,
            "eps_growth_yearly": 80.79
        },
        "20154": {
            "year_quarter": 20154,
            "year": 2015,
            "quarter": 4,
            "eps": 1.95,
            "eps_growth_year": 55.23,
            "eps_4q": 12,
            "eps_4q_growth_year": 10.16,
            "roe": 2.5,
            "roe_4q": 15.52,
            "gross_profit": 423591,
            "gross_margin": 50.17,
            "gross_margin_4q_avg": 51.52,
            "net_income": 45326,
            "net_income_4q": null,
            "revenue": 844234,
            "revenue_4q": null,
            "common_shares": 232660,
            "book_valuer_per_share": 78.88,
            "book_valuer_per_share_4q_avg": 77.59,
            "equity": 1835168,
            "current_ratio": 290.29,
            "debt_ratio": 19.74,
            "inventory_turnover_ratio": 4.07,
            "account_receivable_turnover_ratio": 5.28,
            "reinvestment_rate": 72.83,
            "research_to_sale_ratio": null,
            "price_fair": 375.48,
            "eps_avg_yearly": 10.73,
            "eps_latest_yearly": 7.8,
            "eps_growth_yearly": 65.35
        },
        "20161": {
            "year_quarter": 20161,
            "year": 2016,
            "quarter": 1,
            "eps": 3.72,
            "eps_growth_year": 10.71,
            "eps_4q": 12.36,
            "eps_4q_growth_year": 15.4,
            "roe": 4.61,
            "roe_4q": 15.870000000000001,
            "gross_profit": 513112,
            "gross_margin": 51.45,
            "gross_margin_4q_avg": 51.52,
            "net_income": 86547,
            "net_income_4q": null,
            "revenue": 997396,
            "revenue_4q": null,
            "common_shares": 232660,
            "book_valuer_per_share": 82.48,
            "book_valuer_per_share_4q_avg": 78.11,
            "equity": 1919079,
            "current_ratio": 316.39,
            "debt_ratio": 18.48,
            "inventory_turnover_ratio": 5.33,
            "account_receivable_turnover_ratio": 6,
            "reinvestment_rate": 72.27,
            "research_to_sale_ratio": null,
            "price_fair": 384.56,
            "eps_avg_yearly": 10.99,
            "eps_latest_yearly": 14.88,
            "eps_growth_yearly": 83.96
        },
        "20162": {
            "year_quarter": 20162,
            "year": 2016,
            "quarter": 2,
            "eps": 3.6,
            "eps_growth_year": 0.84,
            "eps_4q": 12.39,
            "eps_4q_growth_year": 7.95,
            "roe": 4.56,
            "roe_4q": 15.809999999999999,
            "gross_profit": 494289,
            "gross_margin": 52.03,
            "gross_margin_4q_avg": 51.41,
            "net_income": 83654,
            "net_income_4q": null,
            "revenue": 950091,
            "revenue_4q": null,
            "common_shares": 232660,
            "book_valuer_per_share": 75.29,
            "book_valuer_per_share_4q_avg": 78.47,
            "equity": 1751764,
            "current_ratio": 218.28,
            "debt_ratio": 27.13,
            "inventory_turnover_ratio": 7.56,
            "account_receivable_turnover_ratio": 5.39,
            "reinvestment_rate": 65.1,
            "research_to_sale_ratio": null,
            "price_fair": 393.49,
            "eps_avg_yearly": 11.24,
            "eps_latest_yearly": 14.4,
            "eps_growth_yearly": 79.99
        },
        "20163": {
            "year_quarter": 20163,
            "year": 2016,
            "quarter": 3,
            "eps": 4.05,
            "eps_growth_year": 29.39,
            "eps_4q": 13.32,
            "eps_4q_growth_year": 17.76,
            "roe": 5.23,
            "roe_4q": 16.9,
            "gross_profit": 541029,
            "gross_margin": 53.83,
            "gross_margin_4q_avg": 51.87,
            "net_income": 94289,
            "net_income_4q": null,
            "revenue": 1005125,
            "revenue_4q": null,
            "common_shares": 232660,
            "book_valuer_per_share": 79.1,
            "book_valuer_per_share_4q_avg": 78.94,
            "equity": 1853453,
            "current_ratio": 260.86,
            "debt_ratio": 19.7,
            "inventory_turnover_ratio": 7.6,
            "account_receivable_turnover_ratio": 5.26,
            "reinvestment_rate": 62.77,
            "research_to_sale_ratio": null,
            "price_fair": 405.3,
            "eps_avg_yearly": 11.58,
            "eps_latest_yearly": 16.2,
            "eps_growth_yearly": 81.95
        },
        "20164": {
            "year_quarter": 20164,
            "year": 2016,
            "quarter": 4,
            "eps": 1.75,
            "eps_growth_year": -9.92,
            "eps_4q": 13.12,
            "eps_4q_growth_year": 9.35,
            "roe": 2.17,
            "roe_4q": 16.57,
            "gross_profit": 455641,
            "gross_margin": 50.58,
            "gross_margin_4q_avg": 51.97,
            "net_income": 40771,
            "net_income_4q": null,
            "revenue": 900865,
            "revenue_4q": null,
            "common_shares": 232660,
            "book_valuer_per_share": 80.93,
            "book_valuer_per_share_4q_avg": 79.45,
            "equity": 1895931,
            "current_ratio": 212.22,
            "debt_ratio": 18.95,
            "inventory_turnover_ratio": 5.43,
            "account_receivable_turnover_ratio": 4.5,
            "reinvestment_rate": 68.99,
            "research_to_sale_ratio": null,
            "price_fair": 407.14,
            "eps_avg_yearly": 11.63,
            "eps_latest_yearly": 7,
            "eps_growth_yearly": 78.49
        },
        "20171": {
            "year_quarter": 20171,
            "year": 2017,
            "quarter": 1,
            "eps": 3.77,
            "eps_growth_year": 1.34,
            "eps_4q": 13.17,
            "eps_4q_growth_year": 6.52,
            "roe": 4.53,
            "roe_4q": 16.49,
            "gross_profit": 552448,
            "gross_margin": 52.83,
            "gross_margin_4q_avg": 52.32,
            "net_income": 87609,
            "net_income_4q": null,
            "revenue": 1045707,
            "revenue_4q": null,
            "common_shares": 232660,
            "book_valuer_per_share": 84.32,
            "book_valuer_per_share_4q_avg": 79.91,
            "equity": 1974623,
            "current_ratio": 226.77,
            "debt_ratio": 18.69,
            "inventory_turnover_ratio": 5.86,
            "account_receivable_turnover_ratio": 5.31,
            "reinvestment_rate": 92.62,
            "research_to_sale_ratio": null,
            "price_fair": 415.1,
            "eps_avg_yearly": 11.86,
            "eps_latest_yearly": 15.08,
            "eps_growth_yearly": 85.92
        },
        "20172": {
            "year_quarter": 20172,
            "year": 2017,
            "quarter": 2,
            "eps": 3.68,
            "eps_growth_year": 2.22,
            "eps_4q": 13.25,
            "eps_4q_growth_year": 6.93,
            "roe": 4.54,
            "roe_4q": 16.47,
            "gross_profit": 544138,
            "gross_margin": 54.11,
            "gross_margin_4q_avg": 52.84,
            "net_income": 85513,
            "net_income_4q": null,
            "revenue": 1005623,
            "revenue_4q": null,
            "common_shares": 232660,
            "book_valuer_per_share": 76.53,
            "book_valuer_per_share_4q_avg": 80.22,
            "equity": 1793317,
            "current_ratio": 154.91,
            "debt_ratio": 27.93,
            "inventory_turnover_ratio": 6.81,
            "account_receivable_turnover_ratio": 5.25,
            "reinvestment_rate": 87.36,
            "research_to_sale_ratio": null,
            "price_fair": 420,
            "eps_avg_yearly": 12,
            "eps_latest_yearly": 14.72,
            "eps_growth_yearly": 83.05
        },
        "20173": {
            "year_quarter": 20173,
            "year": 2017,
            "quarter": 3,
            "eps": 4.13,
            "eps_growth_year": 1.98,
            "eps_4q": 13.34,
            "eps_4q_growth_year": 0.16,
            "roe": 5.21,
            "roe_4q": 16.450000000000003,
            "gross_profit": 571309,
            "gross_margin": 54.13,
            "gross_margin_4q_avg": 52.91,
            "net_income": 96025,
            "net_income_4q": null,
            "revenue": 1055407,
            "revenue_4q": null,
            "common_shares": 232660,
            "book_valuer_per_share": 80.77,
            "book_valuer_per_share_4q_avg": 80.64,
            "equity": 1891809,
            "current_ratio": 219.73,
            "debt_ratio": 18.2,
            "inventory_turnover_ratio": 6.69,
            "account_receivable_turnover_ratio": 5.39,
            "reinvestment_rate": 82.5,
            "research_to_sale_ratio": null,
            "price_fair": 427.88,
            "eps_avg_yearly": 12.23,
            "eps_latest_yearly": 16.52,
            "eps_growth_yearly": 85.23
        },
        "20174": {
            "year_quarter": 20174,
            "year": 2017,
            "quarter": 4,
            "eps": 2.54,
            "eps_growth_year": 44.73,
            "eps_4q": 14.12,
            "eps_4q_growth_year": 7.62,
            "roe": 3.07,
            "roe_4q": 17.35,
            "gross_profit": 522000,
            "gross_margin": 52.2,
            "gross_margin_4q_avg": 53.32,
            "net_income": 59042,
            "net_income_4q": null,
            "revenue": 999978,
            "revenue_4q": null,
            "common_shares": 232660,
            "book_valuer_per_share": 83.33,
            "book_valuer_per_share_4q_avg": 81.24,
            "equity": 1951399,
            "current_ratio": 222.16,
            "debt_ratio": 18.91,
            "inventory_turnover_ratio": 4.68,
            "account_receivable_turnover_ratio": 4.55,
            "reinvestment_rate": 75.59,
            "research_to_sale_ratio": null,
            "price_fair": 438.81,
            "eps_avg_yearly": 12.54,
            "eps_latest_yearly": 10.16,
            "eps_growth_yearly": 90.62
        },
        "20181": {
            "year_quarter": 20181,
            "year": 2018,
            "quarter": 1,
            "eps": 3.95,
            "eps_growth_year": 4.77,
            "eps_4q": 14.3,
            "eps_4q_growth_year": 8.61,
            "roe": 4.59,
            "roe_4q": 17.41,
            "gross_profit": 574821,
            "gross_margin": 53.73,
            "gross_margin_4q_avg": 53.54,
            "net_income": 91785,
            "net_income_4q": null,
            "revenue": 1069887,
            "revenue_4q": null,
            "common_shares": 232660,
            "book_valuer_per_share": 87.42,
            "book_valuer_per_share_4q_avg": 82.01,
            "equity": 2046367,
            "current_ratio": 256.45,
            "debt_ratio": 17.57,
            "inventory_turnover_ratio": 4.49,
            "account_receivable_turnover_ratio": 4.77,
            "reinvestment_rate": 71.45,
            "research_to_sale_ratio": null,
            "price_fair": 442.4,
            "eps_avg_yearly": 12.64,
            "eps_latest_yearly": 15.8,
            "eps_growth_yearly": 60.89
        },
        "20182": {
            "year_quarter": 20182,
            "year": 2018,
            "quarter": 2,
            "eps": 4.2,
            "eps_growth_year": 14.13,
            "eps_4q": 14.82,
            "eps_4q_growth_year": 11.87,
            "roe": 4.98,
            "roe_4q": 17.85,
            "gross_profit": 574675,
            "gross_margin": 54.43,
            "gross_margin_4q_avg": 53.62,
            "net_income": 96870,
            "net_income_4q": null,
            "revenue": 1055774,
            "revenue_4q": null,
            "common_shares": 232660,
            "book_valuer_per_share": 78.92,
            "book_valuer_per_share_4q_avg": 82.61,
            "equity": 1847834,
            "current_ratio": 164.65,
            "debt_ratio": 28.78,
            "inventory_turnover_ratio": 4.98,
            "account_receivable_turnover_ratio": 4.62,
            "reinvestment_rate": 54.96,
            "research_to_sale_ratio": null,
            "price_fair": 454.65,
            "eps_avg_yearly": 12.99,
            "eps_latest_yearly": 16.8,
            "eps_growth_yearly": 67.7
        },
        "20183": {
            "year_quarter": 20183,
            "year": 2018,
            "quarter": 3,
            "eps": 4.94,
            "eps_growth_year": 19.61,
            "eps_4q": 15.63,
            "eps_4q_growth_year": 17.18,
            "roe": 6.07,
            "roe_4q": 18.71,
            "gross_profit": 628893,
            "gross_margin": 54.83,
            "gross_margin_4q_avg": 53.8,
            "net_income": 115438,
            "net_income_4q": null,
            "revenue": 1146989,
            "revenue_4q": null,
            "common_shares": 232660,
            "book_valuer_per_share": 83.58,
            "book_valuer_per_share_4q_avg": 83.31,
            "equity": 1956655,
            "current_ratio": 208.37,
            "debt_ratio": 20.24,
            "inventory_turnover_ratio": 6.25,
            "account_receivable_turnover_ratio": 4.51,
            "reinvestment_rate": 55.08,
            "research_to_sale_ratio": null,
            "price_fair": 469,
            "eps_avg_yearly": 13.4,
            "eps_latest_yearly": 19.76,
            "eps_growth_yearly": 67.64
        },
        "20184": {
            "year_quarter": 20184,
            "year": 2018,
            "quarter": 4,
            "eps": 2.08,
            "eps_growth_year": -18.18,
            "eps_4q": 15.17,
            "eps_4q_growth_year": 7.4,
            "roe": 2.45,
            "roe_4q": 18.09,
            "gross_profit": 537402,
            "gross_margin": 52.27,
            "gross_margin_4q_avg": 53.82,
            "net_income": 48520,
            "net_income_4q": null,
            "revenue": 1028042,
            "revenue_4q": null,
            "common_shares": 232660,
            "book_valuer_per_share": 85.71,
            "book_valuer_per_share_4q_avg": 83.91,
            "equity": 2006386,
            "current_ratio": 189.26,
            "debt_ratio": 21.46,
            "inventory_turnover_ratio": 4.96,
            "account_receivable_turnover_ratio": 3.99,
            "reinvestment_rate": 57.79,
            "research_to_sale_ratio": null,
            "price_fair": 476.18,
            "eps_avg_yearly": 13.61,
            "eps_latest_yearly": 8.32,
            "eps_growth_yearly": 68.62
        },
        "20191": {
            "year_quarter": 20191,
            "year": 2019,
            "quarter": 1,
            "eps": 4.75,
            "eps_growth_year": 20.25,
            "eps_4q": 15.97,
            "eps_4q_growth_year": 11.65,
            "roe": 5.32,
            "roe_4q": 18.82,
            "gross_profit": 679280,
            "gross_margin": 54.3,
            "gross_margin_4q_avg": 53.96,
            "net_income": 109818,
            "net_income_4q": null,
            "revenue": 1250890,
            "revenue_4q": null,
            "common_shares": 232660,
            "book_valuer_per_share": 90.67,
            "book_valuer_per_share_4q_avg": 84.72,
            "equity": 2121053,
            "current_ratio": 118.32,
            "debt_ratio": 56.84,
            "inventory_turnover_ratio": 4.76,
            "account_receivable_turnover_ratio": 4.65,
            "reinvestment_rate": 53.06,
            "research_to_sale_ratio": null,
            "price_fair": 488.34,
            "eps_avg_yearly": 13.95,
            "eps_latest_yearly": 19,
            "eps_growth_yearly": 59.05
        },
        "20192": {
            "year_quarter": 20192,
            "year": 2019,
            "quarter": 2,
            "eps": 3.8,
            "eps_growth_year": -9.52,
            "eps_4q": 15.57,
            "eps_4q_growth_year": 5,
            "roe": 4.35,
            "roe_4q": 18.19,
            "gross_profit": 647140,
            "gross_margin": 53.16,
            "gross_margin_4q_avg": 53.64,
            "net_income": 87305,
            "net_income_4q": null,
            "revenue": 1217367,
            "revenue_4q": null,
            "common_shares": 232660,
            "book_valuer_per_share": 80.75,
            "book_valuer_per_share_4q_avg": 85.18,
            "equity": 1889354,
            "current_ratio": 89.45,
            "debt_ratio": 62.44,
            "inventory_turnover_ratio": 4.66,
            "account_receivable_turnover_ratio": 4.18,
            "reinvestment_rate": 53.32,
            "research_to_sale_ratio": null,
            "price_fair": 490.35,
            "eps_avg_yearly": 14.01,
            "eps_latest_yearly": 15.2,
            "eps_growth_yearly": 52.48
        },
        "20193": {
            "year_quarter": 20193,
            "year": 2019,
            "quarter": 3,
            "eps": 4.95,
            "eps_growth_year": 0.2,
            "eps_4q": 15.57,
            "eps_4q_growth_year": -0.38,
            "roe": 5.92,
            "roe_4q": 18.04,
            "gross_profit": 684567,
            "gross_margin": 53.19,
            "gross_margin_4q_avg": 53.23,
            "net_income": 115128,
            "net_income_4q": null,
            "revenue": 1287111,
            "revenue_4q": null,
            "common_shares": 232660,
            "book_valuer_per_share": 85.39,
            "book_valuer_per_share_4q_avg": 85.63,
            "equity": 1997172,
            "current_ratio": 100.07,
            "debt_ratio": 58.65,
            "inventory_turnover_ratio": 5,
            "account_receivable_turnover_ratio": 4.39,
            "reinvestment_rate": 45.28,
            "research_to_sale_ratio": null,
            "price_fair": 506.28,
            "eps_avg_yearly": 14.47,
            "eps_latest_yearly": 19.8,
            "eps_growth_yearly": 63.13
        },
        "20194": {
            "year_quarter": 20194,
            "year": 2019,
            "quarter": 4,
            "eps": 2.02,
            "eps_growth_year": -2.99,
            "eps_4q": 15.51,
            "eps_4q_growth_year": 2.25,
            "roe": 2.25,
            "roe_4q": 17.84,
            "gross_profit": 585796,
            "gross_margin": 51.2,
            "gross_margin_4q_avg": 52.96,
            "net_income": 46393,
            "net_income_4q": null,
            "revenue": 1144175,
            "revenue_4q": null,
            "common_shares": 232660,
            "book_valuer_per_share": 90.8,
            "book_valuer_per_share_4q_avg": 86.9,
            "equity": 2122539,
            "current_ratio": 177.49,
            "debt_ratio": 63.91,
            "inventory_turnover_ratio": 4.45,
            "account_receivable_turnover_ratio": 4.2,
            "reinvestment_rate": 46.54,
            "research_to_sale_ratio": null,
            "price_fair": 506.89,
            "eps_avg_yearly": 14.48,
            "eps_latest_yearly": 8.08,
            "eps_growth_yearly": 57.76
        },
        "20201": {
            "year_quarter": 20201,
            "year": 2020,
            "quarter": 1,
            "eps": 1.25,
            "eps_growth_year": -73.68,
            "eps_4q": 12.01,
            "eps_4q_growth_year": -24.83,
            "roe": 1.34,
            "roe_4q": 13.86,
            "gross_profit": 547157,
            "gross_margin": 49.87,
            "gross_margin_4q_avg": 51.86,
            "net_income": 28535,
            "net_income_4q": null,
            "revenue": 1097058,
            "revenue_4q": null,
            "common_shares": 232660,
            "book_valuer_per_share": 91.97,
            "book_valuer_per_share_4q_avg": 87.23,
            "equity": 2149429,
            "current_ratio": 200.28,
            "debt_ratio": 62.32,
            "inventory_turnover_ratio": 4.12,
            "account_receivable_turnover_ratio": 5.29,
            "reinvestment_rate": 45.89,
            "research_to_sale_ratio": null,
            "price_fair": 485.28,
            "eps_avg_yearly": 13.87,
            "eps_latest_yearly": 5,
            "eps_growth_yearly": 25.53
        },
        "20202": {
            "year_quarter": 20202,
            "year": 2020,
            "quarter": 2,
            "eps": 2.18,
            "eps_growth_year": -42.63,
            "eps_4q": 10.39,
            "eps_4q_growth_year": -33.27,
            "roe": 2.05,
            "roe_4q": 11.559999999999999,
            "gross_profit": 539187,
            "gross_margin": 52.34,
            "gross_margin_4q_avg": 51.65,
            "net_income": 42120,
            "net_income_4q": null,
            "revenue": 1030098,
            "revenue_4q": null,
            "common_shares": 232660,
            "book_valuer_per_share": 84.07,
            "book_valuer_per_share_4q_avg": 88.06,
            "equity": 1956968,
            "current_ratio": 181.9,
            "debt_ratio": 64.66,
            "inventory_turnover_ratio": 4.2,
            "account_receivable_turnover_ratio": 5.2,
            "reinvestment_rate": 43.17,
            "research_to_sale_ratio": null,
            "price_fair": 472.85,
            "eps_avg_yearly": 13.51,
            "eps_latest_yearly": 8.72,
            "eps_growth_yearly": 44.94
        },
        "20203": {
            "year_quarter": 20203,
            "year": 2020,
            "quarter": 3,
            "eps": 7.61,
            "eps_growth_year": 53.74,
            "eps_4q": 13.11,
            "eps_4q_growth_year": -15.79,
            "roe": 8.69,
            "roe_4q": 14.329999999999998,
            "gross_profit": 721749,
            "gross_margin": 56.01,
            "gross_margin_4q_avg": 52.36,
            "net_income": 176675,
            "net_income_4q": null,
            "revenue": 1288624,
            "revenue_4q": null,
            "common_shares": 232663,
            "book_valuer_per_share": 91.06,
            "book_valuer_per_share_4q_avg": 89.48,
            "equity": 2108862,
            "current_ratio": 193.11,
            "debt_ratio": 61.87,
            "inventory_turnover_ratio": 5.56,
            "account_receivable_turnover_ratio": 5.4,
            "reinvestment_rate": 42.84,
            "research_to_sale_ratio": null,
            "price_fair": 504,
            "eps_avg_yearly": 14.4,
            "eps_latest_yearly": 30.44,
            "eps_growth_yearly": 104.09
        },
        "20204": {
            "year_quarter": 20204,
            "year": 2020,
            "quarter": 4,
            "eps": 4.94,
            "eps_growth_year": 145.18,
            "eps_4q": 16.15,
            "eps_4q_growth_year": 4.15,
            "roe": 5.3,
            "roe_4q": 17.38,
            "gross_profit": 642484,
            "gross_margin": 53.76,
            "gross_margin_4q_avg": 53,
            "net_income": 113143,
            "net_income_4q": null,
            "revenue": 1195024,
            "revenue_4q": null,
            "common_shares": 232663,
            "book_valuer_per_share": 94.55,
            "book_valuer_per_share_4q_avg": 90.41,
            "equity": 2164580,
            "current_ratio": 108.3,
            "debt_ratio": 61.83,
            "inventory_turnover_ratio": 5.17,
            "account_receivable_turnover_ratio": 4.74,
            "reinvestment_rate": 18.06,
            "research_to_sale_ratio": null,
            "price_fair": 531.91,
            "eps_avg_yearly": 15.2,
            "eps_latest_yearly": 19.76,
            "eps_growth_yearly": 109.51
        },
        "20211": {
            "year_quarter": 20211,
            "year": 2021,
            "quarter": 1,
            "eps": 5.45,
            "eps_growth_year": 336,
            "eps_4q": 20.34,
            "eps_4q_growth_year": 69.41,
            "roe": 5.6,
            "roe_4q": 21.639999999999997,
            "gross_profit": 683407,
            "gross_margin": 53.99,
            "gross_margin_4q_avg": 54.03,
            "net_income": 124800,
            "net_income_4q": null,
            "revenue": 1265871,
            "revenue_4q": null,
            "common_shares": 232663,
            "book_valuer_per_share": 100.28,
            "book_valuer_per_share_4q_avg": 92.49,
            "equity": 2295654,
            "current_ratio": 116.2,
            "debt_ratio": 59.4,
            "inventory_turnover_ratio": 4.86,
            "account_receivable_turnover_ratio": 4.86,
            "reinvestment_rate": 17.41,
            "research_to_sale_ratio": null,
            "price_fair": 546.61,
            "eps_avg_yearly": 15.62,
            "eps_latest_yearly": 21.8,
            "eps_growth_yearly": 83.24
        },
        "20212": {
            "year_quarter": 20212,
            "year": 2021,
            "quarter": 2,
            "eps": -0.86,
            "eps_growth_year": -139.45,
            "eps_4q": 17.26,
            "eps_4q_growth_year": 66.19,
            "roe": -0.86,
            "roe_4q": 18.729999999999997,
            "gross_profit": 442808,
            "gross_margin": 47.78,
            "gross_margin_4q_avg": 52.89,
            "net_income": -19690,
            "net_income_4q": null,
            "revenue": 926845,
            "revenue_4q": null,
            "common_shares": 232667,
            "book_valuer_per_share": 99.2,
            "book_valuer_per_share_4q_avg": 96.27,
            "equity": 2271070,
            "current_ratio": 119.56,
            "debt_ratio": 58.91,
            "inventory_turnover_ratio": 3.87,
            "account_receivable_turnover_ratio": 5.06,
            "reinvestment_rate": 18.76,
            "research_to_sale_ratio": null,
            "price_fair": 548.71,
            "eps_avg_yearly": 15.68,
            "eps_latest_yearly": 21.8,
            "eps_growth_yearly": 89.42
        },
        "20213": {
            "year_quarter": 20213,
            "year": 2021,
            "quarter": 3,
            "eps": -1.06,
            "eps_growth_year": -113.93,
            "eps_4q": 8.48,
            "eps_4q_growth_year": -35.35,
            "roe": -1.16,
            "roe_4q": 8.879999999999999,
            "gross_profit": 351045,
            "gross_margin": 41.55,
            "gross_margin_4q_avg": 49.27,
            "net_income": -24170,
            "net_income_4q": null,
            "revenue": 844866,
            "revenue_4q": null,
            "common_shares": 232667,
            "book_valuer_per_share": 83.58,
            "book_valuer_per_share_4q_avg": 94.4,
            "equity": 1913439,
            "current_ratio": 97.58,
            "debt_ratio": 65.21,
            "inventory_turnover_ratio": 4.07,
            "account_receivable_turnover_ratio": 5.23,
            "reinvestment_rate": 27.25,
            "research_to_sale_ratio": null,
            "price_fair": 546.6,
            "eps_avg_yearly": 15.62,
            "eps_latest_yearly": 21.8,
            "eps_growth_yearly": 92.32
        },
        "20214": {
            "year_quarter": 20214,
            "year": 2021,
            "quarter": 4,
            "eps": 3.5,
            "eps_growth_year": -29.15,
            "eps_4q": 7.04,
            "eps_4q_growth_year": -56.43,
            "roe": 4.1,
            "roe_4q": 7.68,
            "gross_profit": 621526,
            "gross_margin": 52.15,
            "gross_margin_4q_avg": 48.87,
            "net_income": 80165,
            "net_income_4q": null,
            "revenue": 1191831,
            "revenue_4q": null,
            "common_shares": 232667,
            "book_valuer_per_share": 87.03,
            "book_valuer_per_share_4q_avg": 92.52,
            "equity": 1992482,
            "current_ratio": 96.33,
            "debt_ratio": 62.67,
            "inventory_turnover_ratio": 4.08,
            "account_receivable_turnover_ratio": 4.8,
            "reinvestment_rate": 31.31,
            "research_to_sale_ratio": null,
            "price_fair": 561.29,
            "eps_avg_yearly": 16.04,
            "eps_latest_yearly": 21.8,
            "eps_growth_yearly": 111.26
        },
        "20221": {
            "year_quarter": 20221,
            "year": 2022,
            "quarter": 1,
            "eps": 2.89,
            "eps_growth_year": -46.97,
            "eps_4q": 4.48,
            "eps_4q_growth_year": -77.99,
            "roe": 3.26,
            "roe_4q": 5.339999999999999,
            "gross_profit": 612188,
            "gross_margin": 50.77,
            "gross_margin_4q_avg": 48.06,
            "net_income": 66170,
            "net_income_4q": null,
            "revenue": 1205713,
            "revenue_4q": null,
            "common_shares": 232667,
            "book_valuer_per_share": 90.02,
            "book_valuer_per_share_4q_avg": 89.96,
            "equity": 2060938,
            "current_ratio": 95.34,
            "debt_ratio": 60.85,
            "inventory_turnover_ratio": 4.37,
            "account_receivable_turnover_ratio": 4.17,
            "reinvestment_rate": 42.23,
            "research_to_sale_ratio": null,
            "price_fair": 549.88,
            "eps_avg_yearly": 15.71,
            "eps_latest_yearly": 11.56,
            "eps_growth_yearly": 88.82
        },
        "20222": {
            "year_quarter": 20222,
            "year": 2022,
            "quarter": 2,
            "eps": -4.13,
            "eps_growth_year": null,
            "eps_4q": 0.92,
            "eps_4q_growth_year": -94.7,
            "roe": -4.81,
            "roe_4q": 1.39,
            "gross_profit": 358988,
            "gross_margin": 41.97,
            "gross_margin_4q_avg": 46.61,
            "net_income": -94615,
            "net_income_4q": null,
            "revenue": 855330,
            "revenue_4q": null,
            "common_shares": 232667,
            "book_valuer_per_share": 81.84,
            "book_valuer_per_share_4q_avg": 85.62,
            "equity": 1873727,
            "current_ratio": 85.3,
            "debt_ratio": 62.86,
            "inventory_turnover_ratio": 4.3,
            "account_receivable_turnover_ratio": 3.2,
            "reinvestment_rate": 56.61,
            "research_to_sale_ratio": null,
            "price_fair": 546.7,
            "eps_avg_yearly": 15.62,
            "eps_latest_yearly": 11.56,
            "eps_growth_yearly": 94.11
        },
        "20223": {
            "year_quarter": 20223,
            "year": 2022,
            "quarter": 3,
            "eps": 3.94,
            "eps_growth_year": null,
            "eps_4q": 5.64,
            "eps_4q_growth_year": -33.46,
            "roe": 6.11,
            "roe_4q": 8.66,
            "gross_profit": 651411,
            "gross_margin": 52.18,
            "gross_margin_4q_avg": 49.27,
            "net_income": 118650,
            "net_income_4q": null,
            "revenue": 1248434,
            "revenue_4q": null,
            "common_shares": 305728,
            "book_valuer_per_share": 66.53,
            "book_valuer_per_share_4q_avg": 81.36,
            "equity": 2009061,
            "current_ratio": 85.04,
            "debt_ratio": 58.14,
            "inventory_turnover_ratio": 4.87,
            "account_receivable_turnover_ratio": 4.24,
            "reinvestment_rate": 47.67,
            "research_to_sale_ratio": null,
            "price_fair": 533.53,
            "eps_avg_yearly": 15.24,
            "eps_latest_yearly": 11.56,
            "eps_growth_yearly": 96.26
        },
        "20224": {
            "year_quarter": 20224,
            "year": 2022,
            "quarter": 4,
            "eps": 0.66,
            "eps_growth_year": -81.04,
            "eps_4q": 3.58,
            "eps_4q_growth_year": -49.12,
            "roe": 0.98,
            "roe_4q": 5.54,
            "gross_profit": 610832,
            "gross_margin": 49.68,
            "gross_margin_4q_avg": 48.65,
            "net_income": 20533,
            "net_income_4q": null,
            "revenue": 1229550,
            "revenue_4q": null,
            "common_shares": 313042,
            "book_valuer_per_share": 70.31,
            "book_valuer_per_share_4q_avg": 77.18,
            "equity": 2174717,
            "current_ratio": 89.76,
            "debt_ratio": 50.01,
            "inventory_turnover_ratio": 4.27,
            "account_receivable_turnover_ratio": 3.32,
            "reinvestment_rate": 42.74,
            "research_to_sale_ratio": null,
            "price_fair": 515.45,
            "eps_avg_yearly": 14.73,
            "eps_latest_yearly": 2.64,
            "eps_growth_yearly": 87.04
        },
        "20231": {
            "year_quarter": 20231,
            "year": 2023,
            "quarter": 1,
            "eps": 4.84,
            "eps_growth_year": 67.47,
            "eps_4q": 6.28,
            "eps_4q_growth_year": 40.23,
            "roe": 6.57,
            "roe_4q": 8.850000000000001,
            "gross_profit": 773107,
            "gross_margin": 52.95,
            "gross_margin_4q_avg": 49.2,
            "net_income": 148012,
            "net_income_4q": null,
            "revenue": 1460019,
            "revenue_4q": null,
            "common_shares": 313042,
            "book_valuer_per_share": 75.14,
            "book_valuer_per_share_4q_avg": 73.46,
            "equity": 2333170,
            "current_ratio": 93.12,
            "debt_ratio": 45.99,
            "inventory_turnover_ratio": 4.07,
            "account_receivable_turnover_ratio": 4.06,
            "reinvestment_rate": 43.28,
            "research_to_sale_ratio": null,
            "price_fair": 516.6,
            "eps_avg_yearly": 14.76,
            "eps_latest_yearly": 19.36,
            "eps_growth_yearly": 270.67
        },
        "20232": {
            "year_quarter": 20232,
            "year": 2023,
            "quarter": 2,
            "eps": 4.07,
            "eps_growth_year": null,
            "eps_4q": 11.66,
            "eps_4q_growth_year": 1173.82,
            "roe": 5.3,
            "roe_4q": 18.96,
            "gross_profit": 754998,
            "gross_margin": 54.6,
            "gross_margin_4q_avg": 52.35,
            "net_income": 124179,
            "net_income_4q": null,
            "revenue": 1382728,
            "revenue_4q": null,
            "common_shares": 313042,
            "book_valuer_per_share": 75.76,
            "book_valuer_per_share_4q_avg": 71.94,
            "equity": 2354716,
            "current_ratio": 86.82,
            "debt_ratio": 50.44,
            "inventory_turnover_ratio": 3.31,
            "account_receivable_turnover_ratio": 3.96,
            "reinvestment_rate": 38.65,
            "research_to_sale_ratio": null,
            "price_fair": 520.04,
            "eps_avg_yearly": 14.86,
            "eps_latest_yearly": 16.28,
            "eps_growth_yearly": 272.15
        },
        "20233": {
            "year_quarter": 20233,
            "year": 2023,
            "quarter": 3,
            "eps": 3.32,
            "eps_growth_year": -15.74,
            "eps_4q": 11.64,
            "eps_4q_growth_year": 106.34,
            "roe": 4.79,
            "roe_4q": 17.64,
            "gross_profit": 786499,
            "gross_margin": 52.22,
            "gross_margin_4q_avg": 52.36,
            "net_income": 116840,
            "net_income_4q": null,
            "revenue": 1506084,
            "revenue_4q": null,
            "common_shares": 359439,
            "book_valuer_per_share": 70.64,
            "book_valuer_per_share_4q_avg": 72.96,
            "equity": 2522924,
            "current_ratio": 82.11,
            "debt_ratio": 50.03,
            "inventory_turnover_ratio": 3.45,
            "account_receivable_turnover_ratio": 3.76,
            "reinvestment_rate": 59.68,
            "research_to_sale_ratio": null,
            "price_fair": 499.29,
            "eps_avg_yearly": 14.27,
            "eps_latest_yearly": 13.28,
            "eps_growth_yearly": 254.45
        },
        "20234": {
            "year_quarter": 20234,
            "year": 2023,
            "quarter": 4,
            "eps": 1.31,
            "eps_growth_year": 97.1,
            "eps_4q": 12.37,
            "eps_4q_growth_year": 245.56,
            "roe": 1.75,
            "roe_4q": 18.41,
            "gross_profit": 674946,
            "gross_margin": 49.1,
            "gross_margin_4q_avg": 52.22,
            "net_income": 44735,
            "net_income_4q": null,
            "revenue": 1374632,
            "revenue_4q": null,
            "common_shares": 359439,
            "book_valuer_per_share": 71.9,
            "book_valuer_per_share_4q_avg": 73.36,
            "equity": 2591593,
            "current_ratio": 77.12,
            "debt_ratio": 51.03,
            "inventory_turnover_ratio": 2.96,
            "account_receivable_turnover_ratio": 3.26,
            "reinvestment_rate": 67.47,
            "research_to_sale_ratio": null,
            "price_fair": 490.25,
            "eps_avg_yearly": 14.01,
            "eps_latest_yearly": 5.24,
            "eps_growth_yearly": 253.96
        }
    },
    "months": {
        "2011-09": {
            "month": "2011-09",
            "price": "241.37",
            "revenue": 131236
        },
        "2011-10": {
            "month": "2011-10",
            "price": "229.74",
            "revenue": 147926
        },
        "2011-11": {
            "month": "2011-11",
            "price": "229.01",
            "revenue": 128883
        },
        "2011-12": {
            "month": "2011-12",
            "price": "200.07",
            "revenue": 141805
        },
        "2012-01": {
            "month": "2012-01",
            "price": "185.72",
            "revenue": 203978
        },
        "2012-02": {
            "month": "2012-02",
            "price": "231.14",
            "revenue": 148611
        },
        "2012-03": {
            "month": "2012-03",
            "price": "258.86",
            "revenue": 130589
        },
        "2012-04": {
            "month": "2012-04",
            "price": "264.04",
            "revenue": 142856
        },
        "2012-05": {
            "month": "2012-05",
            "price": "262.50",
            "revenue": 161508
        },
        "2012-06": {
            "month": "2012-06",
            "price": "262.33",
            "revenue": 159706
        },
        "2012-07": {
            "month": "2012-07",
            "price": "273.55",
            "revenue": 183169
        },
        "2012-08": {
            "month": "2012-08",
            "price": "282.77",
            "revenue": 177545
        },
        "2012-09": {
            "month": "2012-09",
            "price": "236.85",
            "revenue": 148763
        },
        "2012-10": {
            "month": "2012-10",
            "price": "204.82",
            "revenue": 143612
        },
        "2012-11": {
            "month": "2012-11",
            "price": "183.45",
            "revenue": 135321
        },
        "2012-12": {
            "month": "2012-12",
            "price": "188.00",
            "revenue": 173729
        },
        "2013-01": {
            "month": "2013-01",
            "price": "194.07",
            "revenue": 157749
        },
        "2013-02": {
            "month": "2013-02",
            "price": "193.85",
            "revenue": 223095
        },
        "2013-03": {
            "month": "2013-03",
            "price": "191.00",
            "revenue": 158846
        },
        "2013-04": {
            "month": "2013-04",
            "price": "187.88",
            "revenue": 160770
        },
        "2013-05": {
            "month": "2013-05",
            "price": "206.18",
            "revenue": 191287
        },
        "2013-06": {
            "month": "2013-06",
            "price": "216.47",
            "revenue": 209986
        },
        "2013-07": {
            "month": "2013-07",
            "price": "226.70",
            "revenue": 206200
        },
        "2013-08": {
            "month": "2013-08",
            "price": "261.76",
            "revenue": 226546
        },
        "2013-09": {
            "month": "2013-09",
            "price": "263.22",
            "revenue": 181196
        },
        "2013-10": {
            "month": "2013-10",
            "price": "280.59",
            "revenue": 179481
        },
        "2013-11": {
            "month": "2013-11",
            "price": "278.60",
            "revenue": 189545
        },
        "2013-12": {
            "month": "2013-12",
            "price": "273.36",
            "revenue": 222691
        },
        "2014-01": {
            "month": "2014-01",
            "price": "291.69",
            "revenue": 251121
        },
        "2014-02": {
            "month": "2014-02",
            "price": "331.32",
            "revenue": 261020
        },
        "2014-03": {
            "month": "2014-03",
            "price": "343.57",
            "revenue": 205377
        },
        "2014-04": {
            "month": "2014-04",
            "price": "309.71",
            "revenue": 196621
        },
        "2014-05": {
            "month": "2014-05",
            "price": "301.36",
            "revenue": 254599
        },
        "2014-06": {
            "month": "2014-06",
            "price": "343.60",
            "revenue": 249090
        },
        "2014-07": {
            "month": "2014-07",
            "price": "314.09",
            "revenue": 260956
        },
        "2014-08": {
            "month": "2014-08",
            "price": "293.86",
            "revenue": 294937
        },
        "2014-09": {
            "month": "2014-09",
            "price": "289.38",
            "revenue": 226892
        },
        "2014-10": {
            "month": "2014-10",
            "price": "257.68",
            "revenue": 234765
        },
        "2014-11": {
            "month": "2014-11",
            "price": "261.45",
            "revenue": 226755
        },
        "2014-12": {
            "month": "2014-12",
            "price": "272.54",
            "revenue": 243256
        },
        "2015-01": {
            "month": "2015-01",
            "price": "249.85",
            "revenue": 251392
        },
        "2015-02": {
            "month": "2015-02",
            "price": "241.12",
            "revenue": 350294
        },
        "2015-03": {
            "month": "2015-03",
            "price": "240.25",
            "revenue": 265253
        },
        "2015-04": {
            "month": "2015-04",
            "price": "263.30",
            "revenue": 256143
        },
        "2015-05": {
            "month": "2015-05",
            "price": "256.45",
            "revenue": 308275
        },
        "2015-06": {
            "month": "2015-06",
            "price": "245.40",
            "revenue": 286345
        },
        "2015-07": {
            "month": "2015-07",
            "price": "241.02",
            "revenue": 306495
        },
        "2015-08": {
            "month": "2015-08",
            "price": "232.40",
            "revenue": 332032
        },
        "2015-09": {
            "month": "2015-09",
            "price": "225.40",
            "revenue": 252147
        },
        "2015-10": {
            "month": "2015-10",
            "price": "235.45",
            "revenue": 276436
        },
        "2015-11": {
            "month": "2015-11",
            "price": "232.90",
            "revenue": 270995
        },
        "2015-12": {
            "month": "2015-12",
            "price": "227.52",
            "revenue": 293408
        },
        "2016-01": {
            "month": "2016-01",
            "price": "215.17",
            "revenue": 314824
        },
        "2016-02": {
            "month": "2016-02",
            "price": "228.04",
            "revenue": 406615
        },
        "2016-03": {
            "month": "2016-03",
            "price": "234.11",
            "revenue": 275955
        },
        "2016-04": {
            "month": "2016-04",
            "price": "226.61",
            "revenue": 300584
        },
        "2016-05": {
            "month": "2016-05",
            "price": "221.12",
            "revenue": 333738
        },
        "2016-06": {
            "month": "2016-06",
            "price": "222.71",
            "revenue": 315771
        },
        "2016-07": {
            "month": "2016-07",
            "price": "221.20",
            "revenue": 354677
        },
        "2016-08": {
            "month": "2016-08",
            "price": "225.91",
            "revenue": 361815
        },
        "2016-09": {
            "month": "2016-09",
            "price": "219.29",
            "revenue": 288633
        },
        "2016-10": {
            "month": "2016-10",
            "price": "215.92",
            "revenue": 323549
        },
        "2016-11": {
            "month": "2016-11",
            "price": "213.95",
            "revenue": 264103
        },
        "2016-12": {
            "month": "2016-12",
            "price": "220.48",
            "revenue": 313214
        },
        "2017-01": {
            "month": "2017-01",
            "price": "219.72",
            "revenue": 408513
        },
        "2017-02": {
            "month": "2017-02",
            "price": "239.31",
            "revenue": 339263
        },
        "2017-03": {
            "month": "2017-03",
            "price": "242.37",
            "revenue": 297931
        },
        "2017-04": {
            "month": "2017-04",
            "price": "228.39",
            "revenue": 326166
        },
        "2017-05": {
            "month": "2017-05",
            "price": "250.52",
            "revenue": 363278
        },
        "2017-06": {
            "month": "2017-06",
            "price": "253.80",
            "revenue": 316179
        },
        "2017-07": {
            "month": "2017-07",
            "price": "252.07",
            "revenue": 362613
        },
        "2017-08": {
            "month": "2017-08",
            "price": "237.24",
            "revenue": 385566
        },
        "2017-09": {
            "month": "2017-09",
            "price": "229.34",
            "revenue": 307228
        },
        "2017-10": {
            "month": "2017-10",
            "price": "224.61",
            "revenue": 349580
        },
        "2017-11": {
            "month": "2017-11",
            "price": "226.36",
            "revenue": 299627
        },
        "2017-12": {
            "month": "2017-12",
            "price": "224.95",
            "revenue": 350771
        },
        "2018-01": {
            "month": "2018-01",
            "price": "230.41",
            "revenue": 305473
        },
        "2018-02": {
            "month": "2018-02",
            "price": "223.19",
            "revenue": 444673
        },
        "2018-03": {
            "month": "2018-03",
            "price": "225.07",
            "revenue": 319741
        },
        "2018-04": {
            "month": "2018-04",
            "price": "231.28",
            "revenue": 329044
        },
        "2018-05": {
            "month": "2018-05",
            "price": "236.43",
            "revenue": 365787
        },
        "2018-06": {
            "month": "2018-06",
            "price": "237.08",
            "revenue": 360943
        },
        "2018-07": {
            "month": "2018-07",
            "price": "228.30",
            "revenue": 388875
        },
        "2018-08": {
            "month": "2018-08",
            "price": "233.76",
            "revenue": 409367
        },
        "2018-09": {
            "month": "2018-09",
            "price": "237.18",
            "revenue": 348747
        },
        "2018-10": {
            "month": "2018-10",
            "price": "228.98",
            "revenue": 322364
        },
        "2018-11": {
            "month": "2018-11",
            "price": "225.70",
            "revenue": 318167
        },
        "2018-12": {
            "month": "2018-12",
            "price": "233.10",
            "revenue": 387511
        },
        "2019-01": {
            "month": "2019-01",
            "price": "232.93",
            "revenue": 367530
        },
        "2019-02": {
            "month": "2019-02",
            "price": "246.08",
            "revenue": 496863
        },
        "2019-03": {
            "month": "2019-03",
            "price": "260.55",
            "revenue": 386497
        },
        "2019-04": {
            "month": "2019-04",
            "price": "256.72",
            "revenue": 358308
        },
        "2019-05": {
            "month": "2019-05",
            "price": "258.64",
            "revenue": 429104
        },
        "2019-06": {
            "month": "2019-06",
            "price": "291.82",
            "revenue": 429916
        },
        "2019-07": {
            "month": "2019-07",
            "price": "316.41",
            "revenue": 430156
        },
        "2019-08": {
            "month": "2019-08",
            "price": "285.76",
            "revenue": 477507
        },
        "2019-09": {
            "month": "2019-09",
            "price": "272.50",
            "revenue": 379490
        },
        "2019-10": {
            "month": "2019-10",
            "price": "267.57",
            "revenue": 371701
        },
        "2019-11": {
            "month": "2019-11",
            "price": "276.64",
            "revenue": 362681
        },
        "2019-12": {
            "month": "2019-12",
            "price": "276.41",
            "revenue": 409792
        },
        "2020-01": {
            "month": "2020-01",
            "price": "269.10",
            "revenue": 546474
        },
        "2020-02": {
            "month": "2020-02",
            "price": "252.45",
            "revenue": 306717
        },
        "2020-03": {
            "month": "2020-03",
            "price": "208.18",
            "revenue": 243866
        },
        "2020-04": {
            "month": "2020-04",
            "price": "214.40",
            "revenue": 236573
        },
        "2020-05": {
            "month": "2020-05",
            "price": "232.82",
            "revenue": 401184
        },
        "2020-06": {
            "month": "2020-06",
            "price": "253.85",
            "revenue": 392341
        },
        "2020-07": {
            "month": "2020-07",
            "price": "243.91",
            "revenue": 438263
        },
        "2020-08": {
            "month": "2020-08",
            "price": "223.40",
            "revenue": 490321
        },
        "2020-09": {
            "month": "2020-09",
            "price": "221.66",
            "revenue": 360040
        },
        "2020-10": {
            "month": "2020-10",
            "price": "226.82",
            "revenue": 408117
        },
        "2020-11": {
            "month": "2020-11",
            "price": "240.14",
            "revenue": 371533
        },
        "2020-12": {
            "month": "2020-12",
            "price": "242.89",
            "revenue": 415375
        },
        "2021-01": {
            "month": "2021-01",
            "price": "229.68",
            "revenue": 370586
        },
        "2021-02": {
            "month": "2021-02",
            "price": "231.38",
            "revenue": 521719
        },
        "2021-03": {
            "month": "2021-03",
            "price": "245.07",
            "revenue": 373566
        },
        "2021-04": {
            "month": "2021-04",
            "price": "252.87",
            "revenue": 403688
        },
        "2021-05": {
            "month": "2021-05",
            "price": "230.24",
            "revenue": 302877
        },
        "2021-06": {
            "month": "2021-06",
            "price": "241.21",
            "revenue": 220279
        },
        "2021-07": {
            "month": "2021-07",
            "price": "249.43",
            "revenue": 218762
        },
        "2021-08": {
            "month": "2021-08",
            "price": "240.73",
            "revenue": 319690
        },
        "2021-09": {
            "month": "2021-09",
            "price": "237.90",
            "revenue": 306413
        },
        "2021-10": {
            "month": "2021-10",
            "price": "238.38",
            "revenue": 413477
        },
        "2021-11": {
            "month": "2021-11",
            "price": "231.39",
            "revenue": 360640
        },
        "2021-12": {
            "month": "2021-12",
            "price": "222.16",
            "revenue": 417454
        },
        "2022-01": {
            "month": "2022-01",
            "price": "215.47",
            "revenue": 390506
        },
        "2022-02": {
            "month": "2022-02",
            "price": "221.83",
            "revenue": 453940
        },
        "2022-03": {
            "month": "2022-03",
            "price": "216.91",
            "revenue": 361251
        },
        "2022-04": {
            "month": "2022-04",
            "price": "220.95",
            "revenue": 282172
        },
        "2022-05": {
            "month": "2022-05",
            "price": "217.81",
            "revenue": 261238
        },
        "2022-06": {
            "month": "2022-06",
            "price": "221.08",
            "revenue": 311945
        },
        "2022-07": {
            "month": "2022-07",
            "price": "219.57",
            "revenue": 430664
        },
        "2022-08": {
            "month": "2022-08",
            "price": "214.80",
            "revenue": 453229
        },
        "2022-09": {
            "month": "2022-09",
            "price": "199.50",
            "revenue": 364323
        },
        "2022-10": {
            "month": "2022-10",
            "price": "195.90",
            "revenue": 409327
        },
        "2022-11": {
            "month": "2022-11",
            "price": "197.64",
            "revenue": 378683
        },
        "2022-12": {
            "month": "2022-12",
            "price": "202.32",
            "revenue": 441535
        },
        "2023-01": {
            "month": "2023-01",
            "price": "212.69",
            "revenue": 652456
        },
        "2023-02": {
            "month": "2023-02",
            "price": "239.56",
            "revenue": 435085
        },
        "2023-03": {
            "month": "2023-03",
            "price": "253.28",
            "revenue": 372478
        },
        "2023-04": {
            "month": "2023-04",
            "price": "236.59",
            "revenue": 461019
        },
        "2023-05": {
            "month": "2023-05",
            "price": "265.98",
            "revenue": 466945
        },
        "2023-06": {
            "month": "2023-06",
            "price": "303.85",
            "revenue": 454764
        },
        "2023-07": {
            "month": "2023-07",
            "price": "291.57",
            "revenue": 540748
        },
        "2023-08": {
            "month": "2023-08",
            "price": "293.34",
            "revenue": 519994
        },
        "2023-09": {
            "month": "2023-09",
            "price": "266.32",
            "revenue": 445341
        },
        "2023-10": {
            "month": "2023-10",
            "price": "238.30",
            "revenue": 475205
        },
        "2023-11": {
            "month": "2023-11",
            "price": "235.84",
            "revenue": 407118
        },
        "2023-12": {
            "month": "2023-12",
            "price": "232.71",
            "revenue": 492308
        },
        "2024-01": {
            "month": "2024-01",
            "price": "236.41",
            "revenue": 447827
        },
        "2024-02": {
            "month": "2024-02",
            "price": "233.92",
            "revenue": 638687
        }
    }
}
