{
    "summary": {
        "stock_name": "雄獅",
        "stock_id": "2731",
        "category": "觀光餐旅",
        "main_business": "旅行業",
        "website_url": "http://www.liontravel.com",
        "ceo": "黃信川",
        "pe_ratio": 0,
        "report_year_from": 2011,
        "report_year_to": 2023,
        "age": 13,
        "eps_negative_percentage": 27,
        "eps_growth_avg": {
            "last_all": -15.61,
            "last_2y": null,
            "last_4y": -57.12,
            "last_8y": -17.08,
            "last_12y": null,
            "last_16y": null,
            "last_20y": null,
            "at_2006_last_3y": null,
            "at_2007_last_3y": null,
            "at_2008_last_3y": null,
            "at_2009_last_3y": null,
            "at_2010_last_3y": null,
            "at_2011_last_3y": null,
            "at_2012_last_3y": null,
            "at_2013_last_3y": null,
            "at_2014_last_3y": null,
            "at_2015_last_3y": null,
            "at_2016_last_3y": null,
            "at_2017_last_3y": 12.18,
            "at_2018_last_3y": 2.94,
            "at_2019_last_3y": -4.9,
            "at_2020_last_3y": -18.67,
            "at_2021_last_3y": -52.67,
            "at_2022_last_3y": -57.12,
            "at_2023_last_3y": -100,
            "at_2024_last_3y": -100,
            "at_2006_last_all": null,
            "at_2007_last_all": null,
            "at_2008_last_all": null,
            "at_2009_last_all": null,
            "at_2010_last_all": null,
            "at_2011_last_all": null,
            "at_2012_last_all": null,
            "at_2013_last_all": null,
            "at_2014_last_all": null,
            "at_2015_last_all": 5.17,
            "at_2016_last_all": -11.54,
            "at_2017_last_all": 12.18,
            "at_2018_last_all": 0.99,
            "at_2019_last_all": -1.55,
            "at_2020_last_all": -15.61,
            "at_2021_last_all": -15.61,
            "at_2022_last_all": -15.61,
            "at_2023_last_all": -15.61,
            "at_2024_last_all": -15.61
        },
        "latest_eps": 0,
        "latest_price": 124.5,
        "latest_roe": 0,
        "latest_gross_margin": 14.47,
        "latest_equity": 3221113,
        "latest_revenue": 6652263,
        "latest_gross_profit": 962383,
        "latest_net_income": 282546,
        "latest_debt_ratio": 65.08,
        "latest_current_ratio": 143.56,
        "latest_account_receivable_turnover_ratio": 9.12,
        "latest_inventory_turnover_ratio": 3026.53,
        "latest_reinvestment_rate": null,
        "latest_research_to_sale_ratio": null
    },
    "eps_dividends": {
        "2001": {
            "cash": 0,
            "stock": 0,
            "eps": 0
        },
        "2002": {
            "cash": 0,
            "stock": 0,
            "eps": 0
        },
        "2003": {
            "cash": 0,
            "stock": 0,
            "eps": 0
        },
        "2004": {
            "cash": 0,
            "stock": 0,
            "eps": 0
        },
        "2005": {
            "cash": 0,
            "stock": 0,
            "eps": 0
        },
        "2006": {
            "cash": 0,
            "stock": 0,
            "eps": 0
        },
        "2007": {
            "cash": 0,
            "stock": 0,
            "eps": 0
        },
        "2008": {
            "cash": 0,
            "stock": 0,
            "eps": 0
        },
        "2009": {
            "cash": 0,
            "stock": 0,
            "eps": 0
        },
        "2010": {
            "cash": 0,
            "stock": 0,
            "eps": 0
        },
        "2011": {
            "cash": 2.8000000000000003,
            "stock": 1.1,
            "eps": 0
        },
        "2012": {
            "cash": 0,
            "stock": 0,
            "eps": 0
        },
        "2013": {
            "cash": 1.8,
            "stock": 0,
            "eps": 5.89
        },
        "2014": {
            "cash": 4,
            "stock": 0,
            "eps": 5.49
        },
        "2015": {
            "cash": 4.2,
            "stock": 0,
            "eps": 6.43
        },
        "2016": {
            "cash": 4.6,
            "stock": 0,
            "eps": 3.54
        },
        "2017": {
            "cash": 4,
            "stock": 0,
            "eps": 6.49
        },
        "2018": {
            "cash": 5.2,
            "stock": 0,
            "eps": 3.65
        },
        "2019": {
            "cash": 3.8,
            "stock": 0,
            "eps": 3.13
        },
        "2020": {
            "cash": 2,
            "stock": 0,
            "eps": -5.9
        },
        "2021": {
            "cash": 0,
            "stock": 0,
            "eps": -6.42
        },
        "2022": {
            "cash": 0,
            "stock": 0,
            "eps": -7.43
        },
        "2023": {
            "cash": 0,
            "stock": 0,
            "eps": 6.28
        }
    },
    "dividends": {
        "2011-01-01": {
            "cash": 0.2,
            "stock": 1.1
        },
        "2011-05-20": {
            "cash": 2.6,
            "stock": 0
        },
        "2013-04-15": {
            "cash": 1.8,
            "stock": 0
        },
        "2014-08-22": {
            "cash": 4,
            "stock": 0
        },
        "2015-08-28": {
            "cash": 4.2,
            "stock": 0
        },
        "2016-08-15": {
            "cash": 4.6,
            "stock": 0
        },
        "2017-08-03": {
            "cash": 4,
            "stock": 0
        },
        "2018-08-29": {
            "cash": 5.2,
            "stock": 0
        },
        "2019-07-31": {
            "cash": 3.8,
            "stock": 0
        },
        "2020-07-24": {
            "cash": 2,
            "stock": 0
        }
    },
    "prices": {
        "200101": "無",
        "200102": "無",
        "200103": "無",
        "200104": "無",
        "200105": "無",
        "200106": "無",
        "200107": "無",
        "200108": "無",
        "200109": "無",
        "200110": "無",
        "200111": "無",
        "200112": "無",
        "200201": "無",
        "200202": "無",
        "200203": "無",
        "200204": "無",
        "200205": "無",
        "200206": "無",
        "200207": "無",
        "200208": "無",
        "200209": "無",
        "200210": "無",
        "200211": "無",
        "200212": "無",
        "200301": "無",
        "200302": "無",
        "200303": "無",
        "200304": "無",
        "200305": "無",
        "200306": "無",
        "200307": "無",
        "200308": "無",
        "200309": "無",
        "200310": "無",
        "200311": "無",
        "200312": "無",
        "200401": "無",
        "200402": "無",
        "200403": "無",
        "200404": "無",
        "200405": "無",
        "200406": "無",
        "200407": "無",
        "200408": "無",
        "200409": "無",
        "200410": "無",
        "200411": "無",
        "200412": "無",
        "200501": "無",
        "200502": "無",
        "200503": "無",
        "200504": "無",
        "200505": "無",
        "200506": "無",
        "200507": "無",
        "200508": "無",
        "200509": "無",
        "200510": "無",
        "200511": "無",
        "200512": "無",
        "200601": "無",
        "200602": "無",
        "200603": "無",
        "200604": "無",
        "200605": "無",
        "200606": "無",
        "200607": "無",
        "200608": "無",
        "200609": "無",
        "200610": "無",
        "200611": "無",
        "200612": "無",
        "200701": "無",
        "200702": "無",
        "200703": "無",
        "200704": "無",
        "200705": "無",
        "200706": "無",
        "200707": "無",
        "200708": "無",
        "200709": "無",
        "200710": "無",
        "200711": "無",
        "200712": "無",
        "200801": "無",
        "200802": "無",
        "200803": "無",
        "200804": "無",
        "200805": "無",
        "200806": "無",
        "200807": "無",
        "200808": "無",
        "200809": "無",
        "200810": "無",
        "200811": "無",
        "200812": "無",
        "200901": "無",
        "200902": "無",
        "200903": "無",
        "200904": "無",
        "200905": "無",
        "200906": "無",
        "200907": "無",
        "200908": "無",
        "200909": "無",
        "200910": "無",
        "200911": "無",
        "200912": "無",
        "201001": "無",
        "201002": "無",
        "201003": "無",
        "201004": "無",
        "201005": "無",
        "201006": "無",
        "201007": "無",
        "201008": "無",
        "201009": "無",
        "201010": "無",
        "201011": "無",
        "201012": "無",
        "201101": "無",
        "201102": "無",
        "201103": "無",
        "201104": "無",
        "201105": "無",
        "201106": "無",
        "201107": "無",
        "201108": "無",
        "201109": "無",
        "201110": "無",
        "201111": "無",
        "201112": "無",
        "201201": "無",
        "201202": "無",
        "201203": "無",
        "201204": "無",
        "201205": "無",
        "201206": "無",
        "201207": "無",
        "201208": "無",
        "201209": "無",
        "201210": "64.87",
        "201211": "61.04",
        "201212": "57.40",
        "201301": "56.08",
        "201302": "56.47",
        "201303": "57.87",
        "201304": "59.20",
        "201305": "59.85",
        "201306": "70.43",
        "201307": "84.71",
        "201308": "106.00",
        "201309": "87.54",
        "201310": "87.38",
        "201311": "97.78",
        "201312": "133.18",
        "201401": "118.81",
        "201402": "114.29",
        "201403": "120.55",
        "201404": "116.55",
        "201405": "110.00",
        "201406": "113.85",
        "201407": "109.05",
        "201408": "98.85",
        "201409": "98.66",
        "201410": "91.02",
        "201411": "91.74",
        "201412": "94.71",
        "201501": "94.98",
        "201502": "94.10",
        "201503": "106.18",
        "201504": "122.88",
        "201505": "148.98",
        "201506": "154.81",
        "201507": "166.09",
        "201508": "143.71",
        "201509": "155.95",
        "201510": "148.29",
        "201511": "127.00",
        "201512": "117.67",
        "201601": "101.42",
        "201602": "103.62",
        "201603": "111.09",
        "201604": "100.28",
        "201605": "90.56",
        "201606": "91.97",
        "201607": "89.95",
        "201608": "85.85",
        "201609": "80.12",
        "201610": "79.48",
        "201611": "77.05",
        "201612": "80.04",
        "201701": "82.16",
        "201702": "86.21",
        "201703": "91.00",
        "201704": "90.98",
        "201705": "90.81",
        "201706": "103.45",
        "201707": "106.07",
        "201708": "101.15",
        "201709": "96.90",
        "201710": "94.03",
        "201711": "95.04",
        "201712": "99.33",
        "201801": "122.75",
        "201802": "127.54",
        "201803": "126.93",
        "201804": "116.56",
        "201805": "118.55",
        "201806": "116.40",
        "201807": "108.25",
        "201808": "97.24",
        "201809": "90.29",
        "201810": "85.51",
        "201811": "83.91",
        "201812": "87.24",
        "201901": "87.00",
        "201902": "87.12",
        "201903": "88.60",
        "201904": "87.06",
        "201905": "85.67",
        "201906": "85.10",
        "201907": "83.47",
        "201908": "79.35",
        "201909": "77.47",
        "201910": "76.24",
        "201911": "76.58",
        "201912": "79.75",
        "202001": "81.55",
        "202002": "71.43",
        "202003": "60.37",
        "202004": "65.44",
        "202005": "71.96",
        "202006": "79.10",
        "202007": "72.20",
        "202008": "66.38",
        "202009": "66.42",
        "202010": "66.71",
        "202011": "71.31",
        "202012": "76.82",
        "202101": "71.74",
        "202102": "81.65",
        "202103": "97.20",
        "202104": "89.58",
        "202105": "79.39",
        "202106": "90.20",
        "202107": "91.71",
        "202108": "85.54",
        "202109": "83.18",
        "202110": "85.70",
        "202111": "89.62",
        "202112": "85.28",
        "202201": "84.71",
        "202202": "97.25",
        "202203": "98.55",
        "202204": "96.22",
        "202205": "97.29",
        "202206": "99.29",
        "202207": "92.38",
        "202208": "91.06",
        "202209": "96.95",
        "202210": "86.20",
        "202211": "91.78",
        "202212": "101.50",
        "202301": "104.92",
        "202302": "119.69",
        "202303": "126.26",
        "202304": "166.79",
        "202305": "180.86",
        "202306": "179.85",
        "202307": "161.05",
        "202308": "144.25",
        "202309": "129.98",
        "202310": "119.50",
        "202311": "138.89",
        "202312": "140.95"
    },
    "quarters": {
        "20011": {
            "year_quarter": 20011,
            "year": 2001,
            "quarter": 1,
            "eps": null,
            "eps_growth_year": null,
            "eps_4q": null,
            "eps_4q_growth_year": null,
            "roe": null,
            "roe_4q": 0,
            "gross_profit": null,
            "gross_margin": null,
            "gross_margin_4q_avg": 0,
            "net_income": null,
            "net_income_4q": null,
            "revenue": null,
            "revenue_4q": null,
            "common_shares": null,
            "book_valuer_per_share": null,
            "book_valuer_per_share_4q_avg": 0,
            "equity": null,
            "current_ratio": null,
            "debt_ratio": null,
            "inventory_turnover_ratio": null,
            "account_receivable_turnover_ratio": null,
            "reinvestment_rate": null,
            "research_to_sale_ratio": null,
            "price_fair": 0,
            "eps_avg_yearly": 0,
            "eps_latest_yearly": 0,
            "eps_growth_yearly": 0
        },
        "20012": {
            "year_quarter": 20012,
            "year": 2001,
            "quarter": 2,
            "eps": null,
            "eps_growth_year": null,
            "eps_4q": null,
            "eps_4q_growth_year": null,
            "roe": null,
            "roe_4q": 0,
            "gross_profit": null,
            "gross_margin": null,
            "gross_margin_4q_avg": 0,
            "net_income": null,
            "net_income_4q": null,
            "revenue": null,
            "revenue_4q": null,
            "common_shares": null,
            "book_valuer_per_share": null,
            "book_valuer_per_share_4q_avg": 0,
            "equity": null,
            "current_ratio": null,
            "debt_ratio": null,
            "inventory_turnover_ratio": null,
            "account_receivable_turnover_ratio": null,
            "reinvestment_rate": null,
            "research_to_sale_ratio": null,
            "price_fair": 0,
            "eps_avg_yearly": 0,
            "eps_latest_yearly": 0,
            "eps_growth_yearly": 0
        },
        "20013": {
            "year_quarter": 20013,
            "year": 2001,
            "quarter": 3,
            "eps": null,
            "eps_growth_year": null,
            "eps_4q": null,
            "eps_4q_growth_year": null,
            "roe": null,
            "roe_4q": 0,
            "gross_profit": null,
            "gross_margin": null,
            "gross_margin_4q_avg": 0,
            "net_income": null,
            "net_income_4q": null,
            "revenue": null,
            "revenue_4q": null,
            "common_shares": null,
            "book_valuer_per_share": null,
            "book_valuer_per_share_4q_avg": 0,
            "equity": null,
            "current_ratio": null,
            "debt_ratio": null,
            "inventory_turnover_ratio": null,
            "account_receivable_turnover_ratio": null,
            "reinvestment_rate": null,
            "research_to_sale_ratio": null,
            "price_fair": 0,
            "eps_avg_yearly": 0,
            "eps_latest_yearly": 0,
            "eps_growth_yearly": 0
        },
        "20014": {
            "year_quarter": 20014,
            "year": 2001,
            "quarter": 4,
            "eps": null,
            "eps_growth_year": null,
            "eps_4q": null,
            "eps_4q_growth_year": null,
            "roe": null,
            "roe_4q": 0,
            "gross_profit": null,
            "gross_margin": null,
            "gross_margin_4q_avg": 0,
            "net_income": null,
            "net_income_4q": null,
            "revenue": null,
            "revenue_4q": null,
            "common_shares": null,
            "book_valuer_per_share": null,
            "book_valuer_per_share_4q_avg": 0,
            "equity": null,
            "current_ratio": null,
            "debt_ratio": null,
            "inventory_turnover_ratio": null,
            "account_receivable_turnover_ratio": null,
            "reinvestment_rate": null,
            "research_to_sale_ratio": null,
            "price_fair": 0,
            "eps_avg_yearly": 0,
            "eps_latest_yearly": 0,
            "eps_growth_yearly": 0
        },
        "20021": {
            "year_quarter": 20021,
            "year": 2002,
            "quarter": 1,
            "eps": null,
            "eps_growth_year": null,
            "eps_4q": null,
            "eps_4q_growth_year": null,
            "roe": null,
            "roe_4q": 0,
            "gross_profit": null,
            "gross_margin": null,
            "gross_margin_4q_avg": 0,
            "net_income": null,
            "net_income_4q": null,
            "revenue": null,
            "revenue_4q": null,
            "common_shares": null,
            "book_valuer_per_share": null,
            "book_valuer_per_share_4q_avg": 0,
            "equity": null,
            "current_ratio": null,
            "debt_ratio": null,
            "inventory_turnover_ratio": null,
            "account_receivable_turnover_ratio": null,
            "reinvestment_rate": null,
            "research_to_sale_ratio": null,
            "price_fair": 0,
            "eps_avg_yearly": 0,
            "eps_latest_yearly": 0,
            "eps_growth_yearly": 0
        },
        "20022": {
            "year_quarter": 20022,
            "year": 2002,
            "quarter": 2,
            "eps": null,
            "eps_growth_year": null,
            "eps_4q": null,
            "eps_4q_growth_year": null,
            "roe": null,
            "roe_4q": 0,
            "gross_profit": null,
            "gross_margin": null,
            "gross_margin_4q_avg": 0,
            "net_income": null,
            "net_income_4q": null,
            "revenue": null,
            "revenue_4q": null,
            "common_shares": null,
            "book_valuer_per_share": null,
            "book_valuer_per_share_4q_avg": 0,
            "equity": null,
            "current_ratio": null,
            "debt_ratio": null,
            "inventory_turnover_ratio": null,
            "account_receivable_turnover_ratio": null,
            "reinvestment_rate": null,
            "research_to_sale_ratio": null,
            "price_fair": 0,
            "eps_avg_yearly": 0,
            "eps_latest_yearly": 0,
            "eps_growth_yearly": 0
        },
        "20023": {
            "year_quarter": 20023,
            "year": 2002,
            "quarter": 3,
            "eps": null,
            "eps_growth_year": null,
            "eps_4q": null,
            "eps_4q_growth_year": null,
            "roe": null,
            "roe_4q": 0,
            "gross_profit": null,
            "gross_margin": null,
            "gross_margin_4q_avg": 0,
            "net_income": null,
            "net_income_4q": null,
            "revenue": null,
            "revenue_4q": null,
            "common_shares": null,
            "book_valuer_per_share": null,
            "book_valuer_per_share_4q_avg": 0,
            "equity": null,
            "current_ratio": null,
            "debt_ratio": null,
            "inventory_turnover_ratio": null,
            "account_receivable_turnover_ratio": null,
            "reinvestment_rate": null,
            "research_to_sale_ratio": null,
            "price_fair": 0,
            "eps_avg_yearly": 0,
            "eps_latest_yearly": 0,
            "eps_growth_yearly": 0
        },
        "20024": {
            "year_quarter": 20024,
            "year": 2002,
            "quarter": 4,
            "eps": null,
            "eps_growth_year": null,
            "eps_4q": null,
            "eps_4q_growth_year": null,
            "roe": null,
            "roe_4q": 0,
            "gross_profit": null,
            "gross_margin": null,
            "gross_margin_4q_avg": 0,
            "net_income": null,
            "net_income_4q": null,
            "revenue": null,
            "revenue_4q": null,
            "common_shares": null,
            "book_valuer_per_share": null,
            "book_valuer_per_share_4q_avg": 0,
            "equity": null,
            "current_ratio": null,
            "debt_ratio": null,
            "inventory_turnover_ratio": null,
            "account_receivable_turnover_ratio": null,
            "reinvestment_rate": null,
            "research_to_sale_ratio": null,
            "price_fair": 0,
            "eps_avg_yearly": 0,
            "eps_latest_yearly": 0,
            "eps_growth_yearly": 0
        },
        "20031": {
            "year_quarter": 20031,
            "year": 2003,
            "quarter": 1,
            "eps": null,
            "eps_growth_year": null,
            "eps_4q": null,
            "eps_4q_growth_year": null,
            "roe": null,
            "roe_4q": 0,
            "gross_profit": null,
            "gross_margin": null,
            "gross_margin_4q_avg": 0,
            "net_income": null,
            "net_income_4q": null,
            "revenue": null,
            "revenue_4q": null,
            "common_shares": null,
            "book_valuer_per_share": null,
            "book_valuer_per_share_4q_avg": 0,
            "equity": null,
            "current_ratio": null,
            "debt_ratio": null,
            "inventory_turnover_ratio": null,
            "account_receivable_turnover_ratio": null,
            "reinvestment_rate": null,
            "research_to_sale_ratio": null,
            "price_fair": 0,
            "eps_avg_yearly": 0,
            "eps_latest_yearly": 0,
            "eps_growth_yearly": 0
        },
        "20032": {
            "year_quarter": 20032,
            "year": 2003,
            "quarter": 2,
            "eps": null,
            "eps_growth_year": null,
            "eps_4q": null,
            "eps_4q_growth_year": null,
            "roe": null,
            "roe_4q": 0,
            "gross_profit": null,
            "gross_margin": null,
            "gross_margin_4q_avg": 0,
            "net_income": null,
            "net_income_4q": null,
            "revenue": null,
            "revenue_4q": null,
            "common_shares": null,
            "book_valuer_per_share": null,
            "book_valuer_per_share_4q_avg": 0,
            "equity": null,
            "current_ratio": null,
            "debt_ratio": null,
            "inventory_turnover_ratio": null,
            "account_receivable_turnover_ratio": null,
            "reinvestment_rate": null,
            "research_to_sale_ratio": null,
            "price_fair": 0,
            "eps_avg_yearly": 0,
            "eps_latest_yearly": 0,
            "eps_growth_yearly": 0
        },
        "20033": {
            "year_quarter": 20033,
            "year": 2003,
            "quarter": 3,
            "eps": null,
            "eps_growth_year": null,
            "eps_4q": null,
            "eps_4q_growth_year": null,
            "roe": null,
            "roe_4q": 0,
            "gross_profit": null,
            "gross_margin": null,
            "gross_margin_4q_avg": 0,
            "net_income": null,
            "net_income_4q": null,
            "revenue": null,
            "revenue_4q": null,
            "common_shares": null,
            "book_valuer_per_share": null,
            "book_valuer_per_share_4q_avg": 0,
            "equity": null,
            "current_ratio": null,
            "debt_ratio": null,
            "inventory_turnover_ratio": null,
            "account_receivable_turnover_ratio": null,
            "reinvestment_rate": null,
            "research_to_sale_ratio": null,
            "price_fair": 0,
            "eps_avg_yearly": 0,
            "eps_latest_yearly": 0,
            "eps_growth_yearly": 0
        },
        "20034": {
            "year_quarter": 20034,
            "year": 2003,
            "quarter": 4,
            "eps": null,
            "eps_growth_year": null,
            "eps_4q": null,
            "eps_4q_growth_year": null,
            "roe": null,
            "roe_4q": 0,
            "gross_profit": null,
            "gross_margin": null,
            "gross_margin_4q_avg": 0,
            "net_income": null,
            "net_income_4q": null,
            "revenue": null,
            "revenue_4q": null,
            "common_shares": null,
            "book_valuer_per_share": null,
            "book_valuer_per_share_4q_avg": 0,
            "equity": null,
            "current_ratio": null,
            "debt_ratio": null,
            "inventory_turnover_ratio": null,
            "account_receivable_turnover_ratio": null,
            "reinvestment_rate": null,
            "research_to_sale_ratio": null,
            "price_fair": 0,
            "eps_avg_yearly": 0,
            "eps_latest_yearly": 0,
            "eps_growth_yearly": 0
        },
        "20041": {
            "year_quarter": 20041,
            "year": 2004,
            "quarter": 1,
            "eps": null,
            "eps_growth_year": null,
            "eps_4q": null,
            "eps_4q_growth_year": null,
            "roe": null,
            "roe_4q": 0,
            "gross_profit": null,
            "gross_margin": null,
            "gross_margin_4q_avg": 0,
            "net_income": null,
            "net_income_4q": null,
            "revenue": null,
            "revenue_4q": null,
            "common_shares": null,
            "book_valuer_per_share": null,
            "book_valuer_per_share_4q_avg": 0,
            "equity": null,
            "current_ratio": null,
            "debt_ratio": null,
            "inventory_turnover_ratio": null,
            "account_receivable_turnover_ratio": null,
            "reinvestment_rate": null,
            "research_to_sale_ratio": null,
            "price_fair": 0,
            "eps_avg_yearly": 0,
            "eps_latest_yearly": 0,
            "eps_growth_yearly": 0
        },
        "20042": {
            "year_quarter": 20042,
            "year": 2004,
            "quarter": 2,
            "eps": null,
            "eps_growth_year": null,
            "eps_4q": null,
            "eps_4q_growth_year": null,
            "roe": null,
            "roe_4q": 0,
            "gross_profit": null,
            "gross_margin": null,
            "gross_margin_4q_avg": 0,
            "net_income": null,
            "net_income_4q": null,
            "revenue": null,
            "revenue_4q": null,
            "common_shares": null,
            "book_valuer_per_share": null,
            "book_valuer_per_share_4q_avg": 0,
            "equity": null,
            "current_ratio": null,
            "debt_ratio": null,
            "inventory_turnover_ratio": null,
            "account_receivable_turnover_ratio": null,
            "reinvestment_rate": null,
            "research_to_sale_ratio": null,
            "price_fair": 0,
            "eps_avg_yearly": 0,
            "eps_latest_yearly": 0,
            "eps_growth_yearly": 0
        },
        "20043": {
            "year_quarter": 20043,
            "year": 2004,
            "quarter": 3,
            "eps": null,
            "eps_growth_year": null,
            "eps_4q": null,
            "eps_4q_growth_year": null,
            "roe": null,
            "roe_4q": 0,
            "gross_profit": null,
            "gross_margin": null,
            "gross_margin_4q_avg": 0,
            "net_income": null,
            "net_income_4q": null,
            "revenue": null,
            "revenue_4q": null,
            "common_shares": null,
            "book_valuer_per_share": null,
            "book_valuer_per_share_4q_avg": 0,
            "equity": null,
            "current_ratio": null,
            "debt_ratio": null,
            "inventory_turnover_ratio": null,
            "account_receivable_turnover_ratio": null,
            "reinvestment_rate": null,
            "research_to_sale_ratio": null,
            "price_fair": 0,
            "eps_avg_yearly": 0,
            "eps_latest_yearly": 0,
            "eps_growth_yearly": 0
        },
        "20044": {
            "year_quarter": 20044,
            "year": 2004,
            "quarter": 4,
            "eps": null,
            "eps_growth_year": null,
            "eps_4q": null,
            "eps_4q_growth_year": null,
            "roe": null,
            "roe_4q": 0,
            "gross_profit": null,
            "gross_margin": null,
            "gross_margin_4q_avg": 0,
            "net_income": null,
            "net_income_4q": null,
            "revenue": null,
            "revenue_4q": null,
            "common_shares": null,
            "book_valuer_per_share": null,
            "book_valuer_per_share_4q_avg": 0,
            "equity": null,
            "current_ratio": null,
            "debt_ratio": null,
            "inventory_turnover_ratio": null,
            "account_receivable_turnover_ratio": null,
            "reinvestment_rate": null,
            "research_to_sale_ratio": null,
            "price_fair": 0,
            "eps_avg_yearly": 0,
            "eps_latest_yearly": 0,
            "eps_growth_yearly": 0
        },
        "20051": {
            "year_quarter": 20051,
            "year": 2005,
            "quarter": 1,
            "eps": null,
            "eps_growth_year": null,
            "eps_4q": null,
            "eps_4q_growth_year": null,
            "roe": null,
            "roe_4q": 0,
            "gross_profit": null,
            "gross_margin": null,
            "gross_margin_4q_avg": 0,
            "net_income": null,
            "net_income_4q": null,
            "revenue": null,
            "revenue_4q": null,
            "common_shares": null,
            "book_valuer_per_share": null,
            "book_valuer_per_share_4q_avg": 0,
            "equity": null,
            "current_ratio": null,
            "debt_ratio": null,
            "inventory_turnover_ratio": null,
            "account_receivable_turnover_ratio": null,
            "reinvestment_rate": null,
            "research_to_sale_ratio": null,
            "price_fair": 0,
            "eps_avg_yearly": 0,
            "eps_latest_yearly": 0,
            "eps_growth_yearly": 0
        },
        "20052": {
            "year_quarter": 20052,
            "year": 2005,
            "quarter": 2,
            "eps": null,
            "eps_growth_year": null,
            "eps_4q": null,
            "eps_4q_growth_year": null,
            "roe": null,
            "roe_4q": 0,
            "gross_profit": null,
            "gross_margin": null,
            "gross_margin_4q_avg": 0,
            "net_income": null,
            "net_income_4q": null,
            "revenue": null,
            "revenue_4q": null,
            "common_shares": null,
            "book_valuer_per_share": null,
            "book_valuer_per_share_4q_avg": 0,
            "equity": null,
            "current_ratio": null,
            "debt_ratio": null,
            "inventory_turnover_ratio": null,
            "account_receivable_turnover_ratio": null,
            "reinvestment_rate": null,
            "research_to_sale_ratio": null,
            "price_fair": 0,
            "eps_avg_yearly": 0,
            "eps_latest_yearly": 0,
            "eps_growth_yearly": 0
        },
        "20053": {
            "year_quarter": 20053,
            "year": 2005,
            "quarter": 3,
            "eps": null,
            "eps_growth_year": null,
            "eps_4q": null,
            "eps_4q_growth_year": null,
            "roe": null,
            "roe_4q": 0,
            "gross_profit": null,
            "gross_margin": null,
            "gross_margin_4q_avg": 0,
            "net_income": null,
            "net_income_4q": null,
            "revenue": null,
            "revenue_4q": null,
            "common_shares": null,
            "book_valuer_per_share": null,
            "book_valuer_per_share_4q_avg": 0,
            "equity": null,
            "current_ratio": null,
            "debt_ratio": null,
            "inventory_turnover_ratio": null,
            "account_receivable_turnover_ratio": null,
            "reinvestment_rate": null,
            "research_to_sale_ratio": null,
            "price_fair": 0,
            "eps_avg_yearly": 0,
            "eps_latest_yearly": 0,
            "eps_growth_yearly": 0
        },
        "20054": {
            "year_quarter": 20054,
            "year": 2005,
            "quarter": 4,
            "eps": null,
            "eps_growth_year": null,
            "eps_4q": null,
            "eps_4q_growth_year": null,
            "roe": null,
            "roe_4q": 0,
            "gross_profit": null,
            "gross_margin": null,
            "gross_margin_4q_avg": 0,
            "net_income": null,
            "net_income_4q": null,
            "revenue": null,
            "revenue_4q": null,
            "common_shares": null,
            "book_valuer_per_share": null,
            "book_valuer_per_share_4q_avg": 0,
            "equity": null,
            "current_ratio": null,
            "debt_ratio": null,
            "inventory_turnover_ratio": null,
            "account_receivable_turnover_ratio": null,
            "reinvestment_rate": null,
            "research_to_sale_ratio": null,
            "price_fair": 0,
            "eps_avg_yearly": 0,
            "eps_latest_yearly": 0,
            "eps_growth_yearly": 0
        },
        "20061": {
            "year_quarter": 20061,
            "year": 2006,
            "quarter": 1,
            "eps": null,
            "eps_growth_year": null,
            "eps_4q": null,
            "eps_4q_growth_year": null,
            "roe": null,
            "roe_4q": 0,
            "gross_profit": null,
            "gross_margin": null,
            "gross_margin_4q_avg": 0,
            "net_income": null,
            "net_income_4q": null,
            "revenue": null,
            "revenue_4q": null,
            "common_shares": null,
            "book_valuer_per_share": null,
            "book_valuer_per_share_4q_avg": 0,
            "equity": null,
            "current_ratio": null,
            "debt_ratio": null,
            "inventory_turnover_ratio": null,
            "account_receivable_turnover_ratio": null,
            "reinvestment_rate": null,
            "research_to_sale_ratio": null,
            "price_fair": 0,
            "eps_avg_yearly": 0,
            "eps_latest_yearly": 0,
            "eps_growth_yearly": 0
        },
        "20062": {
            "year_quarter": 20062,
            "year": 2006,
            "quarter": 2,
            "eps": null,
            "eps_growth_year": null,
            "eps_4q": null,
            "eps_4q_growth_year": null,
            "roe": null,
            "roe_4q": 0,
            "gross_profit": null,
            "gross_margin": null,
            "gross_margin_4q_avg": 0,
            "net_income": null,
            "net_income_4q": null,
            "revenue": null,
            "revenue_4q": null,
            "common_shares": null,
            "book_valuer_per_share": null,
            "book_valuer_per_share_4q_avg": 0,
            "equity": null,
            "current_ratio": null,
            "debt_ratio": null,
            "inventory_turnover_ratio": null,
            "account_receivable_turnover_ratio": null,
            "reinvestment_rate": null,
            "research_to_sale_ratio": null,
            "price_fair": 0,
            "eps_avg_yearly": 0,
            "eps_latest_yearly": 0,
            "eps_growth_yearly": 0
        },
        "20063": {
            "year_quarter": 20063,
            "year": 2006,
            "quarter": 3,
            "eps": null,
            "eps_growth_year": null,
            "eps_4q": null,
            "eps_4q_growth_year": null,
            "roe": null,
            "roe_4q": 0,
            "gross_profit": null,
            "gross_margin": null,
            "gross_margin_4q_avg": 0,
            "net_income": null,
            "net_income_4q": null,
            "revenue": null,
            "revenue_4q": null,
            "common_shares": null,
            "book_valuer_per_share": null,
            "book_valuer_per_share_4q_avg": 0,
            "equity": null,
            "current_ratio": null,
            "debt_ratio": null,
            "inventory_turnover_ratio": null,
            "account_receivable_turnover_ratio": null,
            "reinvestment_rate": null,
            "research_to_sale_ratio": null,
            "price_fair": 0,
            "eps_avg_yearly": 0,
            "eps_latest_yearly": 0,
            "eps_growth_yearly": 0
        },
        "20064": {
            "year_quarter": 20064,
            "year": 2006,
            "quarter": 4,
            "eps": null,
            "eps_growth_year": null,
            "eps_4q": null,
            "eps_4q_growth_year": null,
            "roe": null,
            "roe_4q": 0,
            "gross_profit": null,
            "gross_margin": null,
            "gross_margin_4q_avg": 0,
            "net_income": null,
            "net_income_4q": null,
            "revenue": null,
            "revenue_4q": null,
            "common_shares": null,
            "book_valuer_per_share": null,
            "book_valuer_per_share_4q_avg": 0,
            "equity": null,
            "current_ratio": null,
            "debt_ratio": null,
            "inventory_turnover_ratio": null,
            "account_receivable_turnover_ratio": null,
            "reinvestment_rate": null,
            "research_to_sale_ratio": null,
            "price_fair": 0,
            "eps_avg_yearly": 0,
            "eps_latest_yearly": 0,
            "eps_growth_yearly": 0
        },
        "20071": {
            "year_quarter": 20071,
            "year": 2007,
            "quarter": 1,
            "eps": null,
            "eps_growth_year": null,
            "eps_4q": null,
            "eps_4q_growth_year": null,
            "roe": null,
            "roe_4q": 0,
            "gross_profit": null,
            "gross_margin": null,
            "gross_margin_4q_avg": 0,
            "net_income": null,
            "net_income_4q": null,
            "revenue": null,
            "revenue_4q": null,
            "common_shares": null,
            "book_valuer_per_share": null,
            "book_valuer_per_share_4q_avg": 0,
            "equity": null,
            "current_ratio": null,
            "debt_ratio": null,
            "inventory_turnover_ratio": null,
            "account_receivable_turnover_ratio": null,
            "reinvestment_rate": null,
            "research_to_sale_ratio": null,
            "price_fair": 0,
            "eps_avg_yearly": 0,
            "eps_latest_yearly": 0,
            "eps_growth_yearly": 0
        },
        "20072": {
            "year_quarter": 20072,
            "year": 2007,
            "quarter": 2,
            "eps": null,
            "eps_growth_year": null,
            "eps_4q": null,
            "eps_4q_growth_year": null,
            "roe": null,
            "roe_4q": 0,
            "gross_profit": null,
            "gross_margin": null,
            "gross_margin_4q_avg": 0,
            "net_income": null,
            "net_income_4q": null,
            "revenue": null,
            "revenue_4q": null,
            "common_shares": null,
            "book_valuer_per_share": null,
            "book_valuer_per_share_4q_avg": 0,
            "equity": null,
            "current_ratio": null,
            "debt_ratio": null,
            "inventory_turnover_ratio": null,
            "account_receivable_turnover_ratio": null,
            "reinvestment_rate": null,
            "research_to_sale_ratio": null,
            "price_fair": 0,
            "eps_avg_yearly": 0,
            "eps_latest_yearly": 0,
            "eps_growth_yearly": 0
        },
        "20073": {
            "year_quarter": 20073,
            "year": 2007,
            "quarter": 3,
            "eps": null,
            "eps_growth_year": null,
            "eps_4q": null,
            "eps_4q_growth_year": null,
            "roe": null,
            "roe_4q": 0,
            "gross_profit": null,
            "gross_margin": null,
            "gross_margin_4q_avg": 0,
            "net_income": null,
            "net_income_4q": null,
            "revenue": null,
            "revenue_4q": null,
            "common_shares": null,
            "book_valuer_per_share": null,
            "book_valuer_per_share_4q_avg": 0,
            "equity": null,
            "current_ratio": null,
            "debt_ratio": null,
            "inventory_turnover_ratio": null,
            "account_receivable_turnover_ratio": null,
            "reinvestment_rate": null,
            "research_to_sale_ratio": null,
            "price_fair": 0,
            "eps_avg_yearly": 0,
            "eps_latest_yearly": 0,
            "eps_growth_yearly": 0
        },
        "20074": {
            "year_quarter": 20074,
            "year": 2007,
            "quarter": 4,
            "eps": null,
            "eps_growth_year": null,
            "eps_4q": null,
            "eps_4q_growth_year": null,
            "roe": null,
            "roe_4q": 0,
            "gross_profit": null,
            "gross_margin": null,
            "gross_margin_4q_avg": 0,
            "net_income": null,
            "net_income_4q": null,
            "revenue": null,
            "revenue_4q": null,
            "common_shares": 280000,
            "book_valuer_per_share": 13.87,
            "book_valuer_per_share_4q_avg": 3.47,
            "equity": 388378,
            "current_ratio": 109.55,
            "debt_ratio": 78.53,
            "inventory_turnover_ratio": null,
            "account_receivable_turnover_ratio": null,
            "reinvestment_rate": null,
            "research_to_sale_ratio": null,
            "price_fair": 0,
            "eps_avg_yearly": 0,
            "eps_latest_yearly": 0,
            "eps_growth_yearly": 0
        },
        "20081": {
            "year_quarter": 20081,
            "year": 2008,
            "quarter": 1,
            "eps": null,
            "eps_growth_year": null,
            "eps_4q": null,
            "eps_4q_growth_year": null,
            "roe": null,
            "roe_4q": 0,
            "gross_profit": null,
            "gross_margin": null,
            "gross_margin_4q_avg": 0,
            "net_income": null,
            "net_income_4q": null,
            "revenue": null,
            "revenue_4q": null,
            "common_shares": null,
            "book_valuer_per_share": null,
            "book_valuer_per_share_4q_avg": 3.47,
            "equity": null,
            "current_ratio": null,
            "debt_ratio": null,
            "inventory_turnover_ratio": null,
            "account_receivable_turnover_ratio": null,
            "reinvestment_rate": null,
            "research_to_sale_ratio": null,
            "price_fair": 0,
            "eps_avg_yearly": 0,
            "eps_latest_yearly": 0,
            "eps_growth_yearly": 0
        },
        "20082": {
            "year_quarter": 20082,
            "year": 2008,
            "quarter": 2,
            "eps": null,
            "eps_growth_year": null,
            "eps_4q": null,
            "eps_4q_growth_year": null,
            "roe": null,
            "roe_4q": 0,
            "gross_profit": null,
            "gross_margin": null,
            "gross_margin_4q_avg": 0,
            "net_income": null,
            "net_income_4q": null,
            "revenue": null,
            "revenue_4q": null,
            "common_shares": null,
            "book_valuer_per_share": null,
            "book_valuer_per_share_4q_avg": 3.47,
            "equity": null,
            "current_ratio": null,
            "debt_ratio": null,
            "inventory_turnover_ratio": null,
            "account_receivable_turnover_ratio": null,
            "reinvestment_rate": null,
            "research_to_sale_ratio": null,
            "price_fair": 0,
            "eps_avg_yearly": 0,
            "eps_latest_yearly": 0,
            "eps_growth_yearly": 0
        },
        "20083": {
            "year_quarter": 20083,
            "year": 2008,
            "quarter": 3,
            "eps": null,
            "eps_growth_year": null,
            "eps_4q": null,
            "eps_4q_growth_year": null,
            "roe": null,
            "roe_4q": 0,
            "gross_profit": null,
            "gross_margin": null,
            "gross_margin_4q_avg": 0,
            "net_income": null,
            "net_income_4q": null,
            "revenue": null,
            "revenue_4q": null,
            "common_shares": null,
            "book_valuer_per_share": null,
            "book_valuer_per_share_4q_avg": 3.47,
            "equity": null,
            "current_ratio": null,
            "debt_ratio": null,
            "inventory_turnover_ratio": null,
            "account_receivable_turnover_ratio": null,
            "reinvestment_rate": null,
            "research_to_sale_ratio": null,
            "price_fair": 0,
            "eps_avg_yearly": 0,
            "eps_latest_yearly": 0,
            "eps_growth_yearly": 0
        },
        "20084": {
            "year_quarter": 20084,
            "year": 2008,
            "quarter": 4,
            "eps": null,
            "eps_growth_year": null,
            "eps_4q": null,
            "eps_4q_growth_year": null,
            "roe": null,
            "roe_4q": 0,
            "gross_profit": null,
            "gross_margin": null,
            "gross_margin_4q_avg": 0,
            "net_income": null,
            "net_income_4q": null,
            "revenue": null,
            "revenue_4q": null,
            "common_shares": 280000,
            "book_valuer_per_share": 13.79,
            "book_valuer_per_share_4q_avg": 3.45,
            "equity": 386227,
            "current_ratio": 109.49,
            "debt_ratio": 77.78,
            "inventory_turnover_ratio": null,
            "account_receivable_turnover_ratio": null,
            "reinvestment_rate": null,
            "research_to_sale_ratio": null,
            "price_fair": 0,
            "eps_avg_yearly": 0,
            "eps_latest_yearly": 0,
            "eps_growth_yearly": 0
        },
        "20091": {
            "year_quarter": 20091,
            "year": 2009,
            "quarter": 1,
            "eps": null,
            "eps_growth_year": null,
            "eps_4q": null,
            "eps_4q_growth_year": null,
            "roe": null,
            "roe_4q": 0,
            "gross_profit": null,
            "gross_margin": null,
            "gross_margin_4q_avg": 0,
            "net_income": null,
            "net_income_4q": null,
            "revenue": null,
            "revenue_4q": null,
            "common_shares": null,
            "book_valuer_per_share": null,
            "book_valuer_per_share_4q_avg": 3.45,
            "equity": null,
            "current_ratio": null,
            "debt_ratio": null,
            "inventory_turnover_ratio": null,
            "account_receivable_turnover_ratio": null,
            "reinvestment_rate": null,
            "research_to_sale_ratio": null,
            "price_fair": 0,
            "eps_avg_yearly": 0,
            "eps_latest_yearly": 0,
            "eps_growth_yearly": 0
        },
        "20092": {
            "year_quarter": 20092,
            "year": 2009,
            "quarter": 2,
            "eps": null,
            "eps_growth_year": null,
            "eps_4q": null,
            "eps_4q_growth_year": null,
            "roe": null,
            "roe_4q": 0,
            "gross_profit": null,
            "gross_margin": null,
            "gross_margin_4q_avg": 0,
            "net_income": null,
            "net_income_4q": null,
            "revenue": null,
            "revenue_4q": null,
            "common_shares": null,
            "book_valuer_per_share": null,
            "book_valuer_per_share_4q_avg": 3.45,
            "equity": null,
            "current_ratio": null,
            "debt_ratio": null,
            "inventory_turnover_ratio": null,
            "account_receivable_turnover_ratio": null,
            "reinvestment_rate": null,
            "research_to_sale_ratio": null,
            "price_fair": 0,
            "eps_avg_yearly": 0,
            "eps_latest_yearly": 0,
            "eps_growth_yearly": 0
        },
        "20093": {
            "year_quarter": 20093,
            "year": 2009,
            "quarter": 3,
            "eps": null,
            "eps_growth_year": null,
            "eps_4q": null,
            "eps_4q_growth_year": null,
            "roe": null,
            "roe_4q": 0,
            "gross_profit": null,
            "gross_margin": null,
            "gross_margin_4q_avg": 0,
            "net_income": null,
            "net_income_4q": null,
            "revenue": null,
            "revenue_4q": null,
            "common_shares": null,
            "book_valuer_per_share": null,
            "book_valuer_per_share_4q_avg": 3.45,
            "equity": null,
            "current_ratio": null,
            "debt_ratio": null,
            "inventory_turnover_ratio": null,
            "account_receivable_turnover_ratio": null,
            "reinvestment_rate": null,
            "research_to_sale_ratio": null,
            "price_fair": 0,
            "eps_avg_yearly": 0,
            "eps_latest_yearly": 0,
            "eps_growth_yearly": 0
        },
        "20094": {
            "year_quarter": 20094,
            "year": 2009,
            "quarter": 4,
            "eps": null,
            "eps_growth_year": null,
            "eps_4q": null,
            "eps_4q_growth_year": null,
            "roe": null,
            "roe_4q": 0,
            "gross_profit": null,
            "gross_margin": null,
            "gross_margin_4q_avg": 0,
            "net_income": null,
            "net_income_4q": null,
            "revenue": null,
            "revenue_4q": null,
            "common_shares": 336000,
            "book_valuer_per_share": 13.39,
            "book_valuer_per_share_4q_avg": 3.35,
            "equity": 449937,
            "current_ratio": 111.23,
            "debt_ratio": 72.89,
            "inventory_turnover_ratio": null,
            "account_receivable_turnover_ratio": null,
            "reinvestment_rate": null,
            "research_to_sale_ratio": null,
            "price_fair": 0,
            "eps_avg_yearly": 0,
            "eps_latest_yearly": 0,
            "eps_growth_yearly": 0
        },
        "20101": {
            "year_quarter": 20101,
            "year": 2010,
            "quarter": 1,
            "eps": null,
            "eps_growth_year": null,
            "eps_4q": null,
            "eps_4q_growth_year": null,
            "roe": null,
            "roe_4q": 0,
            "gross_profit": null,
            "gross_margin": null,
            "gross_margin_4q_avg": 0,
            "net_income": null,
            "net_income_4q": null,
            "revenue": null,
            "revenue_4q": null,
            "common_shares": null,
            "book_valuer_per_share": null,
            "book_valuer_per_share_4q_avg": 3.35,
            "equity": null,
            "current_ratio": null,
            "debt_ratio": null,
            "inventory_turnover_ratio": null,
            "account_receivable_turnover_ratio": null,
            "reinvestment_rate": null,
            "research_to_sale_ratio": null,
            "price_fair": 0,
            "eps_avg_yearly": 0,
            "eps_latest_yearly": 0,
            "eps_growth_yearly": 0
        },
        "20102": {
            "year_quarter": 20102,
            "year": 2010,
            "quarter": 2,
            "eps": null,
            "eps_growth_year": null,
            "eps_4q": null,
            "eps_4q_growth_year": null,
            "roe": null,
            "roe_4q": 0,
            "gross_profit": null,
            "gross_margin": null,
            "gross_margin_4q_avg": 0,
            "net_income": null,
            "net_income_4q": null,
            "revenue": null,
            "revenue_4q": null,
            "common_shares": null,
            "book_valuer_per_share": null,
            "book_valuer_per_share_4q_avg": 3.35,
            "equity": null,
            "current_ratio": null,
            "debt_ratio": null,
            "inventory_turnover_ratio": null,
            "account_receivable_turnover_ratio": null,
            "reinvestment_rate": null,
            "research_to_sale_ratio": null,
            "price_fair": 0,
            "eps_avg_yearly": 0,
            "eps_latest_yearly": 0,
            "eps_growth_yearly": 0
        },
        "20103": {
            "year_quarter": 20103,
            "year": 2010,
            "quarter": 3,
            "eps": null,
            "eps_growth_year": null,
            "eps_4q": null,
            "eps_4q_growth_year": null,
            "roe": null,
            "roe_4q": 0,
            "gross_profit": null,
            "gross_margin": null,
            "gross_margin_4q_avg": 0,
            "net_income": null,
            "net_income_4q": null,
            "revenue": null,
            "revenue_4q": null,
            "common_shares": null,
            "book_valuer_per_share": null,
            "book_valuer_per_share_4q_avg": 3.35,
            "equity": null,
            "current_ratio": null,
            "debt_ratio": null,
            "inventory_turnover_ratio": null,
            "account_receivable_turnover_ratio": null,
            "reinvestment_rate": null,
            "research_to_sale_ratio": null,
            "price_fair": 0,
            "eps_avg_yearly": 0,
            "eps_latest_yearly": 0,
            "eps_growth_yearly": 0
        },
        "20104": {
            "year_quarter": 20104,
            "year": 2010,
            "quarter": 4,
            "eps": null,
            "eps_growth_year": null,
            "eps_4q": null,
            "eps_4q_growth_year": null,
            "roe": null,
            "roe_4q": 0,
            "gross_profit": null,
            "gross_margin": null,
            "gross_margin_4q_avg": 0,
            "net_income": null,
            "net_income_4q": null,
            "revenue": null,
            "revenue_4q": null,
            "common_shares": 382000,
            "book_valuer_per_share": 14.85,
            "book_valuer_per_share_4q_avg": 3.71,
            "equity": 570834,
            "current_ratio": 114.32,
            "debt_ratio": 72.12,
            "inventory_turnover_ratio": null,
            "account_receivable_turnover_ratio": null,
            "reinvestment_rate": null,
            "research_to_sale_ratio": null,
            "price_fair": 0,
            "eps_avg_yearly": 0,
            "eps_latest_yearly": 0,
            "eps_growth_yearly": 0
        },
        "20111": {
            "year_quarter": 20111,
            "year": 2011,
            "quarter": 1,
            "eps": null,
            "eps_growth_year": null,
            "eps_4q": null,
            "eps_4q_growth_year": null,
            "roe": null,
            "roe_4q": 0,
            "gross_profit": null,
            "gross_margin": null,
            "gross_margin_4q_avg": 0,
            "net_income": null,
            "net_income_4q": null,
            "revenue": null,
            "revenue_4q": null,
            "common_shares": null,
            "book_valuer_per_share": null,
            "book_valuer_per_share_4q_avg": 3.71,
            "equity": null,
            "current_ratio": null,
            "debt_ratio": null,
            "inventory_turnover_ratio": null,
            "account_receivable_turnover_ratio": null,
            "reinvestment_rate": null,
            "research_to_sale_ratio": null,
            "price_fair": 0,
            "eps_avg_yearly": 0,
            "eps_latest_yearly": 0,
            "eps_growth_yearly": 0
        },
        "20112": {
            "year_quarter": 20112,
            "year": 2011,
            "quarter": 2,
            "eps": null,
            "eps_growth_year": null,
            "eps_4q": null,
            "eps_4q_growth_year": null,
            "roe": null,
            "roe_4q": 0,
            "gross_profit": null,
            "gross_margin": null,
            "gross_margin_4q_avg": 0,
            "net_income": null,
            "net_income_4q": null,
            "revenue": null,
            "revenue_4q": null,
            "common_shares": 0,
            "book_valuer_per_share": null,
            "book_valuer_per_share_4q_avg": 3.71,
            "equity": 0,
            "current_ratio": null,
            "debt_ratio": null,
            "inventory_turnover_ratio": null,
            "account_receivable_turnover_ratio": null,
            "reinvestment_rate": null,
            "research_to_sale_ratio": null,
            "price_fair": 0,
            "eps_avg_yearly": 0,
            "eps_latest_yearly": 0,
            "eps_growth_yearly": 0
        },
        "20113": {
            "year_quarter": 20113,
            "year": 2011,
            "quarter": 3,
            "eps": null,
            "eps_growth_year": null,
            "eps_4q": null,
            "eps_4q_growth_year": null,
            "roe": null,
            "roe_4q": 0,
            "gross_profit": null,
            "gross_margin": null,
            "gross_margin_4q_avg": 0,
            "net_income": null,
            "net_income_4q": null,
            "revenue": null,
            "revenue_4q": null,
            "common_shares": null,
            "book_valuer_per_share": null,
            "book_valuer_per_share_4q_avg": 3.71,
            "equity": null,
            "current_ratio": null,
            "debt_ratio": null,
            "inventory_turnover_ratio": null,
            "account_receivable_turnover_ratio": null,
            "reinvestment_rate": null,
            "research_to_sale_ratio": null,
            "price_fair": 0,
            "eps_avg_yearly": 0,
            "eps_latest_yearly": 0,
            "eps_growth_yearly": 0
        },
        "20114": {
            "year_quarter": 20114,
            "year": 2011,
            "quarter": 4,
            "eps": null,
            "eps_growth_year": null,
            "eps_4q": null,
            "eps_4q_growth_year": null,
            "roe": null,
            "roe_4q": 0,
            "gross_profit": null,
            "gross_margin": null,
            "gross_margin_4q_avg": 0,
            "net_income": null,
            "net_income_4q": null,
            "revenue": null,
            "revenue_4q": null,
            "common_shares": 382000,
            "book_valuer_per_share": 14.49,
            "book_valuer_per_share_4q_avg": 3.62,
            "equity": 554577,
            "current_ratio": 110.3,
            "debt_ratio": 74.81,
            "inventory_turnover_ratio": null,
            "account_receivable_turnover_ratio": null,
            "reinvestment_rate": null,
            "research_to_sale_ratio": null,
            "price_fair": 0,
            "eps_avg_yearly": 0,
            "eps_latest_yearly": 0,
            "eps_growth_yearly": 0
        },
        "20121": {
            "year_quarter": 20121,
            "year": 2012,
            "quarter": 1,
            "eps": null,
            "eps_growth_year": null,
            "eps_4q": null,
            "eps_4q_growth_year": null,
            "roe": null,
            "roe_4q": 0,
            "gross_profit": 451297,
            "gross_margin": null,
            "gross_margin_4q_avg": 0,
            "net_income": 35897,
            "net_income_4q": null,
            "revenue": 2865565,
            "revenue_4q": null,
            "common_shares": 550000,
            "book_valuer_per_share": null,
            "book_valuer_per_share_4q_avg": 3.62,
            "equity": 1006890,
            "current_ratio": null,
            "debt_ratio": null,
            "inventory_turnover_ratio": null,
            "account_receivable_turnover_ratio": null,
            "reinvestment_rate": null,
            "research_to_sale_ratio": null,
            "price_fair": 0,
            "eps_avg_yearly": 0,
            "eps_latest_yearly": 0,
            "eps_growth_yearly": 0
        },
        "20122": {
            "year_quarter": 20122,
            "year": 2012,
            "quarter": 2,
            "eps": null,
            "eps_growth_year": null,
            "eps_4q": null,
            "eps_4q_growth_year": null,
            "roe": null,
            "roe_4q": 0,
            "gross_profit": 505193,
            "gross_margin": null,
            "gross_margin_4q_avg": 0,
            "net_income": 19736,
            "net_income_4q": null,
            "revenue": 3657853,
            "revenue_4q": null,
            "common_shares": 550000,
            "book_valuer_per_share": 18.48,
            "book_valuer_per_share_4q_avg": 8.24,
            "equity": 1017252,
            "current_ratio": 122.45,
            "debt_ratio": 69.98,
            "inventory_turnover_ratio": null,
            "account_receivable_turnover_ratio": null,
            "reinvestment_rate": null,
            "research_to_sale_ratio": null,
            "price_fair": 0,
            "eps_avg_yearly": 0,
            "eps_latest_yearly": 0,
            "eps_growth_yearly": 0
        },
        "20123": {
            "year_quarter": 20123,
            "year": 2012,
            "quarter": 3,
            "eps": null,
            "eps_growth_year": null,
            "eps_4q": null,
            "eps_4q_growth_year": null,
            "roe": null,
            "roe_4q": 0,
            "gross_profit": 479845,
            "gross_margin": null,
            "gross_margin_4q_avg": 0,
            "net_income": 42383,
            "net_income_4q": null,
            "revenue": 4117098,
            "revenue_4q": null,
            "common_shares": 610500,
            "book_valuer_per_share": null,
            "book_valuer_per_share_4q_avg": 8.24,
            "equity": 1059000,
            "current_ratio": null,
            "debt_ratio": null,
            "inventory_turnover_ratio": null,
            "account_receivable_turnover_ratio": null,
            "reinvestment_rate": null,
            "research_to_sale_ratio": null,
            "price_fair": 0,
            "eps_avg_yearly": 0,
            "eps_latest_yearly": 0,
            "eps_growth_yearly": 0
        },
        "20124": {
            "year_quarter": 20124,
            "year": 2012,
            "quarter": 4,
            "eps": null,
            "eps_growth_year": null,
            "eps_4q": null,
            "eps_4q_growth_year": null,
            "roe": null,
            "roe_4q": 0,
            "gross_profit": 468781,
            "gross_margin": null,
            "gross_margin_4q_avg": 0,
            "net_income": 37911,
            "net_income_4q": null,
            "revenue": 3126498,
            "revenue_4q": null,
            "common_shares": 610500,
            "book_valuer_per_share": 17.93,
            "book_valuer_per_share_4q_avg": 9.1,
            "equity": 1096050,
            "current_ratio": 128.71,
            "debt_ratio": 65.82,
            "inventory_turnover_ratio": null,
            "account_receivable_turnover_ratio": null,
            "reinvestment_rate": null,
            "research_to_sale_ratio": null,
            "price_fair": 0,
            "eps_avg_yearly": 0,
            "eps_latest_yearly": 0,
            "eps_growth_yearly": 0
        },
        "20131": {
            "year_quarter": 20131,
            "year": 2013,
            "quarter": 1,
            "eps": 1.45,
            "eps_growth_year": null,
            "eps_4q": 1.45,
            "eps_4q_growth_year": null,
            "roe": 7.78,
            "roe_4q": 7.78,
            "gross_profit": 541138,
            "gross_margin": 16.92,
            "gross_margin_4q_avg": 4.23,
            "net_income": 88829,
            "net_income_4q": null,
            "revenue": 3198284,
            "revenue_4q": null,
            "common_shares": 610500,
            "book_valuer_per_share": 19.43,
            "book_valuer_per_share_4q_avg": 13.96,
            "equity": 1187761,
            "current_ratio": 131.7,
            "debt_ratio": 64.9,
            "inventory_turnover_ratio": null,
            "account_receivable_turnover_ratio": 4.55,
            "reinvestment_rate": null,
            "research_to_sale_ratio": null,
            "price_fair": 0,
            "eps_avg_yearly": 0,
            "eps_latest_yearly": 0,
            "eps_growth_yearly": 0
        },
        "20132": {
            "year_quarter": 20132,
            "year": 2013,
            "quarter": 2,
            "eps": 1.2,
            "eps_growth_year": null,
            "eps_4q": 2.65,
            "eps_4q_growth_year": null,
            "roe": 6.35,
            "roe_4q": 14.129999999999999,
            "gross_profit": 563722,
            "gross_margin": 14.11,
            "gross_margin_4q_avg": 7.76,
            "net_income": 74133,
            "net_income_4q": null,
            "revenue": 3994102,
            "revenue_4q": null,
            "common_shares": 610500,
            "book_valuer_per_share": 18.73,
            "book_valuer_per_share_4q_avg": 14.02,
            "equity": 1145673,
            "current_ratio": 122.49,
            "debt_ratio": 71.44,
            "inventory_turnover_ratio": null,
            "account_receivable_turnover_ratio": 5.37,
            "reinvestment_rate": null,
            "research_to_sale_ratio": null,
            "price_fair": 14.4,
            "eps_avg_yearly": 4.8,
            "eps_latest_yearly": 4.8,
            "eps_growth_yearly": -68.97
        },
        "20133": {
            "year_quarter": 20133,
            "year": 2013,
            "quarter": 3,
            "eps": 2.21,
            "eps_growth_year": null,
            "eps_4q": 4.28,
            "eps_4q_growth_year": null,
            "roe": 8.92,
            "roe_4q": 23.05,
            "gross_profit": 646840,
            "gross_margin": 12.94,
            "gross_margin_4q_avg": 10.99,
            "net_income": 137523,
            "net_income_4q": null,
            "revenue": 4999738,
            "revenue_4q": null,
            "common_shares": 700000,
            "book_valuer_per_share": 27.65,
            "book_valuer_per_share_4q_avg": 20.94,
            "equity": 1937411,
            "current_ratio": 163.56,
            "debt_ratio": 54.56,
            "inventory_turnover_ratio": null,
            "account_receivable_turnover_ratio": 6.93,
            "reinvestment_rate": null,
            "research_to_sale_ratio": null,
            "price_fair": 238.7,
            "eps_avg_yearly": 6.82,
            "eps_latest_yearly": 8.84,
            "eps_growth_yearly": 133.85
        },
        "20134": {
            "year_quarter": 20134,
            "year": 2013,
            "quarter": 4,
            "eps": 1.03,
            "eps_growth_year": null,
            "eps_4q": 5.31,
            "eps_4q_growth_year": null,
            "roe": 3.65,
            "roe_4q": 26.700000000000003,
            "gross_profit": 527494,
            "gross_margin": 14.4,
            "gross_margin_4q_avg": 14.59,
            "net_income": 72049,
            "net_income_4q": null,
            "revenue": 3662144,
            "revenue_4q": null,
            "common_shares": 700000,
            "book_valuer_per_share": 28.6,
            "book_valuer_per_share_4q_avg": 23.6,
            "equity": 2008493,
            "current_ratio": 179.78,
            "debt_ratio": 49.36,
            "inventory_turnover_ratio": null,
            "account_receivable_turnover_ratio": 5.53,
            "reinvestment_rate": null,
            "research_to_sale_ratio": null,
            "price_fair": 166.01,
            "eps_avg_yearly": 5.92,
            "eps_latest_yearly": 4.12,
            "eps_growth_yearly": 18.04
        },
        "20141": {
            "year_quarter": 20141,
            "year": 2014,
            "quarter": 1,
            "eps": 1.19,
            "eps_growth_year": -17.93,
            "eps_4q": 5.23,
            "eps_4q_growth_year": 259.87,
            "roe": 4.01,
            "roe_4q": 22.93,
            "gross_profit": 534604,
            "gross_margin": 15.6,
            "gross_margin_4q_avg": 14.26,
            "net_income": 82235,
            "net_income_4q": null,
            "revenue": 3425934,
            "revenue_4q": null,
            "common_shares": 700000,
            "book_valuer_per_share": 29.84,
            "book_valuer_per_share_4q_avg": 26.21,
            "equity": 2094611,
            "current_ratio": 177.74,
            "debt_ratio": 50.14,
            "inventory_turnover_ratio": null,
            "account_receivable_turnover_ratio": 4.83,
            "reinvestment_rate": null,
            "research_to_sale_ratio": null,
            "price_fair": 197.05,
            "eps_avg_yearly": 5.63,
            "eps_latest_yearly": 4.76,
            "eps_growth_yearly": 29.07
        },
        "20142": {
            "year_quarter": 20142,
            "year": 2014,
            "quarter": 2,
            "eps": 1.55,
            "eps_growth_year": 29.17,
            "eps_4q": 5.73,
            "eps_4q_growth_year": 115.92,
            "roe": 5.38,
            "roe_4q": 21.96,
            "gross_profit": 644102,
            "gross_margin": 14.01,
            "gross_margin_4q_avg": 14.24,
            "net_income": 108260,
            "net_income_4q": null,
            "revenue": 4598322,
            "revenue_4q": null,
            "common_shares": 700000,
            "book_valuer_per_share": 27.44,
            "book_valuer_per_share_4q_avg": 28.38,
            "equity": 1926802,
            "current_ratio": 146.28,
            "debt_ratio": 61.47,
            "inventory_turnover_ratio": null,
            "account_receivable_turnover_ratio": 5.76,
            "reinvestment_rate": null,
            "research_to_sale_ratio": null,
            "price_fair": 201.04,
            "eps_avg_yearly": 5.74,
            "eps_latest_yearly": 6.2,
            "eps_growth_yearly": 47.45
        },
        "20143": {
            "year_quarter": 20143,
            "year": 2014,
            "quarter": 3,
            "eps": 1.98,
            "eps_growth_year": -10.41,
            "eps_4q": 5.74,
            "eps_4q_growth_year": 34.14,
            "roe": 6.93,
            "roe_4q": 19.97,
            "gross_profit": 672426,
            "gross_margin": 12.24,
            "gross_margin_4q_avg": 14.06,
            "net_income": 138194,
            "net_income_4q": null,
            "revenue": 5495882,
            "revenue_4q": null,
            "common_shares": 700000,
            "book_valuer_per_share": 29.36,
            "book_valuer_per_share_4q_avg": 28.81,
            "equity": 2060871,
            "current_ratio": 161.92,
            "debt_ratio": 55.43,
            "inventory_turnover_ratio": null,
            "account_receivable_turnover_ratio": 6.39,
            "reinvestment_rate": null,
            "research_to_sale_ratio": null,
            "price_fair": 213.73,
            "eps_avg_yearly": 6.11,
            "eps_latest_yearly": 7.92,
            "eps_growth_yearly": 58.04
        },
        "20144": {
            "year_quarter": 20144,
            "year": 2014,
            "quarter": 4,
            "eps": 0.77,
            "eps_growth_year": -25.02,
            "eps_4q": 5.48,
            "eps_4q_growth_year": 3.19,
            "roe": 2.62,
            "roe_4q": 18.939999999999998,
            "gross_profit": 599763,
            "gross_margin": 14.38,
            "gross_margin_4q_avg": 14.06,
            "net_income": 54336,
            "net_income_4q": null,
            "revenue": 4169374,
            "revenue_4q": null,
            "common_shares": 700000,
            "book_valuer_per_share": 29.74,
            "book_valuer_per_share_4q_avg": 29.1,
            "equity": 2087814,
            "current_ratio": 163.58,
            "debt_ratio": 54.59,
            "inventory_turnover_ratio": null,
            "account_receivable_turnover_ratio": 4.9,
            "reinvestment_rate": null,
            "research_to_sale_ratio": null,
            "price_fair": 140.88,
            "eps_avg_yearly": 5.67,
            "eps_latest_yearly": 3.08,
            "eps_growth_yearly": 14.83
        },
        "20151": {
            "year_quarter": 20151,
            "year": 2015,
            "quarter": 1,
            "eps": 1.92,
            "eps_growth_year": 61.34,
            "eps_4q": 6.22,
            "eps_4q_growth_year": 18.9,
            "roe": 6.26,
            "roe_4q": 21.189999999999998,
            "gross_profit": 714279,
            "gross_margin": 16.63,
            "gross_margin_4q_avg": 14.32,
            "net_income": 135047,
            "net_income_4q": null,
            "revenue": 4295957,
            "revenue_4q": null,
            "common_shares": 700000,
            "book_valuer_per_share": 31.62,
            "book_valuer_per_share_4q_avg": 29.54,
            "equity": 2225530,
            "current_ratio": 163.35,
            "debt_ratio": 54.92,
            "inventory_turnover_ratio": null,
            "account_receivable_turnover_ratio": 5.67,
            "reinvestment_rate": null,
            "research_to_sale_ratio": null,
            "price_fair": 207.38,
            "eps_avg_yearly": 5.93,
            "eps_latest_yearly": 7.68,
            "eps_growth_yearly": 87.65
        },
        "20152": {
            "year_quarter": 20152,
            "year": 2015,
            "quarter": 2,
            "eps": 2.5,
            "eps_growth_year": 61.29,
            "eps_4q": 7.17,
            "eps_4q_growth_year": 25.15,
            "roe": 8.1,
            "roe_4q": 23.91,
            "gross_profit": 820902,
            "gross_margin": 13.99,
            "gross_margin_4q_avg": 14.31,
            "net_income": 175040,
            "net_income_4q": null,
            "revenue": 5868084,
            "revenue_4q": null,
            "common_shares": 700000,
            "book_valuer_per_share": 29.8,
            "book_valuer_per_share_4q_avg": 30.13,
            "equity": 2097771,
            "current_ratio": 140.87,
            "debt_ratio": 64.04,
            "inventory_turnover_ratio": null,
            "account_receivable_turnover_ratio": 7.62,
            "reinvestment_rate": null,
            "research_to_sale_ratio": null,
            "price_fair": 223.22,
            "eps_avg_yearly": 6.38,
            "eps_latest_yearly": 10,
            "eps_growth_yearly": 91.34
        },
        "20153": {
            "year_quarter": 20153,
            "year": 2015,
            "quarter": 3,
            "eps": 1.45,
            "eps_growth_year": -26.77,
            "eps_4q": 6.64,
            "eps_4q_growth_year": 15.64,
            "roe": 4.54,
            "roe_4q": 21.52,
            "gross_profit": 680593,
            "gross_margin": 11.1,
            "gross_margin_4q_avg": 14.03,
            "net_income": 97829,
            "net_income_4q": null,
            "revenue": 6130994,
            "revenue_4q": null,
            "common_shares": 700000,
            "book_valuer_per_share": 31.45,
            "book_valuer_per_share_4q_avg": 30.65,
            "equity": 2210006,
            "current_ratio": 159.56,
            "debt_ratio": 56.83,
            "inventory_turnover_ratio": null,
            "account_receivable_turnover_ratio": 7.14,
            "reinvestment_rate": null,
            "research_to_sale_ratio": null,
            "price_fair": 221.2,
            "eps_avg_yearly": 6.32,
            "eps_latest_yearly": 5.8,
            "eps_growth_yearly": 65.4
        },
        "20154": {
            "year_quarter": 20154,
            "year": 2015,
            "quarter": 4,
            "eps": 0.56,
            "eps_growth_year": -27.15,
            "eps_4q": 6.43,
            "eps_4q_growth_year": 17.26,
            "roe": 1.7,
            "roe_4q": 20.6,
            "gross_profit": 627847,
            "gross_margin": 13.33,
            "gross_margin_4q_avg": 13.76,
            "net_income": 37670,
            "net_income_4q": null,
            "revenue": 4709812,
            "revenue_4q": null,
            "common_shares": 700000,
            "book_valuer_per_share": 31.47,
            "book_valuer_per_share_4q_avg": 31.09,
            "equity": 2216456,
            "current_ratio": 161.67,
            "debt_ratio": 56.15,
            "inventory_turnover_ratio": null,
            "account_receivable_turnover_ratio": 5.65,
            "reinvestment_rate": 1.55,
            "research_to_sale_ratio": null,
            "price_fair": 208.22,
            "eps_avg_yearly": 5.95,
            "eps_latest_yearly": 2.24,
            "eps_growth_yearly": 37.14
        },
        "20161": {
            "year_quarter": 20161,
            "year": 2016,
            "quarter": 1,
            "eps": 1.08,
            "eps_growth_year": -43.75,
            "eps_4q": 5.59,
            "eps_4q_growth_year": -10.18,
            "roe": 3.33,
            "roe_4q": 17.67,
            "gross_profit": 643765,
            "gross_margin": 14.04,
            "gross_margin_4q_avg": 13.12,
            "net_income": 75525,
            "net_income_4q": null,
            "revenue": 4584814,
            "revenue_4q": null,
            "common_shares": 700000,
            "book_valuer_per_share": 32.61,
            "book_valuer_per_share_4q_avg": 31.33,
            "equity": 2315330,
            "current_ratio": 159.37,
            "debt_ratio": 56.47,
            "inventory_turnover_ratio": null,
            "account_receivable_turnover_ratio": 5.8,
            "reinvestment_rate": -3.58,
            "research_to_sale_ratio": null,
            "price_fair": 203.47,
            "eps_avg_yearly": 5.81,
            "eps_latest_yearly": 4.32,
            "eps_growth_yearly": 65
        },
        "20162": {
            "year_quarter": 20162,
            "year": 2016,
            "quarter": 2,
            "eps": 1.4,
            "eps_growth_year": -44,
            "eps_4q": 4.49,
            "eps_4q_growth_year": -37.38,
            "roe": 4.32,
            "roe_4q": 13.89,
            "gross_profit": 684799,
            "gross_margin": 11.69,
            "gross_margin_4q_avg": 12.54,
            "net_income": 95636,
            "net_income_4q": null,
            "revenue": 5859888,
            "revenue_4q": null,
            "common_shares": 700000,
            "book_valuer_per_share": 29.27,
            "book_valuer_per_share_4q_avg": 31.2,
            "equity": 2109750,
            "current_ratio": 135.78,
            "debt_ratio": 66.47,
            "inventory_turnover_ratio": null,
            "account_receivable_turnover_ratio": 7.34,
            "reinvestment_rate": -20.28,
            "research_to_sale_ratio": null,
            "price_fair": 202.89,
            "eps_avg_yearly": 5.8,
            "eps_latest_yearly": 5.6,
            "eps_growth_yearly": 69.11
        },
        "20163": {
            "year_quarter": 20163,
            "year": 2016,
            "quarter": 3,
            "eps": 0.89,
            "eps_growth_year": -38.62,
            "eps_4q": 3.94,
            "eps_4q_growth_year": -40.72,
            "roe": 2.76,
            "roe_4q": 12.11,
            "gross_profit": 692860,
            "gross_margin": 11.07,
            "gross_margin_4q_avg": 12.53,
            "net_income": 58810,
            "net_income_4q": null,
            "revenue": 6258735,
            "revenue_4q": null,
            "common_shares": 700000,
            "book_valuer_per_share": 29.91,
            "book_valuer_per_share_4q_avg": 30.82,
            "equity": 2150604,
            "current_ratio": 148.12,
            "debt_ratio": 59.17,
            "inventory_turnover_ratio": null,
            "account_receivable_turnover_ratio": 8.24,
            "reinvestment_rate": 1.32,
            "research_to_sale_ratio": null,
            "price_fair": 197.3,
            "eps_avg_yearly": 5.64,
            "eps_latest_yearly": 3.56,
            "eps_growth_yearly": 53.77
        },
        "20164": {
            "year_quarter": 20164,
            "year": 2016,
            "quarter": 4,
            "eps": 0.17,
            "eps_growth_year": -69.84,
            "eps_4q": 3.54,
            "eps_4q_growth_year": -44.91,
            "roe": 0.44,
            "roe_4q": 10.85,
            "gross_profit": 637373,
            "gross_margin": 12.32,
            "gross_margin_4q_avg": 12.28,
            "net_income": 9422,
            "net_income_4q": null,
            "revenue": 5172264,
            "revenue_4q": null,
            "common_shares": 700000,
            "book_valuer_per_share": 29.68,
            "book_valuer_per_share_4q_avg": 30.37,
            "equity": 2131760,
            "current_ratio": 144.91,
            "debt_ratio": 61.33,
            "inventory_turnover_ratio": null,
            "account_receivable_turnover_ratio": 7.6,
            "reinvestment_rate": -17.68,
            "research_to_sale_ratio": null,
            "price_fair": 185.73,
            "eps_avg_yearly": 5.31,
            "eps_latest_yearly": 0.68,
            "eps_growth_yearly": 28.61
        },
        "20171": {
            "year_quarter": 20171,
            "year": 2017,
            "quarter": 1,
            "eps": 1.39,
            "eps_growth_year": 28.7,
            "eps_4q": 3.85,
            "eps_4q_growth_year": -31.14,
            "roe": 4.42,
            "roe_4q": 11.940000000000001,
            "gross_profit": 748802,
            "gross_margin": 13.46,
            "gross_margin_4q_avg": 12.14,
            "net_income": 95914,
            "net_income_4q": null,
            "revenue": 5561408,
            "revenue_4q": null,
            "common_shares": 700000,
            "book_valuer_per_share": 30.75,
            "book_valuer_per_share_4q_avg": 29.9,
            "equity": 2206115,
            "current_ratio": 143.12,
            "debt_ratio": 62.37,
            "inventory_turnover_ratio": null,
            "account_receivable_turnover_ratio": 7.45,
            "reinvestment_rate": 1.13,
            "research_to_sale_ratio": null,
            "price_fair": 186.29,
            "eps_avg_yearly": 5.32,
            "eps_latest_yearly": 5.56,
            "eps_growth_yearly": 206.23
        },
        "20172": {
            "year_quarter": 20172,
            "year": 2017,
            "quarter": 2,
            "eps": 2.11,
            "eps_growth_year": 50.71,
            "eps_4q": 4.56,
            "eps_4q_growth_year": 1.58,
            "roe": 7.13,
            "roe_4q": 14.75,
            "gross_profit": 849083,
            "gross_margin": 12.07,
            "gross_margin_4q_avg": 12.23,
            "net_income": 153026,
            "net_income_4q": null,
            "revenue": 7033523,
            "revenue_4q": null,
            "common_shares": 700000,
            "book_valuer_per_share": 28.96,
            "book_valuer_per_share_4q_avg": 29.83,
            "equity": 2085852,
            "current_ratio": 129.75,
            "debt_ratio": 69.4,
            "inventory_turnover_ratio": null,
            "account_receivable_turnover_ratio": 8.08,
            "reinvestment_rate": 5.05,
            "research_to_sale_ratio": null,
            "price_fair": 194.25,
            "eps_avg_yearly": 5.55,
            "eps_latest_yearly": 8.44,
            "eps_growth_yearly": 223.49
        },
        "20173": {
            "year_quarter": 20173,
            "year": 2017,
            "quarter": 3,
            "eps": 2.07,
            "eps_growth_year": 132.58,
            "eps_4q": 5.74,
            "eps_4q_growth_year": 45.88,
            "roe": 6.84,
            "roe_4q": 18.830000000000002,
            "gross_profit": 846599,
            "gross_margin": 11.05,
            "gross_margin_4q_avg": 12.23,
            "net_income": 147936,
            "net_income_4q": null,
            "revenue": 7661166,
            "revenue_4q": null,
            "common_shares": 700000,
            "book_valuer_per_share": 31.09,
            "book_valuer_per_share_4q_avg": 30.12,
            "equity": 2240478,
            "current_ratio": 138.64,
            "debt_ratio": 64.85,
            "inventory_turnover_ratio": null,
            "account_receivable_turnover_ratio": 8.04,
            "reinvestment_rate": 5.6,
            "research_to_sale_ratio": null,
            "price_fair": 193.03,
            "eps_avg_yearly": 5.52,
            "eps_latest_yearly": 8.28,
            "eps_growth_yearly": 201.98
        },
        "20174": {
            "year_quarter": 20174,
            "year": 2017,
            "quarter": 4,
            "eps": 0.92,
            "eps_growth_year": 441.88,
            "eps_4q": 6.5,
            "eps_4q_growth_year": 83.35,
            "roe": 2.96,
            "roe_4q": 21.35,
            "gross_profit": 757978,
            "gross_margin": 11.61,
            "gross_margin_4q_avg": 12.05,
            "net_income": 67948,
            "net_income_4q": null,
            "revenue": 6527432,
            "revenue_4q": null,
            "common_shares": 700000,
            "book_valuer_per_share": 31.79,
            "book_valuer_per_share_4q_avg": 30.65,
            "equity": 2347042,
            "current_ratio": 141.74,
            "debt_ratio": 64.16,
            "inventory_turnover_ratio": null,
            "account_receivable_turnover_ratio": 6.94,
            "reinvestment_rate": 6.38,
            "research_to_sale_ratio": null,
            "price_fair": 192.06,
            "eps_avg_yearly": 5.49,
            "eps_latest_yearly": 3.68,
            "eps_growth_yearly": 201.44
        },
        "20181": {
            "year_quarter": 20181,
            "year": 2018,
            "quarter": 1,
            "eps": 1.72,
            "eps_growth_year": 23.74,
            "eps_4q": 6.83,
            "eps_4q_growth_year": 77.46,
            "roe": 4.96,
            "roe_4q": 21.89,
            "gross_profit": 821419,
            "gross_margin": 12.17,
            "gross_margin_4q_avg": 11.73,
            "net_income": 119970,
            "net_income_4q": null,
            "revenue": 6748127,
            "revenue_4q": null,
            "common_shares": 700000,
            "book_valuer_per_share": 33.77,
            "book_valuer_per_share_4q_avg": 31.4,
            "equity": 2489836,
            "current_ratio": 139.98,
            "debt_ratio": 64.66,
            "inventory_turnover_ratio": null,
            "account_receivable_turnover_ratio": 7.36,
            "reinvestment_rate": 6.63,
            "research_to_sale_ratio": null,
            "price_fair": 196.7,
            "eps_avg_yearly": 5.62,
            "eps_latest_yearly": 6.88,
            "eps_growth_yearly": 219.29
        },
        "20182": {
            "year_quarter": 20182,
            "year": 2018,
            "quarter": 2,
            "eps": 1.97,
            "eps_growth_year": -6.64,
            "eps_4q": 6.69,
            "eps_4q_growth_year": 46.61,
            "roe": 6.2,
            "roe_4q": 20.96,
            "gross_profit": 906536,
            "gross_margin": 10.8,
            "gross_margin_4q_avg": 11.41,
            "net_income": 147567,
            "net_income_4q": null,
            "revenue": 8390009,
            "revenue_4q": null,
            "common_shares": 700000,
            "book_valuer_per_share": 30.53,
            "book_valuer_per_share_4q_avg": 31.8,
            "equity": 2270674,
            "current_ratio": 130.65,
            "debt_ratio": 69.8,
            "inventory_turnover_ratio": null,
            "account_receivable_turnover_ratio": 8.26,
            "reinvestment_rate": 7.48,
            "research_to_sale_ratio": null,
            "price_fair": 200.38,
            "eps_avg_yearly": 5.73,
            "eps_latest_yearly": 7.88,
            "eps_growth_yearly": 215.36
        },
        "20183": {
            "year_quarter": 20183,
            "year": 2018,
            "quarter": 3,
            "eps": 0.13,
            "eps_growth_year": -93.72,
            "eps_4q": 4.75,
            "eps_4q_growth_year": -17.29,
            "roe": 0.27,
            "roe_4q": 14.39,
            "gross_profit": 744359,
            "gross_margin": 9.41,
            "gross_margin_4q_avg": 11,
            "net_income": 6194,
            "net_income_4q": null,
            "revenue": 7913084,
            "revenue_4q": null,
            "common_shares": 700000,
            "book_valuer_per_share": 30.48,
            "book_valuer_per_share_4q_avg": 31.64,
            "equity": 2271594,
            "current_ratio": 136.52,
            "debt_ratio": 65.95,
            "inventory_turnover_ratio": null,
            "account_receivable_turnover_ratio": 7.01,
            "reinvestment_rate": 9.54,
            "research_to_sale_ratio": null,
            "price_fair": 184.19,
            "eps_avg_yearly": 5.26,
            "eps_latest_yearly": 0.52,
            "eps_growth_yearly": 185.08
        },
        "20184": {
            "year_quarter": 20184,
            "year": 2018,
            "quarter": 4,
            "eps": -0.17,
            "eps_growth_year": -118.33,
            "eps_4q": 3.66,
            "eps_4q_growth_year": -43.68,
            "roe": -0.35,
            "roe_4q": 11.08,
            "gross_profit": 709249,
            "gross_margin": 10.79,
            "gross_margin_4q_avg": 10.79,
            "net_income": -7881,
            "net_income_4q": null,
            "revenue": 6570465,
            "revenue_4q": null,
            "common_shares": 700000,
            "book_valuer_per_share": 30.36,
            "book_valuer_per_share_4q_avg": 31.29,
            "equity": 2267219,
            "current_ratio": 138,
            "debt_ratio": 64.55,
            "inventory_turnover_ratio": null,
            "account_receivable_turnover_ratio": 6.18,
            "reinvestment_rate": 12.56,
            "research_to_sale_ratio": null,
            "price_fair": 189.28,
            "eps_avg_yearly": 5.41,
            "eps_latest_yearly": 0.52,
            "eps_growth_yearly": 213.71
        },
        "20191": {
            "year_quarter": 20191,
            "year": 2019,
            "quarter": 1,
            "eps": 1.83,
            "eps_growth_year": 6.4,
            "eps_4q": 3.77,
            "eps_4q_growth_year": -44.8,
            "roe": 5.8,
            "roe_4q": 11.920000000000002,
            "gross_profit": 863318,
            "gross_margin": 11.93,
            "gross_margin_4q_avg": 10.73,
            "net_income": 135603,
            "net_income_4q": null,
            "revenue": 7233681,
            "revenue_4q": null,
            "common_shares": 700000,
            "book_valuer_per_share": 32.33,
            "book_valuer_per_share_4q_avg": 30.93,
            "equity": 2409737,
            "current_ratio": 127.09,
            "debt_ratio": 74.2,
            "inventory_turnover_ratio": null,
            "account_receivable_turnover_ratio": 7.12,
            "reinvestment_rate": 14.42,
            "research_to_sale_ratio": null,
            "price_fair": 183.6,
            "eps_avg_yearly": 5.25,
            "eps_latest_yearly": 0.52,
            "eps_growth_yearly": 186.31
        },
        "20192": {
            "year_quarter": 20192,
            "year": 2019,
            "quarter": 2,
            "eps": 0.39,
            "eps_growth_year": -80.2,
            "eps_4q": 2.19,
            "eps_4q_growth_year": -67.26,
            "roe": 1.27,
            "roe_4q": 6.99,
            "gross_profit": 774084,
            "gross_margin": 9.59,
            "gross_margin_4q_avg": 10.43,
            "net_income": 29167,
            "net_income_4q": null,
            "revenue": 8071444,
            "revenue_4q": null,
            "common_shares": 700000,
            "book_valuer_per_share": 28.91,
            "book_valuer_per_share_4q_avg": 30.52,
            "equity": 2168703,
            "current_ratio": 118.9,
            "debt_ratio": 78.22,
            "inventory_turnover_ratio": null,
            "account_receivable_turnover_ratio": 7.26,
            "reinvestment_rate": 16.39,
            "research_to_sale_ratio": null,
            "price_fair": 162.5,
            "eps_avg_yearly": 4.64,
            "eps_latest_yearly": 1.56,
            "eps_growth_yearly": 155.19
        },
        "20193": {
            "year_quarter": 20193,
            "year": 2019,
            "quarter": 3,
            "eps": 0.12,
            "eps_growth_year": -7.69,
            "eps_4q": 2.18,
            "eps_4q_growth_year": -54.12,
            "roe": 0.47,
            "roe_4q": 7.19,
            "gross_profit": 768225,
            "gross_margin": 9.94,
            "gross_margin_4q_avg": 10.56,
            "net_income": 10175,
            "net_income_4q": null,
            "revenue": 7725474,
            "revenue_4q": null,
            "common_shares": 700000,
            "book_valuer_per_share": 28.8,
            "book_valuer_per_share_4q_avg": 30.1,
            "equity": 2162316,
            "current_ratio": 119.35,
            "debt_ratio": 76.59,
            "inventory_turnover_ratio": null,
            "account_receivable_turnover_ratio": 6.85,
            "reinvestment_rate": 17.17,
            "research_to_sale_ratio": null,
            "price_fair": 149.2,
            "eps_avg_yearly": 4.26,
            "eps_latest_yearly": 0.48,
            "eps_growth_yearly": 147.41
        },
        "20194": {
            "year_quarter": 20194,
            "year": 2019,
            "quarter": 4,
            "eps": 0.79,
            "eps_growth_year": null,
            "eps_4q": 3.14,
            "eps_4q_growth_year": -14.26,
            "roe": 3.02,
            "roe_4q": 10.559999999999999,
            "gross_profit": 810291,
            "gross_margin": 11.37,
            "gross_margin_4q_avg": 10.71,
            "net_income": 66916,
            "net_income_4q": null,
            "revenue": 7129602,
            "revenue_4q": null,
            "common_shares": 700000,
            "book_valuer_per_share": 29.81,
            "book_valuer_per_share_4q_avg": 29.96,
            "equity": 2264785,
            "current_ratio": 122.63,
            "debt_ratio": 74.25,
            "inventory_turnover_ratio": null,
            "account_receivable_turnover_ratio": 7.27,
            "reinvestment_rate": 15.66,
            "research_to_sale_ratio": null,
            "price_fair": 151.5,
            "eps_avg_yearly": 4.33,
            "eps_latest_yearly": 3.16,
            "eps_growth_yearly": 324.47
        },
        "20201": {
            "year_quarter": 20201,
            "year": 2020,
            "quarter": 1,
            "eps": 0.49,
            "eps_growth_year": -73.22,
            "eps_4q": 1.8,
            "eps_4q_growth_year": -52.37,
            "roe": 1.82,
            "roe_4q": 6.58,
            "gross_profit": 679833,
            "gross_margin": 15.28,
            "gross_margin_4q_avg": 11.55,
            "net_income": 41046,
            "net_income_4q": null,
            "revenue": 4449624,
            "revenue_4q": null,
            "common_shares": 700000,
            "book_valuer_per_share": 29.19,
            "book_valuer_per_share_4q_avg": 29.18,
            "equity": 2241084,
            "current_ratio": 140.07,
            "debt_ratio": 67.16,
            "inventory_turnover_ratio": null,
            "account_receivable_turnover_ratio": 6.51,
            "reinvestment_rate": 21.96,
            "research_to_sale_ratio": null,
            "price_fair": 145.6,
            "eps_avg_yearly": 4.16,
            "eps_latest_yearly": 1.96,
            "eps_growth_yearly": 287.09
        },
        "20202": {
            "year_quarter": 20202,
            "year": 2020,
            "quarter": 2,
            "eps": -2.9,
            "eps_growth_year": -843.59,
            "eps_4q": -1.5,
            "eps_4q_growth_year": -168.35,
            "roe": -10.37,
            "roe_4q": -5.06,
            "gross_profit": 126108,
            "gross_margin": 44.67,
            "gross_margin_4q_avg": 20.32,
            "net_income": -216276,
            "net_income_4q": null,
            "revenue": 282341,
            "revenue_4q": null,
            "common_shares": 700000,
            "book_valuer_per_share": 24.92,
            "book_valuer_per_share_4q_avg": 28.18,
            "equity": 1930011,
            "current_ratio": 170.79,
            "debt_ratio": 72,
            "inventory_turnover_ratio": null,
            "account_receivable_turnover_ratio": 0.86,
            "reinvestment_rate": 20.24,
            "research_to_sale_ratio": null,
            "price_fair": 141.72,
            "eps_avg_yearly": 4.05,
            "eps_latest_yearly": 1.96,
            "eps_growth_yearly": 300.06
        },
        "20203": {
            "year_quarter": 20203,
            "year": 2020,
            "quarter": 3,
            "eps": -2.43,
            "eps_growth_year": -2125,
            "eps_4q": -4.05,
            "eps_4q_growth_year": -285.79,
            "roe": -9.52,
            "roe_4q": -15.05,
            "gross_profit": 122762,
            "gross_margin": 13.45,
            "gross_margin_4q_avg": 21.19,
            "net_income": -175037,
            "net_income_4q": null,
            "revenue": 912841,
            "revenue_4q": null,
            "common_shares": 700000,
            "book_valuer_per_share": 22.42,
            "book_valuer_per_share_4q_avg": 26.59,
            "equity": 1747066,
            "current_ratio": 192.73,
            "debt_ratio": 74.43,
            "inventory_turnover_ratio": null,
            "account_receivable_turnover_ratio": 5.52,
            "reinvestment_rate": -12.62,
            "research_to_sale_ratio": null,
            "price_fair": 143.15,
            "eps_avg_yearly": 4.09,
            "eps_latest_yearly": 1.96,
            "eps_growth_yearly": 337.21
        },
        "20204": {
            "year_quarter": 20204,
            "year": 2020,
            "quarter": 4,
            "eps": -1.06,
            "eps_growth_year": -234.95,
            "eps_4q": -5.9,
            "eps_4q_growth_year": -288.12,
            "roe": -3.74,
            "roe_4q": -21.81,
            "gross_profit": 120077,
            "gross_margin": 13.34,
            "gross_margin_4q_avg": 21.69,
            "net_income": -64746,
            "net_income_4q": null,
            "revenue": 900371,
            "revenue_4q": null,
            "common_shares": 700000,
            "book_valuer_per_share": 21.81,
            "book_valuer_per_share_4q_avg": 24.59,
            "equity": 1714847,
            "current_ratio": 213.82,
            "debt_ratio": 71.59,
            "inventory_turnover_ratio": null,
            "account_receivable_turnover_ratio": 5.2,
            "reinvestment_rate": -11.4,
            "research_to_sale_ratio": null,
            "price_fair": 154,
            "eps_avg_yearly": 4.4,
            "eps_latest_yearly": 1.96,
            "eps_growth_yearly": 397.28
        },
        "20211": {
            "year_quarter": 20211,
            "year": 2021,
            "quarter": 1,
            "eps": -1.63,
            "eps_growth_year": -432.65,
            "eps_4q": -7.79,
            "eps_4q_growth_year": -533.53,
            "roe": -7.08,
            "roe_4q": -30.71,
            "gross_profit": 81545,
            "gross_margin": 14.69,
            "gross_margin_4q_avg": 21.54,
            "net_income": -123740,
            "net_income_4q": null,
            "revenue": 555219,
            "revenue_4q": null,
            "common_shares": 700000,
            "book_valuer_per_share": 22.16,
            "book_valuer_per_share_4q_avg": 22.83,
            "equity": 1781303,
            "current_ratio": 199.22,
            "debt_ratio": 70.11,
            "inventory_turnover_ratio": null,
            "account_receivable_turnover_ratio": 4.02,
            "reinvestment_rate": -14.57,
            "research_to_sale_ratio": null,
            "price_fair": 149.94,
            "eps_avg_yearly": 4.28,
            "eps_latest_yearly": 1.96,
            "eps_growth_yearly": 149.95
        },
        "20212": {
            "year_quarter": 20212,
            "year": 2021,
            "quarter": 2,
            "eps": -0.9,
            "eps_growth_year": null,
            "eps_4q": -5.82,
            "eps_4q_growth_year": null,
            "roe": -4.06,
            "roe_4q": -24.4,
            "gross_profit": 67590,
            "gross_margin": 17.76,
            "gross_margin_4q_avg": 14.81,
            "net_income": -71476,
            "net_income_4q": null,
            "revenue": 380628,
            "revenue_4q": null,
            "common_shares": 722124,
            "book_valuer_per_share": 21.54,
            "book_valuer_per_share_4q_avg": 21.98,
            "equity": 1741155,
            "current_ratio": 167.49,
            "debt_ratio": 67.76,
            "inventory_turnover_ratio": null,
            "account_receivable_turnover_ratio": 3.69,
            "reinvestment_rate": -115.27,
            "research_to_sale_ratio": null,
            "price_fair": 133.78,
            "eps_avg_yearly": 3.82,
            "eps_latest_yearly": 1.96,
            "eps_growth_yearly": 143.59
        },
        "20213": {
            "year_quarter": 20213,
            "year": 2021,
            "quarter": 3,
            "eps": -2.18,
            "eps_growth_year": null,
            "eps_4q": -5.59,
            "eps_4q_growth_year": null,
            "roe": -9.92,
            "roe_4q": -24.800000000000004,
            "gross_profit": 31577,
            "gross_margin": 12.46,
            "gross_margin_4q_avg": 14.56,
            "net_income": -168853,
            "net_income_4q": null,
            "revenue": 253425,
            "revenue_4q": null,
            "common_shares": 736628,
            "book_valuer_per_share": 20.12,
            "book_valuer_per_share_4q_avg": 21.41,
            "equity": 1662718,
            "current_ratio": 157.59,
            "debt_ratio": 68.95,
            "inventory_turnover_ratio": null,
            "account_receivable_turnover_ratio": 2.63,
            "reinvestment_rate": null,
            "research_to_sale_ratio": null,
            "price_fair": 114.28,
            "eps_avg_yearly": 3.27,
            "eps_latest_yearly": 1.96,
            "eps_growth_yearly": 162.49
        },
        "20214": {
            "year_quarter": 20214,
            "year": 2021,
            "quarter": 4,
            "eps": -1.71,
            "eps_growth_year": null,
            "eps_4q": -6.24,
            "eps_4q_growth_year": null,
            "roe": -7.48,
            "roe_4q": -28.54,
            "gross_profit": 124218,
            "gross_margin": 21.67,
            "gross_margin_4q_avg": 16.65,
            "net_income": -123355,
            "net_income_4q": null,
            "revenue": 573148,
            "revenue_4q": null,
            "common_shares": 747226,
            "book_valuer_per_share": 19.39,
            "book_valuer_per_share_4q_avg": 20.8,
            "equity": 1634125,
            "current_ratio": 197.75,
            "debt_ratio": 69.74,
            "inventory_turnover_ratio": 413.38,
            "account_receivable_turnover_ratio": 4.4,
            "reinvestment_rate": null,
            "research_to_sale_ratio": null,
            "price_fair": 112.2,
            "eps_avg_yearly": 3.21,
            "eps_latest_yearly": 1.96,
            "eps_growth_yearly": 217.45
        },
        "20221": {
            "year_quarter": 20221,
            "year": 2022,
            "quarter": 1,
            "eps": -2.27,
            "eps_growth_year": null,
            "eps_4q": -6.91,
            "eps_4q_growth_year": null,
            "roe": -11.38,
            "roe_4q": -32.84,
            "gross_profit": 95570,
            "gross_margin": 17.49,
            "gross_margin_4q_avg": 17.35,
            "net_income": -180573,
            "net_income_4q": null,
            "revenue": 546282,
            "revenue_4q": null,
            "common_shares": 762072,
            "book_valuer_per_share": 18.21,
            "book_valuer_per_share_4q_avg": 19.82,
            "equity": 1538763,
            "current_ratio": 195.97,
            "debt_ratio": 70.83,
            "inventory_turnover_ratio": 317.96,
            "account_receivable_turnover_ratio": 3.9,
            "reinvestment_rate": null,
            "research_to_sale_ratio": null,
            "price_fair": 90.77,
            "eps_avg_yearly": 2.59,
            "eps_latest_yearly": 1.96,
            "eps_growth_yearly": 195.72
        },
        "20222": {
            "year_quarter": 20222,
            "year": 2022,
            "quarter": 2,
            "eps": -2.8,
            "eps_growth_year": null,
            "eps_4q": -8.72,
            "eps_4q_growth_year": null,
            "roe": -14.95,
            "roe_4q": -43.730000000000004,
            "gross_profit": 69894,
            "gross_margin": 16.52,
            "gross_margin_4q_avg": 17.04,
            "net_income": -224232,
            "net_income_4q": null,
            "revenue": 422990,
            "revenue_4q": null,
            "common_shares": 765302,
            "book_valuer_per_share": 16.43,
            "book_valuer_per_share_4q_avg": 18.54,
            "equity": 1461598,
            "current_ratio": 188.42,
            "debt_ratio": 71.93,
            "inventory_turnover_ratio": 231.01,
            "account_receivable_turnover_ratio": 2.98,
            "reinvestment_rate": null,
            "research_to_sale_ratio": null,
            "price_fair": 53.76,
            "eps_avg_yearly": 1.54,
            "eps_latest_yearly": 1.96,
            "eps_growth_yearly": 223.23
        },
        "20223": {
            "year_quarter": 20223,
            "year": 2022,
            "quarter": 3,
            "eps": -2.36,
            "eps_growth_year": null,
            "eps_4q": -8.86,
            "eps_4q_growth_year": null,
            "roe": -13.96,
            "roe_4q": -47.769999999999996,
            "gross_profit": 132937,
            "gross_margin": 17,
            "gross_margin_4q_avg": 18.17,
            "net_income": -198182,
            "net_income_4q": null,
            "revenue": 781864,
            "revenue_4q": null,
            "common_shares": 776383,
            "book_valuer_per_share": 15.18,
            "book_valuer_per_share_4q_avg": 17.3,
            "equity": 1378424,
            "current_ratio": 170.54,
            "debt_ratio": 74.54,
            "inventory_turnover_ratio": 450.64,
            "account_receivable_turnover_ratio": 3.14,
            "reinvestment_rate": null,
            "research_to_sale_ratio": null,
            "price_fair": 62.65,
            "eps_avg_yearly": 1.79,
            "eps_latest_yearly": 1.96,
            "eps_growth_yearly": 372.44
        },
        "20224": {
            "year_quarter": 20224,
            "year": 2022,
            "quarter": 4,
            "eps": null,
            "eps_growth_year": null,
            "eps_4q": null,
            "eps_4q_growth_year": null,
            "roe": null,
            "roe_4q": -40.29,
            "gross_profit": null,
            "gross_margin": null,
            "gross_margin_4q_avg": 12.75,
            "net_income": null,
            "net_income_4q": null,
            "revenue": null,
            "revenue_4q": null,
            "common_shares": 789820,
            "book_valuer_per_share": 15.56,
            "book_valuer_per_share_4q_avg": 16.35,
            "equity": null,
            "current_ratio": 119.43,
            "debt_ratio": 77.58,
            "inventory_turnover_ratio": null,
            "account_receivable_turnover_ratio": null,
            "reinvestment_rate": null,
            "research_to_sale_ratio": null,
            "price_fair": 62.65,
            "eps_avg_yearly": 1.79,
            "eps_latest_yearly": 1.96,
            "eps_growth_yearly": 372.44
        },
        "20231": {
            "year_quarter": 20231,
            "year": 2023,
            "quarter": 1,
            "eps": 1.08,
            "eps_growth_year": null,
            "eps_4q": null,
            "eps_4q_growth_year": null,
            "roe": 3.8,
            "roe_4q": -25.11,
            "gross_profit": 582327,
            "gross_margin": 17.69,
            "gross_margin_4q_avg": 12.8,
            "net_income": 99409,
            "net_income_4q": null,
            "revenue": 3291525,
            "revenue_4q": null,
            "common_shares": 889820,
            "book_valuer_per_share": 26.15,
            "book_valuer_per_share_4q_avg": 18.33,
            "equity": 2614770,
            "current_ratio": 148.71,
            "debt_ratio": 65.76,
            "inventory_turnover_ratio": 1303.13,
            "account_receivable_turnover_ratio": 6.61,
            "reinvestment_rate": null,
            "research_to_sale_ratio": null,
            "price_fair": 62.65,
            "eps_avg_yearly": 1.79,
            "eps_latest_yearly": 1.96,
            "eps_growth_yearly": 372.44
        },
        "20232": {
            "year_quarter": 20232,
            "year": 2023,
            "quarter": 2,
            "eps": 2.37,
            "eps_growth_year": null,
            "eps_4q": null,
            "eps_4q_growth_year": null,
            "roe": 8.45,
            "roe_4q": -1.7100000000000009,
            "gross_profit": 777417,
            "gross_margin": 14.12,
            "gross_margin_4q_avg": 12.2,
            "net_income": 232051,
            "net_income_4q": null,
            "revenue": 5504312,
            "revenue_4q": null,
            "common_shares": 931900,
            "book_valuer_per_share": 28.79,
            "book_valuer_per_share_4q_avg": 21.42,
            "equity": 2876207,
            "current_ratio": 139.28,
            "debt_ratio": 65.83,
            "inventory_turnover_ratio": 2529.78,
            "account_receivable_turnover_ratio": 8.44,
            "reinvestment_rate": null,
            "research_to_sale_ratio": null,
            "price_fair": 131.95,
            "eps_avg_yearly": 3.77,
            "eps_latest_yearly": 9.48,
            "eps_growth_yearly": 570.57
        },
        "20233": {
            "year_quarter": 20233,
            "year": 2023,
            "quarter": 3,
            "eps": 2.83,
            "eps_growth_year": null,
            "eps_4q": null,
            "eps_4q_growth_year": null,
            "roe": 9.27,
            "roe_4q": 21.52,
            "gross_profit": 962383,
            "gross_margin": 14.47,
            "gross_margin_4q_avg": 11.57,
            "net_income": 282546,
            "net_income_4q": null,
            "revenue": 6652263,
            "revenue_4q": null,
            "common_shares": 932202,
            "book_valuer_per_share": 31.77,
            "book_valuer_per_share_4q_avg": 25.57,
            "equity": 3221113,
            "current_ratio": 143.56,
            "debt_ratio": 65.08,
            "inventory_turnover_ratio": 3026.53,
            "account_receivable_turnover_ratio": 9.12,
            "reinvestment_rate": null,
            "research_to_sale_ratio": null,
            "price_fair": 226.8,
            "eps_avg_yearly": 6.48,
            "eps_latest_yearly": 11.32,
            "eps_growth_yearly": 659.21
        }
    },
    "months": {
        "2012-10": {
            "month": "2012-10",
            "price": "64.87",
            "revenue": 1258396
        },
        "2012-11": {
            "month": "2012-11",
            "price": "61.04",
            "revenue": 955327
        },
        "2012-12": {
            "month": "2012-12",
            "price": "57.40",
            "revenue": 818843
        },
        "2013-01": {
            "month": "2013-01",
            "price": "56.08",
            "revenue": 905955
        },
        "2013-02": {
            "month": "2013-02",
            "price": "56.47",
            "revenue": 1386272
        },
        "2013-03": {
            "month": "2013-03",
            "price": "57.87",
            "revenue": 922450
        },
        "2013-04": {
            "month": "2013-04",
            "price": "59.20",
            "revenue": 1204597
        },
        "2013-05": {
            "month": "2013-05",
            "price": "59.85",
            "revenue": 1251033
        },
        "2013-06": {
            "month": "2013-06",
            "price": "70.43",
            "revenue": 1538897
        },
        "2013-07": {
            "month": "2013-07",
            "price": "84.71",
            "revenue": 1871185
        },
        "2013-08": {
            "month": "2013-08",
            "price": "106.00",
            "revenue": 1615296
        },
        "2013-09": {
            "month": "2013-09",
            "price": "87.54",
            "revenue": 1513664
        },
        "2013-10": {
            "month": "2013-10",
            "price": "87.38",
            "revenue": 1595578
        },
        "2013-11": {
            "month": "2013-11",
            "price": "97.78",
            "revenue": 1106145
        },
        "2013-12": {
            "month": "2013-12",
            "price": "133.18",
            "revenue": 959404
        },
        "2014-01": {
            "month": "2014-01",
            "price": "118.81",
            "revenue": 932615
        },
        "2014-02": {
            "month": "2014-02",
            "price": "114.29",
            "revenue": 1286108
        },
        "2014-03": {
            "month": "2014-03",
            "price": "120.55",
            "revenue": 1209963
        },
        "2014-04": {
            "month": "2014-04",
            "price": "116.55",
            "revenue": 1270391
        },
        "2014-05": {
            "month": "2014-05",
            "price": "110.00",
            "revenue": 1593157
        },
        "2014-06": {
            "month": "2014-06",
            "price": "113.85",
            "revenue": 1735262
        },
        "2014-07": {
            "month": "2014-07",
            "price": "109.05",
            "revenue": 2153236
        },
        "2014-08": {
            "month": "2014-08",
            "price": "98.85",
            "revenue": 1749760
        },
        "2014-09": {
            "month": "2014-09",
            "price": "98.66",
            "revenue": 1587522
        },
        "2014-10": {
            "month": "2014-10",
            "price": "91.02",
            "revenue": 1696683
        },
        "2014-11": {
            "month": "2014-11",
            "price": "91.74",
            "revenue": 1347524
        },
        "2014-12": {
            "month": "2014-12",
            "price": "94.71",
            "revenue": 1130423
        },
        "2015-01": {
            "month": "2015-01",
            "price": "94.98",
            "revenue": 1166610
        },
        "2015-02": {
            "month": "2015-02",
            "price": "94.10",
            "revenue": 1697581
        },
        "2015-03": {
            "month": "2015-03",
            "price": "106.18",
            "revenue": 1431745
        },
        "2015-04": {
            "month": "2015-04",
            "price": "122.88",
            "revenue": 1712741
        },
        "2015-05": {
            "month": "2015-05",
            "price": "148.98",
            "revenue": 2017390
        },
        "2015-06": {
            "month": "2015-06",
            "price": "154.81",
            "revenue": 2135936
        },
        "2015-07": {
            "month": "2015-07",
            "price": "166.09",
            "revenue": 2369778
        },
        "2015-08": {
            "month": "2015-08",
            "price": "143.71",
            "revenue": 2013230
        },
        "2015-09": {
            "month": "2015-09",
            "price": "155.95",
            "revenue": 1749777
        },
        "2015-10": {
            "month": "2015-10",
            "price": "148.29",
            "revenue": 1979473
        },
        "2015-11": {
            "month": "2015-11",
            "price": "127.00",
            "revenue": 1490647
        },
        "2015-12": {
            "month": "2015-12",
            "price": "117.67",
            "revenue": 1240486
        },
        "2016-01": {
            "month": "2016-01",
            "price": "101.42",
            "revenue": 1228689
        },
        "2016-02": {
            "month": "2016-02",
            "price": "103.62",
            "revenue": 1967238
        },
        "2016-03": {
            "month": "2016-03",
            "price": "111.09",
            "revenue": 1388839
        },
        "2016-04": {
            "month": "2016-04",
            "price": "100.28",
            "revenue": 1661791
        },
        "2016-05": {
            "month": "2016-05",
            "price": "90.56",
            "revenue": 1919817
        },
        "2016-06": {
            "month": "2016-06",
            "price": "91.97",
            "revenue": 2278671
        },
        "2016-07": {
            "month": "2016-07",
            "price": "89.95",
            "revenue": 2308381
        },
        "2016-08": {
            "month": "2016-08",
            "price": "85.85",
            "revenue": 2037534
        },
        "2016-09": {
            "month": "2016-09",
            "price": "80.12",
            "revenue": 1912496
        },
        "2016-10": {
            "month": "2016-10",
            "price": "79.48",
            "revenue": 2049346
        },
        "2016-11": {
            "month": "2016-11",
            "price": "77.05",
            "revenue": 1676360
        },
        "2016-12": {
            "month": "2016-12",
            "price": "80.04",
            "revenue": 1447148
        },
        "2017-01": {
            "month": "2017-01",
            "price": "82.16",
            "revenue": 1542716
        },
        "2017-02": {
            "month": "2017-02",
            "price": "86.21",
            "revenue": 2122372
        },
        "2017-03": {
            "month": "2017-03",
            "price": "91.00",
            "revenue": 1895167
        },
        "2017-04": {
            "month": "2017-04",
            "price": "90.98",
            "revenue": 2016707
        },
        "2017-05": {
            "month": "2017-05",
            "price": "90.81",
            "revenue": 2498469
        },
        "2017-06": {
            "month": "2017-06",
            "price": "103.45",
            "revenue": 2520006
        },
        "2017-07": {
            "month": "2017-07",
            "price": "106.07",
            "revenue": 2946950
        },
        "2017-08": {
            "month": "2017-08",
            "price": "101.15",
            "revenue": 2526373
        },
        "2017-09": {
            "month": "2017-09",
            "price": "96.90",
            "revenue": 2187338
        },
        "2017-10": {
            "month": "2017-10",
            "price": "94.03",
            "revenue": 2625700
        },
        "2017-11": {
            "month": "2017-11",
            "price": "95.04",
            "revenue": 2174231
        },
        "2017-12": {
            "month": "2017-12",
            "price": "99.33",
            "revenue": 1727500
        },
        "2018-01": {
            "month": "2018-01",
            "price": "122.75",
            "revenue": 1622966
        },
        "2018-02": {
            "month": "2018-02",
            "price": "127.54",
            "revenue": 2479123
        },
        "2018-03": {
            "month": "2018-03",
            "price": "126.93",
            "revenue": 2646038
        },
        "2018-04": {
            "month": "2018-04",
            "price": "116.56",
            "revenue": 3044496
        },
        "2018-05": {
            "month": "2018-05",
            "price": "118.55",
            "revenue": 2565217
        },
        "2018-06": {
            "month": "2018-06",
            "price": "116.40",
            "revenue": 2780296
        },
        "2018-07": {
            "month": "2018-07",
            "price": "108.25",
            "revenue": 2795532
        },
        "2018-08": {
            "month": "2018-08",
            "price": "97.24",
            "revenue": 2543533
        },
        "2018-09": {
            "month": "2018-09",
            "price": "90.29",
            "revenue": 2609785
        },
        "2018-10": {
            "month": "2018-10",
            "price": "85.51",
            "revenue": 2415137
        },
        "2018-11": {
            "month": "2018-11",
            "price": "83.91",
            "revenue": 2170160
        },
        "2018-12": {
            "month": "2018-12",
            "price": "87.24",
            "revenue": 1949825
        },
        "2019-01": {
            "month": "2019-01",
            "price": "87.00",
            "revenue": 1932837
        },
        "2019-02": {
            "month": "2019-02",
            "price": "87.12",
            "revenue": 2607481
        },
        "2019-03": {
            "month": "2019-03",
            "price": "88.60",
            "revenue": 2693361
        },
        "2019-04": {
            "month": "2019-04",
            "price": "87.06",
            "revenue": 2491970
        },
        "2019-05": {
            "month": "2019-05",
            "price": "85.67",
            "revenue": 2772200
        },
        "2019-06": {
            "month": "2019-06",
            "price": "85.10",
            "revenue": 2809980
        },
        "2019-07": {
            "month": "2019-07",
            "price": "83.47",
            "revenue": 2800447
        },
        "2019-08": {
            "month": "2019-08",
            "price": "79.35",
            "revenue": 2353335
        },
        "2019-09": {
            "month": "2019-09",
            "price": "77.47",
            "revenue": 2569622
        },
        "2019-10": {
            "month": "2019-10",
            "price": "76.24",
            "revenue": 2684773
        },
        "2019-11": {
            "month": "2019-11",
            "price": "76.58",
            "revenue": 2484709
        },
        "2019-12": {
            "month": "2019-12",
            "price": "79.75",
            "revenue": 1959681
        },
        "2020-01": {
            "month": "2020-01",
            "price": "81.55",
            "revenue": 2441590
        },
        "2020-02": {
            "month": "2020-02",
            "price": "71.43",
            "revenue": 1624781
        },
        "2020-03": {
            "month": "2020-03",
            "price": "60.37",
            "revenue": 383251
        },
        "2020-04": {
            "month": "2020-04",
            "price": "65.44",
            "revenue": 101070
        },
        "2020-05": {
            "month": "2020-05",
            "price": "71.96",
            "revenue": 63821
        },
        "2020-06": {
            "month": "2020-06",
            "price": "79.10",
            "revenue": 117455
        },
        "2020-07": {
            "month": "2020-07",
            "price": "72.20",
            "revenue": 198588
        },
        "2020-08": {
            "month": "2020-08",
            "price": "66.38",
            "revenue": 392472
        },
        "2020-09": {
            "month": "2020-09",
            "price": "66.42",
            "revenue": 321722
        },
        "2020-10": {
            "month": "2020-10",
            "price": "66.71",
            "revenue": 300405
        },
        "2020-11": {
            "month": "2020-11",
            "price": "71.31",
            "revenue": 364108
        },
        "2020-12": {
            "month": "2020-12",
            "price": "76.82",
            "revenue": 235940
        },
        "2021-01": {
            "month": "2021-01",
            "price": "71.74",
            "revenue": 162160
        },
        "2021-02": {
            "month": "2021-02",
            "price": "81.65",
            "revenue": 179667
        },
        "2021-03": {
            "month": "2021-03",
            "price": "97.20",
            "revenue": 213394
        },
        "2021-04": {
            "month": "2021-04",
            "price": "89.58",
            "revenue": 235259
        },
        "2021-05": {
            "month": "2021-05",
            "price": "79.39",
            "revenue": 131652
        },
        "2021-06": {
            "month": "2021-06",
            "price": "90.20",
            "revenue": 13717
        },
        "2021-07": {
            "month": "2021-07",
            "price": "91.71",
            "revenue": 60534
        },
        "2021-08": {
            "month": "2021-08",
            "price": "85.54",
            "revenue": 101612
        },
        "2021-09": {
            "month": "2021-09",
            "price": "83.18",
            "revenue": 83375
        },
        "2021-10": {
            "month": "2021-10",
            "price": "85.70",
            "revenue": 164987
        },
        "2021-11": {
            "month": "2021-11",
            "price": "89.62",
            "revenue": 191538
        },
        "2021-12": {
            "month": "2021-12",
            "price": "85.28",
            "revenue": 224526
        },
        "2022-01": {
            "month": "2022-01",
            "price": "84.71",
            "revenue": 161009
        },
        "2022-02": {
            "month": "2022-02",
            "price": "97.25",
            "revenue": 209085
        },
        "2022-03": {
            "month": "2022-03",
            "price": "98.55",
            "revenue": 186520
        },
        "2022-04": {
            "month": "2022-04",
            "price": "96.22",
            "revenue": 154403
        },
        "2022-05": {
            "month": "2022-05",
            "price": "97.29",
            "revenue": 139219
        },
        "2022-06": {
            "month": "2022-06",
            "price": "99.29",
            "revenue": 119182
        },
        "2022-07": {
            "month": "2022-07",
            "price": "92.38",
            "revenue": 197588
        },
        "2022-08": {
            "month": "2022-08",
            "price": "91.06",
            "revenue": 256632
        },
        "2022-09": {
            "month": "2022-09",
            "price": "96.95",
            "revenue": 327496
        },
        "2022-10": {
            "month": "2022-10",
            "price": "86.20",
            "revenue": 398967
        },
        "2022-11": {
            "month": "2022-11",
            "price": "91.78",
            "revenue": 495615
        },
        "2022-12": {
            "month": "2022-12",
            "price": "101.50",
            "revenue": 654779
        },
        "2023-01": {
            "month": "2023-01",
            "price": "104.92",
            "revenue": 1112986
        },
        "2023-02": {
            "month": "2023-02",
            "price": "119.69",
            "revenue": 998336
        },
        "2023-03": {
            "month": "2023-03",
            "price": "126.26",
            "revenue": 1180198
        },
        "2023-04": {
            "month": "2023-04",
            "price": "166.79",
            "revenue": 1545674
        },
        "2023-05": {
            "month": "2023-05",
            "price": "180.86",
            "revenue": 1761743
        },
        "2023-06": {
            "month": "2023-06",
            "price": "179.85",
            "revenue": 2197873
        },
        "2023-07": {
            "month": "2023-07",
            "price": "161.05",
            "revenue": 2288122
        },
        "2023-08": {
            "month": "2023-08",
            "price": "144.25",
            "revenue": 2155197
        },
        "2023-09": {
            "month": "2023-09",
            "price": "129.98",
            "revenue": 2208064
        },
        "2023-10": {
            "month": "2023-10",
            "price": "119.50",
            "revenue": 2606094
        },
        "2023-11": {
            "month": "2023-11",
            "price": "138.89",
            "revenue": 1958281
        },
        "2023-12": {
            "month": "2023-12",
            "price": "140.95",
            "revenue": 1650394
        }
    }
}
