{
    "summary": {
        "stock_name": "六角",
        "stock_id": "2732",
        "category": "觀光餐旅",
        "main_business": "經營連鎖餐飲品牌",
        "website_url": "http://www.lakaffagroup.com/",
        "ceo": "王耀輝",
        "pe_ratio": 18,
        "report_year_from": 2011,
        "report_year_to": 2023,
        "age": 13,
        "eps_negative_percentage": 0,
        "eps_growth_avg": {
            "last_all": 12.03,
            "last_2y": 27.57,
            "last_4y": 22.75,
            "last_8y": 12.03,
            "last_12y": null,
            "last_16y": null,
            "last_20y": null,
            "at_2006_last_3y": null,
            "at_2007_last_3y": null,
            "at_2008_last_3y": null,
            "at_2009_last_3y": null,
            "at_2010_last_3y": null,
            "at_2011_last_3y": null,
            "at_2012_last_3y": null,
            "at_2013_last_3y": null,
            "at_2014_last_3y": null,
            "at_2015_last_3y": null,
            "at_2016_last_3y": null,
            "at_2017_last_3y": null,
            "at_2018_last_3y": -1.39,
            "at_2019_last_3y": 21.72,
            "at_2020_last_3y": 5.66,
            "at_2021_last_3y": 5.37,
            "at_2022_last_3y": 32.93,
            "at_2023_last_3y": 3.44,
            "at_2024_last_3y": 3.44,
            "at_2006_last_all": null,
            "at_2007_last_all": null,
            "at_2008_last_all": null,
            "at_2009_last_all": null,
            "at_2010_last_all": null,
            "at_2011_last_all": null,
            "at_2012_last_all": null,
            "at_2013_last_all": null,
            "at_2014_last_all": null,
            "at_2015_last_all": null,
            "at_2016_last_all": 1.44,
            "at_2017_last_all": 1.57,
            "at_2018_last_all": -1.39,
            "at_2019_last_all": 18.89,
            "at_2020_last_all": 4.25,
            "at_2021_last_all": 3.74,
            "at_2022_last_all": 15.77,
            "at_2023_last_all": 12.03,
            "at_2024_last_all": 12.03
        },
        "latest_eps": 7.46,
        "latest_price": 134,
        "latest_roe": 17.85,
        "latest_gross_margin": 50.54,
        "latest_equity": 2163915,
        "latest_revenue": 1040021,
        "latest_gross_profit": 525611,
        "latest_net_income": 99269,
        "latest_debt_ratio": 53.05,
        "latest_current_ratio": 127.26,
        "latest_account_receivable_turnover_ratio": 2.22,
        "latest_inventory_turnover_ratio": 2.38,
        "latest_reinvestment_rate": 0.91,
        "latest_research_to_sale_ratio": 0.48
    },
    "eps_dividends": {
        "2001": {
            "cash": 0,
            "stock": 0,
            "eps": 0
        },
        "2002": {
            "cash": 0,
            "stock": 0,
            "eps": 0
        },
        "2003": {
            "cash": 0,
            "stock": 0,
            "eps": 0
        },
        "2004": {
            "cash": 0,
            "stock": 0,
            "eps": 0
        },
        "2005": {
            "cash": 0,
            "stock": 0,
            "eps": 0
        },
        "2006": {
            "cash": 0,
            "stock": 0,
            "eps": 0
        },
        "2007": {
            "cash": 0,
            "stock": 0,
            "eps": 0
        },
        "2008": {
            "cash": 0,
            "stock": 0,
            "eps": 0
        },
        "2009": {
            "cash": 0,
            "stock": 0,
            "eps": 0
        },
        "2010": {
            "cash": 0,
            "stock": 0,
            "eps": 0
        },
        "2011": {
            "cash": 0,
            "stock": 0,
            "eps": 0
        },
        "2012": {
            "cash": 0,
            "stock": 0,
            "eps": 0
        },
        "2013": {
            "cash": 1,
            "stock": 5,
            "eps": 0
        },
        "2014": {
            "cash": 3,
            "stock": 2.5,
            "eps": 4.76
        },
        "2015": {
            "cash": 4,
            "stock": 0.5,
            "eps": 5.12
        },
        "2016": {
            "cash": 3.98,
            "stock": 1.49,
            "eps": 4.88
        },
        "2017": {
            "cash": 4.97,
            "stock": 0,
            "eps": 4.97
        },
        "2018": {
            "cash": 3.95,
            "stock": 0.49,
            "eps": 4.46
        },
        "2019": {
            "cash": 4.5,
            "stock": 0,
            "eps": 9.69
        },
        "2020": {
            "cash": 8.45,
            "stock": 0,
            "eps": 3.01
        },
        "2021": {
            "cash": 3,
            "stock": 0,
            "eps": 3.03
        },
        "2022": {
            "cash": 4.3,
            "stock": 0,
            "eps": 6.57
        },
        "2023": {
            "cash": 7.3,
            "stock": 0,
            "eps": 5.39
        }
    },
    "dividends": {
        "2013-06-17": {
            "cash": 1,
            "stock": 5
        },
        "2014-05-27": {
            "cash": 3,
            "stock": 2.5
        },
        "2015-08-26": {
            "cash": 4,
            "stock": 0.5
        },
        "2016-08-19": {
            "cash": 3.98,
            "stock": 1.49
        },
        "2017-08-08": {
            "cash": 4.97,
            "stock": 0
        },
        "2018-08-29": {
            "cash": 3.95,
            "stock": 0.49
        },
        "2019-08-02": {
            "cash": 4.5,
            "stock": 0
        },
        "2020-08-06": {
            "cash": 8.45,
            "stock": 0
        },
        "2021-08-12": {
            "cash": 3,
            "stock": 0
        },
        "2022-05-05": {
            "cash": 2.3,
            "stock": 0
        },
        "2022-09-29": {
            "cash": 2,
            "stock": 0
        },
        "2023-05-05": {
            "cash": 4.3,
            "stock": 0
        },
        "2023-09-22": {
            "cash": 3,
            "stock": 0
        }
    },
    "prices": {
        "200101": "無",
        "200102": "無",
        "200103": "無",
        "200104": "無",
        "200105": "無",
        "200106": "無",
        "200107": "無",
        "200108": "無",
        "200109": "無",
        "200110": "無",
        "200111": "無",
        "200112": "無",
        "200201": "無",
        "200202": "無",
        "200203": "無",
        "200204": "無",
        "200205": "無",
        "200206": "無",
        "200207": "無",
        "200208": "無",
        "200209": "無",
        "200210": "無",
        "200211": "無",
        "200212": "無",
        "200301": "無",
        "200302": "無",
        "200303": "無",
        "200304": "無",
        "200305": "無",
        "200306": "無",
        "200307": "無",
        "200308": "無",
        "200309": "無",
        "200310": "無",
        "200311": "無",
        "200312": "無",
        "200401": "無",
        "200402": "無",
        "200403": "無",
        "200404": "無",
        "200405": "無",
        "200406": "無",
        "200407": "無",
        "200408": "無",
        "200409": "無",
        "200410": "無",
        "200411": "無",
        "200412": "無",
        "200501": "無",
        "200502": "無",
        "200503": "無",
        "200504": "無",
        "200505": "無",
        "200506": "無",
        "200507": "無",
        "200508": "無",
        "200509": "無",
        "200510": "無",
        "200511": "無",
        "200512": "無",
        "200601": "無",
        "200602": "無",
        "200603": "無",
        "200604": "無",
        "200605": "無",
        "200606": "無",
        "200607": "無",
        "200608": "無",
        "200609": "無",
        "200610": "無",
        "200611": "無",
        "200612": "無",
        "200701": "無",
        "200702": "無",
        "200703": "無",
        "200704": "無",
        "200705": "無",
        "200706": "無",
        "200707": "無",
        "200708": "無",
        "200709": "無",
        "200710": "無",
        "200711": "無",
        "200712": "無",
        "200801": "無",
        "200802": "無",
        "200803": "無",
        "200804": "無",
        "200805": "無",
        "200806": "無",
        "200807": "無",
        "200808": "無",
        "200809": "無",
        "200810": "無",
        "200811": "無",
        "200812": "無",
        "200901": "無",
        "200902": "無",
        "200903": "無",
        "200904": "無",
        "200905": "無",
        "200906": "無",
        "200907": "無",
        "200908": "無",
        "200909": "無",
        "200910": "無",
        "200911": "無",
        "200912": "無",
        "201001": "無",
        "201002": "無",
        "201003": "無",
        "201004": "無",
        "201005": "無",
        "201006": "無",
        "201007": "無",
        "201008": "無",
        "201009": "無",
        "201010": "無",
        "201011": "無",
        "201012": "無",
        "201101": "無",
        "201102": "無",
        "201103": "無",
        "201104": "無",
        "201105": "無",
        "201106": "無",
        "201107": "無",
        "201108": "無",
        "201109": "無",
        "201110": "無",
        "201111": "無",
        "201112": "無",
        "201201": "無",
        "201202": "無",
        "201203": "無",
        "201204": "無",
        "201205": "無",
        "201206": "無",
        "201207": "無",
        "201208": "無",
        "201209": "無",
        "201210": "無",
        "201211": "無",
        "201212": "186.17",
        "201301": "193.88",
        "201302": "185.38",
        "201303": "181.71",
        "201304": "173.77",
        "201305": "169.56",
        "201306": "165.75",
        "201307": "177.07",
        "201308": "155.70",
        "201309": "140.84",
        "201310": "140.22",
        "201311": "140.55",
        "201312": "140.48",
        "201401": "149.36",
        "201402": "157.45",
        "201403": "183.63",
        "201404": "183.98",
        "201405": "184.71",
        "201406": "196.36",
        "201407": "174.35",
        "201408": "152.22",
        "201409": "155.62",
        "201410": "144.58",
        "201411": "146.09",
        "201412": "139.21",
        "201501": "123.33",
        "201502": "113.96",
        "201503": "114.05",
        "201504": "114.88",
        "201505": "105.05",
        "201506": "98.64",
        "201507": "92.55",
        "201508": "87.91",
        "201509": "98.91",
        "201510": "91.76",
        "201511": "87.98",
        "201512": "84.07",
        "201601": "79.34",
        "201602": "80.40",
        "201603": "84.85",
        "201604": "84.77",
        "201605": "81.70",
        "201606": "83.12",
        "201607": "83.34",
        "201608": "79.80",
        "201609": "80.93",
        "201610": "76.70",
        "201611": "72.45",
        "201612": "77.66",
        "201701": "78.54",
        "201702": "80.38",
        "201703": "82.83",
        "201704": "80.97",
        "201705": "81.09",
        "201706": "89.17",
        "201707": "85.74",
        "201708": "87.19",
        "201709": "83.80",
        "201710": "85.05",
        "201711": "84.71",
        "201712": "82.07",
        "201801": "85.49",
        "201802": "87.30",
        "201803": "89.23",
        "201804": "93.89",
        "201805": "94.19",
        "201806": "86.46",
        "201807": "85.82",
        "201808": "80.05",
        "201809": "77.29",
        "201810": "71.15",
        "201811": "65.93",
        "201812": "67.55",
        "201901": "68.45",
        "201902": "77.52",
        "201903": "83.95",
        "201904": "95.30",
        "201905": "114.22",
        "201906": "135.71",
        "201907": "162.89",
        "201908": "174.71",
        "201909": "165.87",
        "201910": "155.31",
        "201911": "159.69",
        "201912": "160.50",
        "202001": "177.57",
        "202002": "163.97",
        "202003": "126.15",
        "202004": "128.92",
        "202005": "146.85",
        "202006": "158.68",
        "202007": "139.83",
        "202008": "125.95",
        "202009": "127.18",
        "202010": "117.61",
        "202011": "122.52",
        "202012": "122.02",
        "202101": "114.85",
        "202102": "128.73",
        "202103": "140.89",
        "202104": "135.11",
        "202105": "111.91",
        "202106": "115.90",
        "202107": "115.89",
        "202108": "102.95",
        "202109": "100.46",
        "202110": "100.30",
        "202111": "99.18",
        "202112": "91.41",
        "202201": "90.49",
        "202202": "98.30",
        "202203": "108.65",
        "202204": "102.91",
        "202205": "95.69",
        "202206": "97.40",
        "202207": "98.99",
        "202208": "97.99",
        "202209": "111.70",
        "202210": "112.82",
        "202211": "111.46",
        "202212": "125.27",
        "202301": "134.00",
        "202302": "148.19",
        "202303": "174.30",
        "202304": "170.50",
        "202305": "179.18",
        "202306": "178.30",
        "202307": "151.33",
        "202308": "129.86",
        "202309": "117.78",
        "202310": "106.55",
        "202311": "114.64",
        "202312": "117.76"
    },
    "quarters": {
        "20011": {
            "year_quarter": 20011,
            "year": 2001,
            "quarter": 1,
            "eps": null,
            "eps_growth_year": null,
            "eps_4q": null,
            "eps_4q_growth_year": null,
            "roe": null,
            "roe_4q": 0,
            "gross_profit": null,
            "gross_margin": null,
            "gross_margin_4q_avg": 0,
            "net_income": null,
            "net_income_4q": null,
            "revenue": null,
            "revenue_4q": null,
            "common_shares": null,
            "book_valuer_per_share": null,
            "book_valuer_per_share_4q_avg": 0,
            "equity": null,
            "current_ratio": null,
            "debt_ratio": null,
            "inventory_turnover_ratio": null,
            "account_receivable_turnover_ratio": null,
            "reinvestment_rate": null,
            "research_to_sale_ratio": null,
            "price_fair": 0,
            "eps_avg_yearly": 0,
            "eps_latest_yearly": 0,
            "eps_growth_yearly": 0
        },
        "20012": {
            "year_quarter": 20012,
            "year": 2001,
            "quarter": 2,
            "eps": null,
            "eps_growth_year": null,
            "eps_4q": null,
            "eps_4q_growth_year": null,
            "roe": null,
            "roe_4q": 0,
            "gross_profit": null,
            "gross_margin": null,
            "gross_margin_4q_avg": 0,
            "net_income": null,
            "net_income_4q": null,
            "revenue": null,
            "revenue_4q": null,
            "common_shares": null,
            "book_valuer_per_share": null,
            "book_valuer_per_share_4q_avg": 0,
            "equity": null,
            "current_ratio": null,
            "debt_ratio": null,
            "inventory_turnover_ratio": null,
            "account_receivable_turnover_ratio": null,
            "reinvestment_rate": null,
            "research_to_sale_ratio": null,
            "price_fair": 0,
            "eps_avg_yearly": 0,
            "eps_latest_yearly": 0,
            "eps_growth_yearly": 0
        },
        "20013": {
            "year_quarter": 20013,
            "year": 2001,
            "quarter": 3,
            "eps": null,
            "eps_growth_year": null,
            "eps_4q": null,
            "eps_4q_growth_year": null,
            "roe": null,
            "roe_4q": 0,
            "gross_profit": null,
            "gross_margin": null,
            "gross_margin_4q_avg": 0,
            "net_income": null,
            "net_income_4q": null,
            "revenue": null,
            "revenue_4q": null,
            "common_shares": null,
            "book_valuer_per_share": null,
            "book_valuer_per_share_4q_avg": 0,
            "equity": null,
            "current_ratio": null,
            "debt_ratio": null,
            "inventory_turnover_ratio": null,
            "account_receivable_turnover_ratio": null,
            "reinvestment_rate": null,
            "research_to_sale_ratio": null,
            "price_fair": 0,
            "eps_avg_yearly": 0,
            "eps_latest_yearly": 0,
            "eps_growth_yearly": 0
        },
        "20014": {
            "year_quarter": 20014,
            "year": 2001,
            "quarter": 4,
            "eps": null,
            "eps_growth_year": null,
            "eps_4q": null,
            "eps_4q_growth_year": null,
            "roe": null,
            "roe_4q": 0,
            "gross_profit": null,
            "gross_margin": null,
            "gross_margin_4q_avg": 0,
            "net_income": null,
            "net_income_4q": null,
            "revenue": null,
            "revenue_4q": null,
            "common_shares": null,
            "book_valuer_per_share": null,
            "book_valuer_per_share_4q_avg": 0,
            "equity": null,
            "current_ratio": null,
            "debt_ratio": null,
            "inventory_turnover_ratio": null,
            "account_receivable_turnover_ratio": null,
            "reinvestment_rate": null,
            "research_to_sale_ratio": null,
            "price_fair": 0,
            "eps_avg_yearly": 0,
            "eps_latest_yearly": 0,
            "eps_growth_yearly": 0
        },
        "20021": {
            "year_quarter": 20021,
            "year": 2002,
            "quarter": 1,
            "eps": null,
            "eps_growth_year": null,
            "eps_4q": null,
            "eps_4q_growth_year": null,
            "roe": null,
            "roe_4q": 0,
            "gross_profit": null,
            "gross_margin": null,
            "gross_margin_4q_avg": 0,
            "net_income": null,
            "net_income_4q": null,
            "revenue": null,
            "revenue_4q": null,
            "common_shares": null,
            "book_valuer_per_share": null,
            "book_valuer_per_share_4q_avg": 0,
            "equity": null,
            "current_ratio": null,
            "debt_ratio": null,
            "inventory_turnover_ratio": null,
            "account_receivable_turnover_ratio": null,
            "reinvestment_rate": null,
            "research_to_sale_ratio": null,
            "price_fair": 0,
            "eps_avg_yearly": 0,
            "eps_latest_yearly": 0,
            "eps_growth_yearly": 0
        },
        "20022": {
            "year_quarter": 20022,
            "year": 2002,
            "quarter": 2,
            "eps": null,
            "eps_growth_year": null,
            "eps_4q": null,
            "eps_4q_growth_year": null,
            "roe": null,
            "roe_4q": 0,
            "gross_profit": null,
            "gross_margin": null,
            "gross_margin_4q_avg": 0,
            "net_income": null,
            "net_income_4q": null,
            "revenue": null,
            "revenue_4q": null,
            "common_shares": null,
            "book_valuer_per_share": null,
            "book_valuer_per_share_4q_avg": 0,
            "equity": null,
            "current_ratio": null,
            "debt_ratio": null,
            "inventory_turnover_ratio": null,
            "account_receivable_turnover_ratio": null,
            "reinvestment_rate": null,
            "research_to_sale_ratio": null,
            "price_fair": 0,
            "eps_avg_yearly": 0,
            "eps_latest_yearly": 0,
            "eps_growth_yearly": 0
        },
        "20023": {
            "year_quarter": 20023,
            "year": 2002,
            "quarter": 3,
            "eps": null,
            "eps_growth_year": null,
            "eps_4q": null,
            "eps_4q_growth_year": null,
            "roe": null,
            "roe_4q": 0,
            "gross_profit": null,
            "gross_margin": null,
            "gross_margin_4q_avg": 0,
            "net_income": null,
            "net_income_4q": null,
            "revenue": null,
            "revenue_4q": null,
            "common_shares": null,
            "book_valuer_per_share": null,
            "book_valuer_per_share_4q_avg": 0,
            "equity": null,
            "current_ratio": null,
            "debt_ratio": null,
            "inventory_turnover_ratio": null,
            "account_receivable_turnover_ratio": null,
            "reinvestment_rate": null,
            "research_to_sale_ratio": null,
            "price_fair": 0,
            "eps_avg_yearly": 0,
            "eps_latest_yearly": 0,
            "eps_growth_yearly": 0
        },
        "20024": {
            "year_quarter": 20024,
            "year": 2002,
            "quarter": 4,
            "eps": null,
            "eps_growth_year": null,
            "eps_4q": null,
            "eps_4q_growth_year": null,
            "roe": null,
            "roe_4q": 0,
            "gross_profit": null,
            "gross_margin": null,
            "gross_margin_4q_avg": 0,
            "net_income": null,
            "net_income_4q": null,
            "revenue": null,
            "revenue_4q": null,
            "common_shares": null,
            "book_valuer_per_share": null,
            "book_valuer_per_share_4q_avg": 0,
            "equity": null,
            "current_ratio": null,
            "debt_ratio": null,
            "inventory_turnover_ratio": null,
            "account_receivable_turnover_ratio": null,
            "reinvestment_rate": null,
            "research_to_sale_ratio": null,
            "price_fair": 0,
            "eps_avg_yearly": 0,
            "eps_latest_yearly": 0,
            "eps_growth_yearly": 0
        },
        "20031": {
            "year_quarter": 20031,
            "year": 2003,
            "quarter": 1,
            "eps": null,
            "eps_growth_year": null,
            "eps_4q": null,
            "eps_4q_growth_year": null,
            "roe": null,
            "roe_4q": 0,
            "gross_profit": null,
            "gross_margin": null,
            "gross_margin_4q_avg": 0,
            "net_income": null,
            "net_income_4q": null,
            "revenue": null,
            "revenue_4q": null,
            "common_shares": null,
            "book_valuer_per_share": null,
            "book_valuer_per_share_4q_avg": 0,
            "equity": null,
            "current_ratio": null,
            "debt_ratio": null,
            "inventory_turnover_ratio": null,
            "account_receivable_turnover_ratio": null,
            "reinvestment_rate": null,
            "research_to_sale_ratio": null,
            "price_fair": 0,
            "eps_avg_yearly": 0,
            "eps_latest_yearly": 0,
            "eps_growth_yearly": 0
        },
        "20032": {
            "year_quarter": 20032,
            "year": 2003,
            "quarter": 2,
            "eps": null,
            "eps_growth_year": null,
            "eps_4q": null,
            "eps_4q_growth_year": null,
            "roe": null,
            "roe_4q": 0,
            "gross_profit": null,
            "gross_margin": null,
            "gross_margin_4q_avg": 0,
            "net_income": null,
            "net_income_4q": null,
            "revenue": null,
            "revenue_4q": null,
            "common_shares": null,
            "book_valuer_per_share": null,
            "book_valuer_per_share_4q_avg": 0,
            "equity": null,
            "current_ratio": null,
            "debt_ratio": null,
            "inventory_turnover_ratio": null,
            "account_receivable_turnover_ratio": null,
            "reinvestment_rate": null,
            "research_to_sale_ratio": null,
            "price_fair": 0,
            "eps_avg_yearly": 0,
            "eps_latest_yearly": 0,
            "eps_growth_yearly": 0
        },
        "20033": {
            "year_quarter": 20033,
            "year": 2003,
            "quarter": 3,
            "eps": null,
            "eps_growth_year": null,
            "eps_4q": null,
            "eps_4q_growth_year": null,
            "roe": null,
            "roe_4q": 0,
            "gross_profit": null,
            "gross_margin": null,
            "gross_margin_4q_avg": 0,
            "net_income": null,
            "net_income_4q": null,
            "revenue": null,
            "revenue_4q": null,
            "common_shares": null,
            "book_valuer_per_share": null,
            "book_valuer_per_share_4q_avg": 0,
            "equity": null,
            "current_ratio": null,
            "debt_ratio": null,
            "inventory_turnover_ratio": null,
            "account_receivable_turnover_ratio": null,
            "reinvestment_rate": null,
            "research_to_sale_ratio": null,
            "price_fair": 0,
            "eps_avg_yearly": 0,
            "eps_latest_yearly": 0,
            "eps_growth_yearly": 0
        },
        "20034": {
            "year_quarter": 20034,
            "year": 2003,
            "quarter": 4,
            "eps": null,
            "eps_growth_year": null,
            "eps_4q": null,
            "eps_4q_growth_year": null,
            "roe": null,
            "roe_4q": 0,
            "gross_profit": null,
            "gross_margin": null,
            "gross_margin_4q_avg": 0,
            "net_income": null,
            "net_income_4q": null,
            "revenue": null,
            "revenue_4q": null,
            "common_shares": null,
            "book_valuer_per_share": null,
            "book_valuer_per_share_4q_avg": 0,
            "equity": null,
            "current_ratio": null,
            "debt_ratio": null,
            "inventory_turnover_ratio": null,
            "account_receivable_turnover_ratio": null,
            "reinvestment_rate": null,
            "research_to_sale_ratio": null,
            "price_fair": 0,
            "eps_avg_yearly": 0,
            "eps_latest_yearly": 0,
            "eps_growth_yearly": 0
        },
        "20041": {
            "year_quarter": 20041,
            "year": 2004,
            "quarter": 1,
            "eps": null,
            "eps_growth_year": null,
            "eps_4q": null,
            "eps_4q_growth_year": null,
            "roe": null,
            "roe_4q": 0,
            "gross_profit": null,
            "gross_margin": null,
            "gross_margin_4q_avg": 0,
            "net_income": null,
            "net_income_4q": null,
            "revenue": null,
            "revenue_4q": null,
            "common_shares": null,
            "book_valuer_per_share": null,
            "book_valuer_per_share_4q_avg": 0,
            "equity": null,
            "current_ratio": null,
            "debt_ratio": null,
            "inventory_turnover_ratio": null,
            "account_receivable_turnover_ratio": null,
            "reinvestment_rate": null,
            "research_to_sale_ratio": null,
            "price_fair": 0,
            "eps_avg_yearly": 0,
            "eps_latest_yearly": 0,
            "eps_growth_yearly": 0
        },
        "20042": {
            "year_quarter": 20042,
            "year": 2004,
            "quarter": 2,
            "eps": null,
            "eps_growth_year": null,
            "eps_4q": null,
            "eps_4q_growth_year": null,
            "roe": null,
            "roe_4q": 0,
            "gross_profit": null,
            "gross_margin": null,
            "gross_margin_4q_avg": 0,
            "net_income": null,
            "net_income_4q": null,
            "revenue": null,
            "revenue_4q": null,
            "common_shares": null,
            "book_valuer_per_share": null,
            "book_valuer_per_share_4q_avg": 0,
            "equity": null,
            "current_ratio": null,
            "debt_ratio": null,
            "inventory_turnover_ratio": null,
            "account_receivable_turnover_ratio": null,
            "reinvestment_rate": null,
            "research_to_sale_ratio": null,
            "price_fair": 0,
            "eps_avg_yearly": 0,
            "eps_latest_yearly": 0,
            "eps_growth_yearly": 0
        },
        "20043": {
            "year_quarter": 20043,
            "year": 2004,
            "quarter": 3,
            "eps": null,
            "eps_growth_year": null,
            "eps_4q": null,
            "eps_4q_growth_year": null,
            "roe": null,
            "roe_4q": 0,
            "gross_profit": null,
            "gross_margin": null,
            "gross_margin_4q_avg": 0,
            "net_income": null,
            "net_income_4q": null,
            "revenue": null,
            "revenue_4q": null,
            "common_shares": null,
            "book_valuer_per_share": null,
            "book_valuer_per_share_4q_avg": 0,
            "equity": null,
            "current_ratio": null,
            "debt_ratio": null,
            "inventory_turnover_ratio": null,
            "account_receivable_turnover_ratio": null,
            "reinvestment_rate": null,
            "research_to_sale_ratio": null,
            "price_fair": 0,
            "eps_avg_yearly": 0,
            "eps_latest_yearly": 0,
            "eps_growth_yearly": 0
        },
        "20044": {
            "year_quarter": 20044,
            "year": 2004,
            "quarter": 4,
            "eps": null,
            "eps_growth_year": null,
            "eps_4q": null,
            "eps_4q_growth_year": null,
            "roe": null,
            "roe_4q": 0,
            "gross_profit": null,
            "gross_margin": null,
            "gross_margin_4q_avg": 0,
            "net_income": null,
            "net_income_4q": null,
            "revenue": null,
            "revenue_4q": null,
            "common_shares": null,
            "book_valuer_per_share": null,
            "book_valuer_per_share_4q_avg": 0,
            "equity": null,
            "current_ratio": null,
            "debt_ratio": null,
            "inventory_turnover_ratio": null,
            "account_receivable_turnover_ratio": null,
            "reinvestment_rate": null,
            "research_to_sale_ratio": null,
            "price_fair": 0,
            "eps_avg_yearly": 0,
            "eps_latest_yearly": 0,
            "eps_growth_yearly": 0
        },
        "20051": {
            "year_quarter": 20051,
            "year": 2005,
            "quarter": 1,
            "eps": null,
            "eps_growth_year": null,
            "eps_4q": null,
            "eps_4q_growth_year": null,
            "roe": null,
            "roe_4q": 0,
            "gross_profit": null,
            "gross_margin": null,
            "gross_margin_4q_avg": 0,
            "net_income": null,
            "net_income_4q": null,
            "revenue": null,
            "revenue_4q": null,
            "common_shares": null,
            "book_valuer_per_share": null,
            "book_valuer_per_share_4q_avg": 0,
            "equity": null,
            "current_ratio": null,
            "debt_ratio": null,
            "inventory_turnover_ratio": null,
            "account_receivable_turnover_ratio": null,
            "reinvestment_rate": null,
            "research_to_sale_ratio": null,
            "price_fair": 0,
            "eps_avg_yearly": 0,
            "eps_latest_yearly": 0,
            "eps_growth_yearly": 0
        },
        "20052": {
            "year_quarter": 20052,
            "year": 2005,
            "quarter": 2,
            "eps": null,
            "eps_growth_year": null,
            "eps_4q": null,
            "eps_4q_growth_year": null,
            "roe": null,
            "roe_4q": 0,
            "gross_profit": null,
            "gross_margin": null,
            "gross_margin_4q_avg": 0,
            "net_income": null,
            "net_income_4q": null,
            "revenue": null,
            "revenue_4q": null,
            "common_shares": null,
            "book_valuer_per_share": null,
            "book_valuer_per_share_4q_avg": 0,
            "equity": null,
            "current_ratio": null,
            "debt_ratio": null,
            "inventory_turnover_ratio": null,
            "account_receivable_turnover_ratio": null,
            "reinvestment_rate": null,
            "research_to_sale_ratio": null,
            "price_fair": 0,
            "eps_avg_yearly": 0,
            "eps_latest_yearly": 0,
            "eps_growth_yearly": 0
        },
        "20053": {
            "year_quarter": 20053,
            "year": 2005,
            "quarter": 3,
            "eps": null,
            "eps_growth_year": null,
            "eps_4q": null,
            "eps_4q_growth_year": null,
            "roe": null,
            "roe_4q": 0,
            "gross_profit": null,
            "gross_margin": null,
            "gross_margin_4q_avg": 0,
            "net_income": null,
            "net_income_4q": null,
            "revenue": null,
            "revenue_4q": null,
            "common_shares": null,
            "book_valuer_per_share": null,
            "book_valuer_per_share_4q_avg": 0,
            "equity": null,
            "current_ratio": null,
            "debt_ratio": null,
            "inventory_turnover_ratio": null,
            "account_receivable_turnover_ratio": null,
            "reinvestment_rate": null,
            "research_to_sale_ratio": null,
            "price_fair": 0,
            "eps_avg_yearly": 0,
            "eps_latest_yearly": 0,
            "eps_growth_yearly": 0
        },
        "20054": {
            "year_quarter": 20054,
            "year": 2005,
            "quarter": 4,
            "eps": null,
            "eps_growth_year": null,
            "eps_4q": null,
            "eps_4q_growth_year": null,
            "roe": null,
            "roe_4q": 0,
            "gross_profit": null,
            "gross_margin": null,
            "gross_margin_4q_avg": 0,
            "net_income": null,
            "net_income_4q": null,
            "revenue": null,
            "revenue_4q": null,
            "common_shares": null,
            "book_valuer_per_share": null,
            "book_valuer_per_share_4q_avg": 0,
            "equity": null,
            "current_ratio": null,
            "debt_ratio": null,
            "inventory_turnover_ratio": null,
            "account_receivable_turnover_ratio": null,
            "reinvestment_rate": null,
            "research_to_sale_ratio": null,
            "price_fair": 0,
            "eps_avg_yearly": 0,
            "eps_latest_yearly": 0,
            "eps_growth_yearly": 0
        },
        "20061": {
            "year_quarter": 20061,
            "year": 2006,
            "quarter": 1,
            "eps": null,
            "eps_growth_year": null,
            "eps_4q": null,
            "eps_4q_growth_year": null,
            "roe": null,
            "roe_4q": 0,
            "gross_profit": null,
            "gross_margin": null,
            "gross_margin_4q_avg": 0,
            "net_income": null,
            "net_income_4q": null,
            "revenue": null,
            "revenue_4q": null,
            "common_shares": null,
            "book_valuer_per_share": null,
            "book_valuer_per_share_4q_avg": 0,
            "equity": null,
            "current_ratio": null,
            "debt_ratio": null,
            "inventory_turnover_ratio": null,
            "account_receivable_turnover_ratio": null,
            "reinvestment_rate": null,
            "research_to_sale_ratio": null,
            "price_fair": 0,
            "eps_avg_yearly": 0,
            "eps_latest_yearly": 0,
            "eps_growth_yearly": 0
        },
        "20062": {
            "year_quarter": 20062,
            "year": 2006,
            "quarter": 2,
            "eps": null,
            "eps_growth_year": null,
            "eps_4q": null,
            "eps_4q_growth_year": null,
            "roe": null,
            "roe_4q": 0,
            "gross_profit": null,
            "gross_margin": null,
            "gross_margin_4q_avg": 0,
            "net_income": null,
            "net_income_4q": null,
            "revenue": null,
            "revenue_4q": null,
            "common_shares": null,
            "book_valuer_per_share": null,
            "book_valuer_per_share_4q_avg": 0,
            "equity": null,
            "current_ratio": null,
            "debt_ratio": null,
            "inventory_turnover_ratio": null,
            "account_receivable_turnover_ratio": null,
            "reinvestment_rate": null,
            "research_to_sale_ratio": null,
            "price_fair": 0,
            "eps_avg_yearly": 0,
            "eps_latest_yearly": 0,
            "eps_growth_yearly": 0
        },
        "20063": {
            "year_quarter": 20063,
            "year": 2006,
            "quarter": 3,
            "eps": null,
            "eps_growth_year": null,
            "eps_4q": null,
            "eps_4q_growth_year": null,
            "roe": null,
            "roe_4q": 0,
            "gross_profit": null,
            "gross_margin": null,
            "gross_margin_4q_avg": 0,
            "net_income": null,
            "net_income_4q": null,
            "revenue": null,
            "revenue_4q": null,
            "common_shares": null,
            "book_valuer_per_share": null,
            "book_valuer_per_share_4q_avg": 0,
            "equity": null,
            "current_ratio": null,
            "debt_ratio": null,
            "inventory_turnover_ratio": null,
            "account_receivable_turnover_ratio": null,
            "reinvestment_rate": null,
            "research_to_sale_ratio": null,
            "price_fair": 0,
            "eps_avg_yearly": 0,
            "eps_latest_yearly": 0,
            "eps_growth_yearly": 0
        },
        "20064": {
            "year_quarter": 20064,
            "year": 2006,
            "quarter": 4,
            "eps": null,
            "eps_growth_year": null,
            "eps_4q": null,
            "eps_4q_growth_year": null,
            "roe": null,
            "roe_4q": 0,
            "gross_profit": null,
            "gross_margin": null,
            "gross_margin_4q_avg": 0,
            "net_income": null,
            "net_income_4q": null,
            "revenue": null,
            "revenue_4q": null,
            "common_shares": null,
            "book_valuer_per_share": null,
            "book_valuer_per_share_4q_avg": 0,
            "equity": null,
            "current_ratio": null,
            "debt_ratio": null,
            "inventory_turnover_ratio": null,
            "account_receivable_turnover_ratio": null,
            "reinvestment_rate": null,
            "research_to_sale_ratio": null,
            "price_fair": 0,
            "eps_avg_yearly": 0,
            "eps_latest_yearly": 0,
            "eps_growth_yearly": 0
        },
        "20071": {
            "year_quarter": 20071,
            "year": 2007,
            "quarter": 1,
            "eps": null,
            "eps_growth_year": null,
            "eps_4q": null,
            "eps_4q_growth_year": null,
            "roe": null,
            "roe_4q": 0,
            "gross_profit": null,
            "gross_margin": null,
            "gross_margin_4q_avg": 0,
            "net_income": null,
            "net_income_4q": null,
            "revenue": null,
            "revenue_4q": null,
            "common_shares": null,
            "book_valuer_per_share": null,
            "book_valuer_per_share_4q_avg": 0,
            "equity": null,
            "current_ratio": null,
            "debt_ratio": null,
            "inventory_turnover_ratio": null,
            "account_receivable_turnover_ratio": null,
            "reinvestment_rate": null,
            "research_to_sale_ratio": null,
            "price_fair": 0,
            "eps_avg_yearly": 0,
            "eps_latest_yearly": 0,
            "eps_growth_yearly": 0
        },
        "20072": {
            "year_quarter": 20072,
            "year": 2007,
            "quarter": 2,
            "eps": null,
            "eps_growth_year": null,
            "eps_4q": null,
            "eps_4q_growth_year": null,
            "roe": null,
            "roe_4q": 0,
            "gross_profit": null,
            "gross_margin": null,
            "gross_margin_4q_avg": 0,
            "net_income": null,
            "net_income_4q": null,
            "revenue": null,
            "revenue_4q": null,
            "common_shares": null,
            "book_valuer_per_share": null,
            "book_valuer_per_share_4q_avg": 0,
            "equity": null,
            "current_ratio": null,
            "debt_ratio": null,
            "inventory_turnover_ratio": null,
            "account_receivable_turnover_ratio": null,
            "reinvestment_rate": null,
            "research_to_sale_ratio": null,
            "price_fair": 0,
            "eps_avg_yearly": 0,
            "eps_latest_yearly": 0,
            "eps_growth_yearly": 0
        },
        "20073": {
            "year_quarter": 20073,
            "year": 2007,
            "quarter": 3,
            "eps": null,
            "eps_growth_year": null,
            "eps_4q": null,
            "eps_4q_growth_year": null,
            "roe": null,
            "roe_4q": 0,
            "gross_profit": null,
            "gross_margin": null,
            "gross_margin_4q_avg": 0,
            "net_income": null,
            "net_income_4q": null,
            "revenue": null,
            "revenue_4q": null,
            "common_shares": null,
            "book_valuer_per_share": null,
            "book_valuer_per_share_4q_avg": 0,
            "equity": null,
            "current_ratio": null,
            "debt_ratio": null,
            "inventory_turnover_ratio": null,
            "account_receivable_turnover_ratio": null,
            "reinvestment_rate": null,
            "research_to_sale_ratio": null,
            "price_fair": 0,
            "eps_avg_yearly": 0,
            "eps_latest_yearly": 0,
            "eps_growth_yearly": 0
        },
        "20074": {
            "year_quarter": 20074,
            "year": 2007,
            "quarter": 4,
            "eps": null,
            "eps_growth_year": null,
            "eps_4q": null,
            "eps_4q_growth_year": null,
            "roe": null,
            "roe_4q": 0,
            "gross_profit": null,
            "gross_margin": null,
            "gross_margin_4q_avg": 0,
            "net_income": null,
            "net_income_4q": null,
            "revenue": null,
            "revenue_4q": null,
            "common_shares": null,
            "book_valuer_per_share": null,
            "book_valuer_per_share_4q_avg": 0,
            "equity": null,
            "current_ratio": null,
            "debt_ratio": null,
            "inventory_turnover_ratio": null,
            "account_receivable_turnover_ratio": null,
            "reinvestment_rate": null,
            "research_to_sale_ratio": null,
            "price_fair": 0,
            "eps_avg_yearly": 0,
            "eps_latest_yearly": 0,
            "eps_growth_yearly": 0
        },
        "20081": {
            "year_quarter": 20081,
            "year": 2008,
            "quarter": 1,
            "eps": null,
            "eps_growth_year": null,
            "eps_4q": null,
            "eps_4q_growth_year": null,
            "roe": null,
            "roe_4q": 0,
            "gross_profit": null,
            "gross_margin": null,
            "gross_margin_4q_avg": 0,
            "net_income": null,
            "net_income_4q": null,
            "revenue": null,
            "revenue_4q": null,
            "common_shares": null,
            "book_valuer_per_share": null,
            "book_valuer_per_share_4q_avg": 0,
            "equity": null,
            "current_ratio": null,
            "debt_ratio": null,
            "inventory_turnover_ratio": null,
            "account_receivable_turnover_ratio": null,
            "reinvestment_rate": null,
            "research_to_sale_ratio": null,
            "price_fair": 0,
            "eps_avg_yearly": 0,
            "eps_latest_yearly": 0,
            "eps_growth_yearly": 0
        },
        "20082": {
            "year_quarter": 20082,
            "year": 2008,
            "quarter": 2,
            "eps": null,
            "eps_growth_year": null,
            "eps_4q": null,
            "eps_4q_growth_year": null,
            "roe": null,
            "roe_4q": 0,
            "gross_profit": null,
            "gross_margin": null,
            "gross_margin_4q_avg": 0,
            "net_income": null,
            "net_income_4q": null,
            "revenue": null,
            "revenue_4q": null,
            "common_shares": null,
            "book_valuer_per_share": null,
            "book_valuer_per_share_4q_avg": 0,
            "equity": null,
            "current_ratio": null,
            "debt_ratio": null,
            "inventory_turnover_ratio": null,
            "account_receivable_turnover_ratio": null,
            "reinvestment_rate": null,
            "research_to_sale_ratio": null,
            "price_fair": 0,
            "eps_avg_yearly": 0,
            "eps_latest_yearly": 0,
            "eps_growth_yearly": 0
        },
        "20083": {
            "year_quarter": 20083,
            "year": 2008,
            "quarter": 3,
            "eps": null,
            "eps_growth_year": null,
            "eps_4q": null,
            "eps_4q_growth_year": null,
            "roe": null,
            "roe_4q": 0,
            "gross_profit": null,
            "gross_margin": null,
            "gross_margin_4q_avg": 0,
            "net_income": null,
            "net_income_4q": null,
            "revenue": null,
            "revenue_4q": null,
            "common_shares": null,
            "book_valuer_per_share": null,
            "book_valuer_per_share_4q_avg": 0,
            "equity": null,
            "current_ratio": null,
            "debt_ratio": null,
            "inventory_turnover_ratio": null,
            "account_receivable_turnover_ratio": null,
            "reinvestment_rate": null,
            "research_to_sale_ratio": null,
            "price_fair": 0,
            "eps_avg_yearly": 0,
            "eps_latest_yearly": 0,
            "eps_growth_yearly": 0
        },
        "20084": {
            "year_quarter": 20084,
            "year": 2008,
            "quarter": 4,
            "eps": null,
            "eps_growth_year": null,
            "eps_4q": null,
            "eps_4q_growth_year": null,
            "roe": null,
            "roe_4q": 0,
            "gross_profit": null,
            "gross_margin": null,
            "gross_margin_4q_avg": 0,
            "net_income": null,
            "net_income_4q": null,
            "revenue": null,
            "revenue_4q": null,
            "common_shares": null,
            "book_valuer_per_share": null,
            "book_valuer_per_share_4q_avg": 0,
            "equity": null,
            "current_ratio": null,
            "debt_ratio": null,
            "inventory_turnover_ratio": null,
            "account_receivable_turnover_ratio": null,
            "reinvestment_rate": null,
            "research_to_sale_ratio": null,
            "price_fair": 0,
            "eps_avg_yearly": 0,
            "eps_latest_yearly": 0,
            "eps_growth_yearly": 0
        },
        "20091": {
            "year_quarter": 20091,
            "year": 2009,
            "quarter": 1,
            "eps": null,
            "eps_growth_year": null,
            "eps_4q": null,
            "eps_4q_growth_year": null,
            "roe": null,
            "roe_4q": 0,
            "gross_profit": null,
            "gross_margin": null,
            "gross_margin_4q_avg": 0,
            "net_income": null,
            "net_income_4q": null,
            "revenue": null,
            "revenue_4q": null,
            "common_shares": null,
            "book_valuer_per_share": null,
            "book_valuer_per_share_4q_avg": 0,
            "equity": null,
            "current_ratio": null,
            "debt_ratio": null,
            "inventory_turnover_ratio": null,
            "account_receivable_turnover_ratio": null,
            "reinvestment_rate": null,
            "research_to_sale_ratio": null,
            "price_fair": 0,
            "eps_avg_yearly": 0,
            "eps_latest_yearly": 0,
            "eps_growth_yearly": 0
        },
        "20092": {
            "year_quarter": 20092,
            "year": 2009,
            "quarter": 2,
            "eps": null,
            "eps_growth_year": null,
            "eps_4q": null,
            "eps_4q_growth_year": null,
            "roe": null,
            "roe_4q": 0,
            "gross_profit": null,
            "gross_margin": null,
            "gross_margin_4q_avg": 0,
            "net_income": null,
            "net_income_4q": null,
            "revenue": null,
            "revenue_4q": null,
            "common_shares": null,
            "book_valuer_per_share": null,
            "book_valuer_per_share_4q_avg": 0,
            "equity": null,
            "current_ratio": null,
            "debt_ratio": null,
            "inventory_turnover_ratio": null,
            "account_receivable_turnover_ratio": null,
            "reinvestment_rate": null,
            "research_to_sale_ratio": null,
            "price_fair": 0,
            "eps_avg_yearly": 0,
            "eps_latest_yearly": 0,
            "eps_growth_yearly": 0
        },
        "20093": {
            "year_quarter": 20093,
            "year": 2009,
            "quarter": 3,
            "eps": null,
            "eps_growth_year": null,
            "eps_4q": null,
            "eps_4q_growth_year": null,
            "roe": null,
            "roe_4q": 0,
            "gross_profit": null,
            "gross_margin": null,
            "gross_margin_4q_avg": 0,
            "net_income": null,
            "net_income_4q": null,
            "revenue": null,
            "revenue_4q": null,
            "common_shares": null,
            "book_valuer_per_share": null,
            "book_valuer_per_share_4q_avg": 0,
            "equity": null,
            "current_ratio": null,
            "debt_ratio": null,
            "inventory_turnover_ratio": null,
            "account_receivable_turnover_ratio": null,
            "reinvestment_rate": null,
            "research_to_sale_ratio": null,
            "price_fair": 0,
            "eps_avg_yearly": 0,
            "eps_latest_yearly": 0,
            "eps_growth_yearly": 0
        },
        "20094": {
            "year_quarter": 20094,
            "year": 2009,
            "quarter": 4,
            "eps": null,
            "eps_growth_year": null,
            "eps_4q": null,
            "eps_4q_growth_year": null,
            "roe": null,
            "roe_4q": 0,
            "gross_profit": null,
            "gross_margin": null,
            "gross_margin_4q_avg": 0,
            "net_income": null,
            "net_income_4q": null,
            "revenue": null,
            "revenue_4q": null,
            "common_shares": 36000,
            "book_valuer_per_share": 16.58,
            "book_valuer_per_share_4q_avg": 4.15,
            "equity": 59695,
            "current_ratio": 150.92,
            "debt_ratio": 61.48,
            "inventory_turnover_ratio": null,
            "account_receivable_turnover_ratio": null,
            "reinvestment_rate": null,
            "research_to_sale_ratio": null,
            "price_fair": 0,
            "eps_avg_yearly": 0,
            "eps_latest_yearly": 0,
            "eps_growth_yearly": 0
        },
        "20101": {
            "year_quarter": 20101,
            "year": 2010,
            "quarter": 1,
            "eps": null,
            "eps_growth_year": null,
            "eps_4q": null,
            "eps_4q_growth_year": null,
            "roe": null,
            "roe_4q": 0,
            "gross_profit": null,
            "gross_margin": null,
            "gross_margin_4q_avg": 0,
            "net_income": null,
            "net_income_4q": null,
            "revenue": null,
            "revenue_4q": null,
            "common_shares": null,
            "book_valuer_per_share": null,
            "book_valuer_per_share_4q_avg": 4.15,
            "equity": null,
            "current_ratio": null,
            "debt_ratio": null,
            "inventory_turnover_ratio": null,
            "account_receivable_turnover_ratio": null,
            "reinvestment_rate": null,
            "research_to_sale_ratio": null,
            "price_fair": 0,
            "eps_avg_yearly": 0,
            "eps_latest_yearly": 0,
            "eps_growth_yearly": 0
        },
        "20102": {
            "year_quarter": 20102,
            "year": 2010,
            "quarter": 2,
            "eps": null,
            "eps_growth_year": null,
            "eps_4q": null,
            "eps_4q_growth_year": null,
            "roe": null,
            "roe_4q": 0,
            "gross_profit": null,
            "gross_margin": null,
            "gross_margin_4q_avg": 0,
            "net_income": null,
            "net_income_4q": null,
            "revenue": null,
            "revenue_4q": null,
            "common_shares": null,
            "book_valuer_per_share": null,
            "book_valuer_per_share_4q_avg": 4.15,
            "equity": null,
            "current_ratio": null,
            "debt_ratio": null,
            "inventory_turnover_ratio": null,
            "account_receivable_turnover_ratio": null,
            "reinvestment_rate": null,
            "research_to_sale_ratio": null,
            "price_fair": 0,
            "eps_avg_yearly": 0,
            "eps_latest_yearly": 0,
            "eps_growth_yearly": 0
        },
        "20103": {
            "year_quarter": 20103,
            "year": 2010,
            "quarter": 3,
            "eps": null,
            "eps_growth_year": null,
            "eps_4q": null,
            "eps_4q_growth_year": null,
            "roe": null,
            "roe_4q": 0,
            "gross_profit": null,
            "gross_margin": null,
            "gross_margin_4q_avg": 0,
            "net_income": null,
            "net_income_4q": null,
            "revenue": null,
            "revenue_4q": null,
            "common_shares": null,
            "book_valuer_per_share": null,
            "book_valuer_per_share_4q_avg": 4.15,
            "equity": null,
            "current_ratio": null,
            "debt_ratio": null,
            "inventory_turnover_ratio": null,
            "account_receivable_turnover_ratio": null,
            "reinvestment_rate": null,
            "research_to_sale_ratio": null,
            "price_fair": 0,
            "eps_avg_yearly": 0,
            "eps_latest_yearly": 0,
            "eps_growth_yearly": 0
        },
        "20104": {
            "year_quarter": 20104,
            "year": 2010,
            "quarter": 4,
            "eps": null,
            "eps_growth_year": null,
            "eps_4q": null,
            "eps_4q_growth_year": null,
            "roe": null,
            "roe_4q": 0,
            "gross_profit": null,
            "gross_margin": null,
            "gross_margin_4q_avg": 0,
            "net_income": null,
            "net_income_4q": null,
            "revenue": null,
            "revenue_4q": null,
            "common_shares": 36000,
            "book_valuer_per_share": 14.66,
            "book_valuer_per_share_4q_avg": 3.67,
            "equity": 52758,
            "current_ratio": 127.29,
            "debt_ratio": 66.89,
            "inventory_turnover_ratio": null,
            "account_receivable_turnover_ratio": null,
            "reinvestment_rate": null,
            "research_to_sale_ratio": null,
            "price_fair": 0,
            "eps_avg_yearly": 0,
            "eps_latest_yearly": 0,
            "eps_growth_yearly": 0
        },
        "20111": {
            "year_quarter": 20111,
            "year": 2011,
            "quarter": 1,
            "eps": null,
            "eps_growth_year": null,
            "eps_4q": null,
            "eps_4q_growth_year": null,
            "roe": null,
            "roe_4q": 0,
            "gross_profit": null,
            "gross_margin": null,
            "gross_margin_4q_avg": 0,
            "net_income": null,
            "net_income_4q": null,
            "revenue": null,
            "revenue_4q": null,
            "common_shares": null,
            "book_valuer_per_share": null,
            "book_valuer_per_share_4q_avg": 3.67,
            "equity": null,
            "current_ratio": null,
            "debt_ratio": null,
            "inventory_turnover_ratio": null,
            "account_receivable_turnover_ratio": null,
            "reinvestment_rate": null,
            "research_to_sale_ratio": null,
            "price_fair": 0,
            "eps_avg_yearly": 0,
            "eps_latest_yearly": 0,
            "eps_growth_yearly": 0
        },
        "20112": {
            "year_quarter": 20112,
            "year": 2011,
            "quarter": 2,
            "eps": null,
            "eps_growth_year": null,
            "eps_4q": null,
            "eps_4q_growth_year": null,
            "roe": null,
            "roe_4q": 0,
            "gross_profit": null,
            "gross_margin": null,
            "gross_margin_4q_avg": 0,
            "net_income": null,
            "net_income_4q": null,
            "revenue": null,
            "revenue_4q": null,
            "common_shares": 36000,
            "book_valuer_per_share": null,
            "book_valuer_per_share_4q_avg": 3.67,
            "equity": 73594,
            "current_ratio": null,
            "debt_ratio": null,
            "inventory_turnover_ratio": null,
            "account_receivable_turnover_ratio": null,
            "reinvestment_rate": null,
            "research_to_sale_ratio": null,
            "price_fair": 0,
            "eps_avg_yearly": 0,
            "eps_latest_yearly": 0,
            "eps_growth_yearly": 0
        },
        "20113": {
            "year_quarter": 20113,
            "year": 2011,
            "quarter": 3,
            "eps": null,
            "eps_growth_year": null,
            "eps_4q": null,
            "eps_4q_growth_year": null,
            "roe": null,
            "roe_4q": 0,
            "gross_profit": null,
            "gross_margin": null,
            "gross_margin_4q_avg": 0,
            "net_income": null,
            "net_income_4q": null,
            "revenue": null,
            "revenue_4q": null,
            "common_shares": null,
            "book_valuer_per_share": null,
            "book_valuer_per_share_4q_avg": 3.67,
            "equity": null,
            "current_ratio": null,
            "debt_ratio": null,
            "inventory_turnover_ratio": null,
            "account_receivable_turnover_ratio": null,
            "reinvestment_rate": null,
            "research_to_sale_ratio": null,
            "price_fair": 0,
            "eps_avg_yearly": 0,
            "eps_latest_yearly": 0,
            "eps_growth_yearly": 0
        },
        "20114": {
            "year_quarter": 20114,
            "year": 2011,
            "quarter": 4,
            "eps": null,
            "eps_growth_year": null,
            "eps_4q": null,
            "eps_4q_growth_year": null,
            "roe": null,
            "roe_4q": 0,
            "gross_profit": null,
            "gross_margin": null,
            "gross_margin_4q_avg": 0,
            "net_income": null,
            "net_income_4q": null,
            "revenue": null,
            "revenue_4q": null,
            "common_shares": 36000,
            "book_valuer_per_share": 29.07,
            "book_valuer_per_share_4q_avg": 7.27,
            "equity": 134004,
            "current_ratio": 93.69,
            "debt_ratio": 65.03,
            "inventory_turnover_ratio": null,
            "account_receivable_turnover_ratio": null,
            "reinvestment_rate": null,
            "research_to_sale_ratio": null,
            "price_fair": 0,
            "eps_avg_yearly": 0,
            "eps_latest_yearly": 0,
            "eps_growth_yearly": 0
        },
        "20121": {
            "year_quarter": 20121,
            "year": 2012,
            "quarter": 1,
            "eps": null,
            "eps_growth_year": null,
            "eps_4q": null,
            "eps_4q_growth_year": null,
            "roe": null,
            "roe_4q": 0,
            "gross_profit": null,
            "gross_margin": null,
            "gross_margin_4q_avg": 0,
            "net_income": null,
            "net_income_4q": null,
            "revenue": null,
            "revenue_4q": null,
            "common_shares": null,
            "book_valuer_per_share": null,
            "book_valuer_per_share_4q_avg": 7.27,
            "equity": null,
            "current_ratio": null,
            "debt_ratio": null,
            "inventory_turnover_ratio": null,
            "account_receivable_turnover_ratio": null,
            "reinvestment_rate": null,
            "research_to_sale_ratio": null,
            "price_fair": 0,
            "eps_avg_yearly": 0,
            "eps_latest_yearly": 0,
            "eps_growth_yearly": 0
        },
        "20122": {
            "year_quarter": 20122,
            "year": 2012,
            "quarter": 2,
            "eps": null,
            "eps_growth_year": null,
            "eps_4q": null,
            "eps_4q_growth_year": null,
            "roe": null,
            "roe_4q": 0,
            "gross_profit": null,
            "gross_margin": null,
            "gross_margin_4q_avg": 0,
            "net_income": null,
            "net_income_4q": null,
            "revenue": null,
            "revenue_4q": null,
            "common_shares": 36000,
            "book_valuer_per_share": 43.17,
            "book_valuer_per_share_4q_avg": 18.06,
            "equity": 192264,
            "current_ratio": 123.71,
            "debt_ratio": 50.97,
            "inventory_turnover_ratio": null,
            "account_receivable_turnover_ratio": null,
            "reinvestment_rate": null,
            "research_to_sale_ratio": null,
            "price_fair": 0,
            "eps_avg_yearly": 0,
            "eps_latest_yearly": 0,
            "eps_growth_yearly": 0
        },
        "20123": {
            "year_quarter": 20123,
            "year": 2012,
            "quarter": 3,
            "eps": null,
            "eps_growth_year": null,
            "eps_4q": null,
            "eps_4q_growth_year": null,
            "roe": null,
            "roe_4q": 0,
            "gross_profit": null,
            "gross_margin": null,
            "gross_margin_4q_avg": 0,
            "net_income": null,
            "net_income_4q": null,
            "revenue": null,
            "revenue_4q": null,
            "common_shares": null,
            "book_valuer_per_share": null,
            "book_valuer_per_share_4q_avg": 18.06,
            "equity": null,
            "current_ratio": null,
            "debt_ratio": null,
            "inventory_turnover_ratio": null,
            "account_receivable_turnover_ratio": null,
            "reinvestment_rate": null,
            "research_to_sale_ratio": null,
            "price_fair": 0,
            "eps_avg_yearly": 0,
            "eps_latest_yearly": 0,
            "eps_growth_yearly": 0
        },
        "20124": {
            "year_quarter": 20124,
            "year": 2012,
            "quarter": 4,
            "eps": null,
            "eps_growth_year": null,
            "eps_4q": null,
            "eps_4q_growth_year": null,
            "roe": null,
            "roe_4q": 0,
            "gross_profit": null,
            "gross_margin": null,
            "gross_margin_4q_avg": 0,
            "net_income": null,
            "net_income_4q": null,
            "revenue": null,
            "revenue_4q": null,
            "common_shares": 125272,
            "book_valuer_per_share": 25.92,
            "book_valuer_per_share_4q_avg": 17.27,
            "equity": 371138,
            "current_ratio": 237.84,
            "debt_ratio": 35.51,
            "inventory_turnover_ratio": null,
            "account_receivable_turnover_ratio": null,
            "reinvestment_rate": null,
            "research_to_sale_ratio": null,
            "price_fair": 0,
            "eps_avg_yearly": 0,
            "eps_latest_yearly": 0,
            "eps_growth_yearly": 0
        },
        "20131": {
            "year_quarter": 20131,
            "year": 2013,
            "quarter": 1,
            "eps": null,
            "eps_growth_year": null,
            "eps_4q": null,
            "eps_4q_growth_year": null,
            "roe": null,
            "roe_4q": 0,
            "gross_profit": null,
            "gross_margin": null,
            "gross_margin_4q_avg": 0,
            "net_income": null,
            "net_income_4q": null,
            "revenue": null,
            "revenue_4q": null,
            "common_shares": null,
            "book_valuer_per_share": null,
            "book_valuer_per_share_4q_avg": 17.27,
            "equity": null,
            "current_ratio": null,
            "debt_ratio": null,
            "inventory_turnover_ratio": null,
            "account_receivable_turnover_ratio": null,
            "reinvestment_rate": null,
            "research_to_sale_ratio": null,
            "price_fair": 0,
            "eps_avg_yearly": 0,
            "eps_latest_yearly": 0,
            "eps_growth_yearly": 0
        },
        "20132": {
            "year_quarter": 20132,
            "year": 2013,
            "quarter": 2,
            "eps": null,
            "eps_growth_year": null,
            "eps_4q": null,
            "eps_4q_growth_year": null,
            "roe": null,
            "roe_4q": 0,
            "gross_profit": null,
            "gross_margin": null,
            "gross_margin_4q_avg": 0,
            "net_income": null,
            "net_income_4q": null,
            "revenue": null,
            "revenue_4q": null,
            "common_shares": 125272,
            "book_valuer_per_share": 30.58,
            "book_valuer_per_share_4q_avg": 14.13,
            "equity": 432438,
            "current_ratio": 273.56,
            "debt_ratio": 32.92,
            "inventory_turnover_ratio": null,
            "account_receivable_turnover_ratio": null,
            "reinvestment_rate": null,
            "research_to_sale_ratio": null,
            "price_fair": 0,
            "eps_avg_yearly": 0,
            "eps_latest_yearly": 0,
            "eps_growth_yearly": 0
        },
        "20133": {
            "year_quarter": 20133,
            "year": 2013,
            "quarter": 3,
            "eps": null,
            "eps_growth_year": null,
            "eps_4q": null,
            "eps_4q_growth_year": null,
            "roe": null,
            "roe_4q": 0,
            "gross_profit": 178915,
            "gross_margin": null,
            "gross_margin_4q_avg": 0,
            "net_income": 22235,
            "net_income_4q": null,
            "revenue": 310892,
            "revenue_4q": null,
            "common_shares": 187908,
            "book_valuer_per_share": 21.63,
            "book_valuer_per_share_4q_avg": 19.53,
            "equity": 454211,
            "current_ratio": 246.9,
            "debt_ratio": 34.79,
            "inventory_turnover_ratio": null,
            "account_receivable_turnover_ratio": null,
            "reinvestment_rate": null,
            "research_to_sale_ratio": null,
            "price_fair": 0,
            "eps_avg_yearly": 0,
            "eps_latest_yearly": 0,
            "eps_growth_yearly": 0
        },
        "20134": {
            "year_quarter": 20134,
            "year": 2013,
            "quarter": 4,
            "eps": null,
            "eps_growth_year": null,
            "eps_4q": null,
            "eps_4q_growth_year": null,
            "roe": null,
            "roe_4q": 0,
            "gross_profit": 185954,
            "gross_margin": null,
            "gross_margin_4q_avg": 0,
            "net_income": 38166,
            "net_income_4q": null,
            "revenue": 309372,
            "revenue_4q": null,
            "common_shares": 187908,
            "book_valuer_per_share": 23.34,
            "book_valuer_per_share_4q_avg": 18.89,
            "equity": 484726,
            "current_ratio": 281.32,
            "debt_ratio": 37.79,
            "inventory_turnover_ratio": null,
            "account_receivable_turnover_ratio": null,
            "reinvestment_rate": null,
            "research_to_sale_ratio": null,
            "price_fair": 0,
            "eps_avg_yearly": 0,
            "eps_latest_yearly": 0,
            "eps_growth_yearly": 0
        },
        "20141": {
            "year_quarter": 20141,
            "year": 2014,
            "quarter": 1,
            "eps": null,
            "eps_growth_year": null,
            "eps_4q": null,
            "eps_4q_growth_year": null,
            "roe": null,
            "roe_4q": 0,
            "gross_profit": 172007,
            "gross_margin": null,
            "gross_margin_4q_avg": 0,
            "net_income": 21200,
            "net_income_4q": null,
            "revenue": 290287,
            "revenue_4q": null,
            "common_shares": 187908,
            "book_valuer_per_share": 24.7,
            "book_valuer_per_share_4q_avg": 25.06,
            "equity": 511811,
            "current_ratio": 259.91,
            "debt_ratio": 37.05,
            "inventory_turnover_ratio": null,
            "account_receivable_turnover_ratio": null,
            "reinvestment_rate": null,
            "research_to_sale_ratio": null,
            "price_fair": 0,
            "eps_avg_yearly": 0,
            "eps_latest_yearly": 0,
            "eps_growth_yearly": 0
        },
        "20142": {
            "year_quarter": 20142,
            "year": 2014,
            "quarter": 2,
            "eps": 1.22,
            "eps_growth_year": null,
            "eps_4q": 1.22,
            "eps_4q_growth_year": null,
            "roe": 5.31,
            "roe_4q": 5.31,
            "gross_profit": 181532,
            "gross_margin": 57,
            "gross_margin_4q_avg": 14.25,
            "net_income": 26399,
            "net_income_4q": null,
            "revenue": 318498,
            "revenue_4q": null,
            "common_shares": 187908,
            "book_valuer_per_share": 23.22,
            "book_valuer_per_share_4q_avg": 23.22,
            "equity": 481635,
            "current_ratio": 210.82,
            "debt_ratio": 43.74,
            "inventory_turnover_ratio": 2.64,
            "account_receivable_turnover_ratio": 3.19,
            "reinvestment_rate": null,
            "research_to_sale_ratio": null,
            "price_fair": 0,
            "eps_avg_yearly": 0,
            "eps_latest_yearly": 0,
            "eps_growth_yearly": 0
        },
        "20143": {
            "year_quarter": 20143,
            "year": 2014,
            "quarter": 3,
            "eps": 1.3,
            "eps_growth_year": null,
            "eps_4q": 2.52,
            "eps_4q_growth_year": null,
            "roe": 6.07,
            "roe_4q": 11.379999999999999,
            "gross_profit": 199394,
            "gross_margin": 55.63,
            "gross_margin_4q_avg": 28.16,
            "net_income": 30282,
            "net_income_4q": null,
            "revenue": 358445,
            "revenue_4q": null,
            "common_shares": 234885,
            "book_valuer_per_share": 20.19,
            "book_valuer_per_share_4q_avg": 22.86,
            "equity": 516873,
            "current_ratio": 227.2,
            "debt_ratio": 39.89,
            "inventory_turnover_ratio": 2.86,
            "account_receivable_turnover_ratio": 1.82,
            "reinvestment_rate": null,
            "research_to_sale_ratio": 0.78,
            "price_fair": 182,
            "eps_avg_yearly": 5.2,
            "eps_latest_yearly": 5.2,
            "eps_growth_yearly": 26.23
        },
        "20144": {
            "year_quarter": 20144,
            "year": 2014,
            "quarter": 4,
            "eps": 2.24,
            "eps_growth_year": null,
            "eps_4q": 4.76,
            "eps_4q_growth_year": null,
            "roe": 10.19,
            "roe_4q": 21.569999999999997,
            "gross_profit": 257803,
            "gross_margin": 58,
            "gross_margin_4q_avg": 42.66,
            "net_income": 55468,
            "net_income_4q": null,
            "revenue": 444497,
            "revenue_4q": null,
            "common_shares": 234885,
            "book_valuer_per_share": 22.46,
            "book_valuer_per_share_4q_avg": 22.64,
            "equity": 572075,
            "current_ratio": 239.76,
            "debt_ratio": 39.32,
            "inventory_turnover_ratio": 2.83,
            "account_receivable_turnover_ratio": 2.24,
            "reinvestment_rate": null,
            "research_to_sale_ratio": 0.52,
            "price_fair": 247.8,
            "eps_avg_yearly": 7.08,
            "eps_latest_yearly": 8.96,
            "eps_growth_yearly": 157.73
        },
        "20151": {
            "year_quarter": 20151,
            "year": 2015,
            "quarter": 1,
            "eps": 1.19,
            "eps_growth_year": null,
            "eps_4q": 5.36,
            "eps_4q_growth_year": null,
            "roe": 4.25,
            "roe_4q": 25.819999999999997,
            "gross_profit": 215428,
            "gross_margin": 57.95,
            "gross_margin_4q_avg": 57.15,
            "net_income": 32080,
            "net_income_4q": null,
            "revenue": 371724,
            "revenue_4q": null,
            "common_shares": 266205,
            "book_valuer_per_share": 33.63,
            "book_valuer_per_share_4q_avg": 24.88,
            "equity": 936768,
            "current_ratio": 427.1,
            "debt_ratio": 26.48,
            "inventory_turnover_ratio": 2.08,
            "account_receivable_turnover_ratio": 1.87,
            "reinvestment_rate": null,
            "research_to_sale_ratio": 0.45,
            "price_fair": 220.73,
            "eps_avg_yearly": 6.31,
            "eps_latest_yearly": 4.76,
            "eps_growth_yearly": 42.65
        },
        "20152": {
            "year_quarter": 20152,
            "year": 2015,
            "quarter": 2,
            "eps": 0.92,
            "eps_growth_year": -24.56,
            "eps_4q": 4.99,
            "eps_4q_growth_year": 309.51,
            "roe": 2.64,
            "roe_4q": 23.15,
            "gross_profit": 216298,
            "gross_margin": 54.89,
            "gross_margin_4q_avg": 56.62,
            "net_income": 23726,
            "net_income_4q": null,
            "revenue": 394091,
            "revenue_4q": null,
            "common_shares": 266205,
            "book_valuer_per_share": 30.6,
            "book_valuer_per_share_4q_avg": 26.72,
            "equity": 860319,
            "current_ratio": 245.58,
            "debt_ratio": 33.75,
            "inventory_turnover_ratio": 2.58,
            "account_receivable_turnover_ratio": 2.02,
            "reinvestment_rate": null,
            "research_to_sale_ratio": 0.92,
            "price_fair": 109.05,
            "eps_avg_yearly": 5.65,
            "eps_latest_yearly": 3.68,
            "eps_growth_yearly": 9.3
        },
        "20153": {
            "year_quarter": 20153,
            "year": 2015,
            "quarter": 3,
            "eps": 1.7,
            "eps_growth_year": 30.77,
            "eps_4q": 5.77,
            "eps_4q_growth_year": 129.05,
            "roe": 5.67,
            "roe_4q": 22.75,
            "gross_profit": 232774,
            "gross_margin": 55.49,
            "gross_margin_4q_avg": 56.58,
            "net_income": 48047,
            "net_income_4q": null,
            "revenue": 419491,
            "revenue_4q": null,
            "common_shares": 279515,
            "book_valuer_per_share": 28.97,
            "book_valuer_per_share_4q_avg": 28.92,
            "equity": 835132,
            "current_ratio": 237.61,
            "debt_ratio": 32.34,
            "inventory_turnover_ratio": 2.86,
            "account_receivable_turnover_ratio": 2.03,
            "reinvestment_rate": null,
            "research_to_sale_ratio": 0.95,
            "price_fair": 205.8,
            "eps_avg_yearly": 5.88,
            "eps_latest_yearly": 6.8,
            "eps_growth_yearly": 75.27
        },
        "20154": {
            "year_quarter": 20154,
            "year": 2015,
            "quarter": 4,
            "eps": 1.31,
            "eps_growth_year": -41.62,
            "eps_4q": 5.16,
            "eps_4q_growth_year": 8.35,
            "roe": 4.05,
            "roe_4q": 16.61,
            "gross_profit": 264596,
            "gross_margin": 56.78,
            "gross_margin_4q_avg": 56.28,
            "net_income": 34244,
            "net_income_4q": null,
            "revenue": 466015,
            "revenue_4q": null,
            "common_shares": 279515,
            "book_valuer_per_share": 29.96,
            "book_valuer_per_share_4q_avg": 30.79,
            "equity": 857637,
            "current_ratio": 203.35,
            "debt_ratio": 33.93,
            "inventory_turnover_ratio": 2.77,
            "account_receivable_turnover_ratio": 2.17,
            "reinvestment_rate": null,
            "research_to_sale_ratio": 0.61,
            "price_fair": 202.07,
            "eps_avg_yearly": 5.77,
            "eps_latest_yearly": 5.24,
            "eps_growth_yearly": 47.43
        },
        "20161": {
            "year_quarter": 20161,
            "year": 2016,
            "quarter": 1,
            "eps": 0.73,
            "eps_growth_year": -38.66,
            "eps_4q": 4.73,
            "eps_4q_growth_year": -11.82,
            "roe": 2.16,
            "roe_4q": 14.52,
            "gross_profit": 257148,
            "gross_margin": 54.74,
            "gross_margin_4q_avg": 55.48,
            "net_income": 18994,
            "net_income_4q": null,
            "revenue": 469735,
            "revenue_4q": null,
            "common_shares": 280811,
            "book_valuer_per_share": 31.02,
            "book_valuer_per_share_4q_avg": 30.14,
            "equity": 900471,
            "current_ratio": 254.8,
            "debt_ratio": 43.14,
            "inventory_turnover_ratio": 2.73,
            "account_receivable_turnover_ratio": 2.23,
            "reinvestment_rate": null,
            "research_to_sale_ratio": 0.57,
            "price_fair": 136.04,
            "eps_avg_yearly": 5.37,
            "eps_latest_yearly": 2.92,
            "eps_growth_yearly": 15.35
        },
        "20162": {
            "year_quarter": 20162,
            "year": 2016,
            "quarter": 2,
            "eps": 0.97,
            "eps_growth_year": 5.43,
            "eps_4q": 4.26,
            "eps_4q_growth_year": -14.78,
            "roe": 2.76,
            "roe_4q": 14.639999999999999,
            "gross_profit": 270332,
            "gross_margin": 53.45,
            "gross_margin_4q_avg": 55.12,
            "net_income": 23717,
            "net_income_4q": null,
            "revenue": 505787,
            "revenue_4q": null,
            "common_shares": 281515,
            "book_valuer_per_share": 28.15,
            "book_valuer_per_share_4q_avg": 29.53,
            "equity": 816536,
            "current_ratio": 219.03,
            "debt_ratio": 49.56,
            "inventory_turnover_ratio": 3.07,
            "account_receivable_turnover_ratio": 2.3,
            "reinvestment_rate": null,
            "research_to_sale_ratio": 0.7,
            "price_fair": 181.3,
            "eps_avg_yearly": 5.18,
            "eps_latest_yearly": 3.88,
            "eps_growth_yearly": 29.87
        },
        "20163": {
            "year_quarter": 20163,
            "year": 2016,
            "quarter": 3,
            "eps": 1.49,
            "eps_growth_year": -12.35,
            "eps_4q": 4.13,
            "eps_4q_growth_year": -28.28,
            "roe": 6,
            "roe_4q": 14.969999999999999,
            "gross_profit": 294228,
            "gross_margin": 53.31,
            "gross_margin_4q_avg": 54.57,
            "net_income": 51861,
            "net_income_4q": null,
            "revenue": 551916,
            "revenue_4q": null,
            "common_shares": 330685,
            "book_valuer_per_share": 26.78,
            "book_valuer_per_share_4q_avg": 28.98,
            "equity": 913543,
            "current_ratio": 259.82,
            "debt_ratio": 41.02,
            "inventory_turnover_ratio": 3.34,
            "account_receivable_turnover_ratio": 2.75,
            "reinvestment_rate": null,
            "research_to_sale_ratio": 0.74,
            "price_fair": 184.33,
            "eps_avg_yearly": 5.27,
            "eps_latest_yearly": 5.96,
            "eps_growth_yearly": 50.38
        },
        "20164": {
            "year_quarter": 20164,
            "year": 2016,
            "quarter": 4,
            "eps": 1.69,
            "eps_growth_year": 28.8,
            "eps_4q": 4.71,
            "eps_4q_growth_year": -8.76,
            "roe": 6.84,
            "roe_4q": 17.759999999999998,
            "gross_profit": 313144,
            "gross_margin": 55.23,
            "gross_margin_4q_avg": 54.18,
            "net_income": 65187,
            "net_income_4q": null,
            "revenue": 567028,
            "revenue_4q": null,
            "common_shares": 332181,
            "book_valuer_per_share": 28.82,
            "book_valuer_per_share_4q_avg": 28.69,
            "equity": 992538,
            "current_ratio": 271.01,
            "debt_ratio": 40.16,
            "inventory_turnover_ratio": 2.8,
            "account_receivable_turnover_ratio": 3.04,
            "reinvestment_rate": null,
            "research_to_sale_ratio": 0.59,
            "price_fair": 189.56,
            "eps_avg_yearly": 5.42,
            "eps_latest_yearly": 6.76,
            "eps_growth_yearly": 50.71
        },
        "20171": {
            "year_quarter": 20171,
            "year": 2017,
            "quarter": 1,
            "eps": 0.47,
            "eps_growth_year": -35.62,
            "eps_4q": 4.53,
            "eps_4q_growth_year": -4.08,
            "roe": 1.69,
            "roe_4q": 17.29,
            "gross_profit": 282703,
            "gross_margin": 53.75,
            "gross_margin_4q_avg": 53.94,
            "net_income": 16853,
            "net_income_4q": null,
            "revenue": 525976,
            "revenue_4q": null,
            "common_shares": 334443,
            "book_valuer_per_share": 29.35,
            "book_valuer_per_share_4q_avg": 28.28,
            "equity": 1007316,
            "current_ratio": 275.74,
            "debt_ratio": 39.01,
            "inventory_turnover_ratio": 2.62,
            "account_receivable_turnover_ratio": 2.66,
            "reinvestment_rate": null,
            "research_to_sale_ratio": 0.55,
            "price_fair": 152.07,
            "eps_avg_yearly": 5.09,
            "eps_latest_yearly": 1.88,
            "eps_growth_yearly": 19.85
        },
        "20172": {
            "year_quarter": 20172,
            "year": 2017,
            "quarter": 2,
            "eps": 1.23,
            "eps_growth_year": 26.8,
            "eps_4q": 4.79,
            "eps_4q_growth_year": 12.51,
            "roe": 4.51,
            "roe_4q": 19.04,
            "gross_profit": 311924,
            "gross_margin": 54.63,
            "gross_margin_4q_avg": 54.23,
            "net_income": 44296,
            "net_income_4q": null,
            "revenue": 570931,
            "revenue_4q": null,
            "common_shares": 337606,
            "book_valuer_per_share": 26.11,
            "book_valuer_per_share_4q_avg": 27.77,
            "equity": 956798,
            "current_ratio": 135.09,
            "debt_ratio": 47,
            "inventory_turnover_ratio": 2.81,
            "account_receivable_turnover_ratio": 2.82,
            "reinvestment_rate": 91.27,
            "research_to_sale_ratio": 0.54,
            "price_fair": 177.8,
            "eps_avg_yearly": 5.08,
            "eps_latest_yearly": 4.92,
            "eps_growth_yearly": 72.1
        },
        "20173": {
            "year_quarter": 20173,
            "year": 2017,
            "quarter": 3,
            "eps": 1.88,
            "eps_growth_year": 26.17,
            "eps_4q": 5.09,
            "eps_4q_growth_year": 23.09,
            "roe": 7.08,
            "roe_4q": 20.119999999999997,
            "gross_profit": 387479,
            "gross_margin": 55.55,
            "gross_margin_4q_avg": 54.79,
            "net_income": 72537,
            "net_income_4q": null,
            "revenue": 697513,
            "revenue_4q": null,
            "common_shares": 347501,
            "book_valuer_per_share": 28.86,
            "book_valuer_per_share_4q_avg": 28.29,
            "equity": 1091191,
            "current_ratio": 157.86,
            "debt_ratio": 39.9,
            "inventory_turnover_ratio": 2.84,
            "account_receivable_turnover_ratio": 3.18,
            "reinvestment_rate": 89.91,
            "research_to_sale_ratio": 0.7,
            "price_fair": 184.37,
            "eps_avg_yearly": 5.27,
            "eps_latest_yearly": 7.52,
            "eps_growth_yearly": 82.81
        },
        "20174": {
            "year_quarter": 20174,
            "year": 2017,
            "quarter": 4,
            "eps": 1.39,
            "eps_growth_year": -17.59,
            "eps_4q": 4.76,
            "eps_4q_growth_year": 1.03,
            "roe": 4.5,
            "roe_4q": 17.78,
            "gross_profit": 387891,
            "gross_margin": 55.14,
            "gross_margin_4q_avg": 54.77,
            "net_income": 51720,
            "net_income_4q": null,
            "revenue": 703526,
            "revenue_4q": null,
            "common_shares": 358899,
            "book_valuer_per_share": 31.07,
            "book_valuer_per_share_4q_avg": 28.85,
            "equity": 1210048,
            "current_ratio": 137.17,
            "debt_ratio": 42.88,
            "inventory_turnover_ratio": 2.57,
            "account_receivable_turnover_ratio": 3.04,
            "reinvestment_rate": 80.48,
            "research_to_sale_ratio": 0.53,
            "price_fair": 185.1,
            "eps_avg_yearly": 5.29,
            "eps_latest_yearly": 5.56,
            "eps_growth_yearly": 69.45
        },
        "20181": {
            "year_quarter": 20181,
            "year": 2018,
            "quarter": 1,
            "eps": 0.42,
            "eps_growth_year": -10.64,
            "eps_4q": 4.69,
            "eps_4q_growth_year": 3.48,
            "roe": 1.53,
            "roe_4q": 17.619999999999997,
            "gross_profit": 390897,
            "gross_margin": 49.24,
            "gross_margin_4q_avg": 53.64,
            "net_income": 19778,
            "net_income_4q": null,
            "revenue": 793867,
            "revenue_4q": null,
            "common_shares": 363079,
            "book_valuer_per_share": 33.37,
            "book_valuer_per_share_4q_avg": 29.85,
            "equity": 1368625,
            "current_ratio": 122.29,
            "debt_ratio": 42.31,
            "inventory_turnover_ratio": 2.86,
            "account_receivable_turnover_ratio": 3.38,
            "reinvestment_rate": 75.69,
            "research_to_sale_ratio": 0.46,
            "price_fair": 176.68,
            "eps_avg_yearly": 5.05,
            "eps_latest_yearly": 1.68,
            "eps_growth_yearly": 46.21
        },
        "20182": {
            "year_quarter": 20182,
            "year": 2018,
            "quarter": 2,
            "eps": 1.23,
            "eps_growth_year": 0,
            "eps_4q": 4.61,
            "eps_4q_growth_year": -3.78,
            "roe": 4.01,
            "roe_4q": 17.119999999999997,
            "gross_profit": 438921,
            "gross_margin": 47.26,
            "gross_margin_4q_avg": 51.8,
            "net_income": 53121,
            "net_income_4q": null,
            "revenue": 928783,
            "revenue_4q": null,
            "common_shares": 363518,
            "book_valuer_per_share": 30.65,
            "book_valuer_per_share_4q_avg": 30.99,
            "equity": 1281994,
            "current_ratio": 108.55,
            "debt_ratio": 49.85,
            "inventory_turnover_ratio": 2.81,
            "account_receivable_turnover_ratio": 3.44,
            "reinvestment_rate": 75.22,
            "research_to_sale_ratio": 0.39,
            "price_fair": 176.4,
            "eps_avg_yearly": 5.04,
            "eps_latest_yearly": 4.92,
            "eps_growth_yearly": 91.54
        },
        "20183": {
            "year_quarter": 20183,
            "year": 2018,
            "quarter": 3,
            "eps": 1.36,
            "eps_growth_year": -27.66,
            "eps_4q": 4.3,
            "eps_4q_growth_year": -15.59,
            "roe": 4.63,
            "roe_4q": 14.67,
            "gross_profit": 508167,
            "gross_margin": 46.12,
            "gross_margin_4q_avg": 49.44,
            "net_income": 63098,
            "net_income_4q": null,
            "revenue": 1101772,
            "revenue_4q": null,
            "common_shares": 381592,
            "book_valuer_per_share": 30.82,
            "book_valuer_per_share_4q_avg": 31.48,
            "equity": 1443267,
            "current_ratio": 115.34,
            "debt_ratio": 47.49,
            "inventory_turnover_ratio": 2.76,
            "account_receivable_turnover_ratio": 3.74,
            "reinvestment_rate": 70.84,
            "research_to_sale_ratio": 0.35,
            "price_fair": 176.93,
            "eps_avg_yearly": 5.06,
            "eps_latest_yearly": 5.44,
            "eps_growth_yearly": 92.54
        },
        "20184": {
            "year_quarter": 20184,
            "year": 2018,
            "quarter": 4,
            "eps": 1.45,
            "eps_growth_year": 4.42,
            "eps_4q": 4.36,
            "eps_4q_growth_year": -8.34,
            "roe": 3.56,
            "roe_4q": 13.729999999999999,
            "gross_profit": 493427,
            "gross_margin": 47.83,
            "gross_margin_4q_avg": 47.61,
            "net_income": 53153,
            "net_income_4q": null,
            "revenue": 1031538,
            "revenue_4q": null,
            "common_shares": 382405,
            "book_valuer_per_share": 32.82,
            "book_valuer_per_share_4q_avg": 31.92,
            "equity": 1542147,
            "current_ratio": 115.45,
            "debt_ratio": 44.42,
            "inventory_turnover_ratio": 2.47,
            "account_receivable_turnover_ratio": 3.58,
            "reinvestment_rate": 67.95,
            "research_to_sale_ratio": 0.46,
            "price_fair": 170.01,
            "eps_avg_yearly": 4.86,
            "eps_latest_yearly": 5.8,
            "eps_growth_yearly": 76.12
        },
        "20191": {
            "year_quarter": 20191,
            "year": 2019,
            "quarter": 1,
            "eps": 1.87,
            "eps_growth_year": 345.24,
            "eps_4q": 5.84,
            "eps_4q_growth_year": 24.47,
            "roe": 5.01,
            "roe_4q": 17.21,
            "gross_profit": 521937,
            "gross_margin": 47.61,
            "gross_margin_4q_avg": 47.21,
            "net_income": 82261,
            "net_income_4q": null,
            "revenue": 1096220,
            "revenue_4q": null,
            "common_shares": 382467,
            "book_valuer_per_share": 35.42,
            "book_valuer_per_share_4q_avg": 32.43,
            "equity": 1739600,
            "current_ratio": 182.68,
            "debt_ratio": 49.67,
            "inventory_turnover_ratio": 2.98,
            "account_receivable_turnover_ratio": 3.61,
            "reinvestment_rate": 61.24,
            "research_to_sale_ratio": 0.46,
            "price_fair": 175.96,
            "eps_avg_yearly": 5.03,
            "eps_latest_yearly": 7.48,
            "eps_growth_yearly": 95.08
        },
        "20192": {
            "year_quarter": 20192,
            "year": 2019,
            "quarter": 2,
            "eps": 2.65,
            "eps_growth_year": 115.45,
            "eps_4q": 7.12,
            "eps_4q_growth_year": 54.6,
            "roe": 6.55,
            "roe_4q": 19.75,
            "gross_profit": 582890,
            "gross_margin": 47.41,
            "gross_margin_4q_avg": 47.24,
            "net_income": 114634,
            "net_income_4q": null,
            "revenue": 1229399,
            "revenue_4q": null,
            "common_shares": 392881,
            "book_valuer_per_share": 34.59,
            "book_valuer_per_share_4q_avg": 33.41,
            "equity": 1759303,
            "current_ratio": 139.14,
            "debt_ratio": 53.74,
            "inventory_turnover_ratio": 3.27,
            "account_receivable_turnover_ratio": 3.89,
            "reinvestment_rate": 56.9,
            "research_to_sale_ratio": 0.42,
            "price_fair": 191.1,
            "eps_avg_yearly": 5.46,
            "eps_latest_yearly": 10.6,
            "eps_growth_yearly": 111.18
        },
        "20193": {
            "year_quarter": 20193,
            "year": 2019,
            "quarter": 3,
            "eps": 3.18,
            "eps_growth_year": 133.82,
            "eps_4q": 8.88,
            "eps_4q_growth_year": 106.65,
            "roe": 8.22,
            "roe_4q": 23.34,
            "gross_profit": 629600,
            "gross_margin": 45.98,
            "gross_margin_4q_avg": 47.21,
            "net_income": 150568,
            "net_income_4q": null,
            "revenue": 1369415,
            "revenue_4q": null,
            "common_shares": 400935,
            "book_valuer_per_share": 37.59,
            "book_valuer_per_share_4q_avg": 35.11,
            "equity": 1903959,
            "current_ratio": 152.65,
            "debt_ratio": 50.23,
            "inventory_turnover_ratio": 3.41,
            "account_receivable_turnover_ratio": 4.29,
            "reinvestment_rate": 62.27,
            "research_to_sale_ratio": 0.35,
            "price_fair": 204.05,
            "eps_avg_yearly": 5.83,
            "eps_latest_yearly": 12.72,
            "eps_growth_yearly": 94.98
        },
        "20194": {
            "year_quarter": 20194,
            "year": 2019,
            "quarter": 4,
            "eps": 1.99,
            "eps_growth_year": 37.08,
            "eps_4q": 9.42,
            "eps_4q_growth_year": 116.24,
            "roe": 4.35,
            "roe_4q": 24.130000000000003,
            "gross_profit": 585026,
            "gross_margin": 46.4,
            "gross_margin_4q_avg": 46.85,
            "net_income": 85399,
            "net_income_4q": null,
            "revenue": 1260764,
            "revenue_4q": null,
            "common_shares": 404061,
            "book_valuer_per_share": 39.88,
            "book_valuer_per_share_4q_avg": 36.87,
            "equity": 2019148,
            "current_ratio": 161.27,
            "debt_ratio": 49.93,
            "inventory_turnover_ratio": 3.14,
            "account_receivable_turnover_ratio": 4.15,
            "reinvestment_rate": 48.99,
            "research_to_sale_ratio": 0.39,
            "price_fair": 210,
            "eps_avg_yearly": 6,
            "eps_latest_yearly": 7.96,
            "eps_growth_yearly": 91.36
        },
        "20201": {
            "year_quarter": 20201,
            "year": 2020,
            "quarter": 1,
            "eps": 0.2,
            "eps_growth_year": -89.3,
            "eps_4q": 7.82,
            "eps_4q_growth_year": 33.88,
            "roe": 0.16,
            "roe_4q": 19.28,
            "gross_profit": 393027,
            "gross_margin": 45.91,
            "gross_margin_4q_avg": 46.43,
            "net_income": 3162,
            "net_income_4q": null,
            "revenue": 856154,
            "revenue_4q": null,
            "common_shares": 406339,
            "book_valuer_per_share": 39.84,
            "book_valuer_per_share_4q_avg": 37.98,
            "equity": 2016371,
            "current_ratio": 109.92,
            "debt_ratio": 51.2,
            "inventory_turnover_ratio": 2.32,
            "account_receivable_turnover_ratio": 3.26,
            "reinvestment_rate": 43.16,
            "research_to_sale_ratio": 0.6,
            "price_fair": 205.36,
            "eps_avg_yearly": 5.87,
            "eps_latest_yearly": 0.8,
            "eps_growth_yearly": 79.94
        },
        "20202": {
            "year_quarter": 20202,
            "year": 2020,
            "quarter": 2,
            "eps": 0.35,
            "eps_growth_year": -86.79,
            "eps_4q": 5.65,
            "eps_4q_growth_year": -20.68,
            "roe": 1.57,
            "roe_4q": 14.3,
            "gross_profit": 337926,
            "gross_margin": 39.72,
            "gross_margin_4q_avg": 44.5,
            "net_income": 29266,
            "net_income_4q": null,
            "revenue": 850707,
            "revenue_4q": null,
            "common_shares": 406442,
            "book_valuer_per_share": 31.84,
            "book_valuer_per_share_4q_avg": 37.29,
            "equity": 1711355,
            "current_ratio": 98.04,
            "debt_ratio": 59.37,
            "inventory_turnover_ratio": 2.75,
            "account_receivable_turnover_ratio": 3.17,
            "reinvestment_rate": 35.39,
            "research_to_sale_ratio": 0.53,
            "price_fair": 199.94,
            "eps_avg_yearly": 5.71,
            "eps_latest_yearly": 1.4,
            "eps_growth_yearly": 90.47
        },
        "20203": {
            "year_quarter": 20203,
            "year": 2020,
            "quarter": 3,
            "eps": 1.37,
            "eps_growth_year": -56.92,
            "eps_4q": 3.9,
            "eps_4q_growth_year": -56.06,
            "roe": 4.08,
            "roe_4q": 10.16,
            "gross_profit": 522465,
            "gross_margin": 40.59,
            "gross_margin_4q_avg": 43.16,
            "net_income": 71579,
            "net_income_4q": null,
            "revenue": 1287160,
            "revenue_4q": null,
            "common_shares": 406895,
            "book_valuer_per_share": 33.4,
            "book_valuer_per_share_4q_avg": 36.24,
            "equity": 1801478,
            "current_ratio": 105.18,
            "debt_ratio": 58.39,
            "inventory_turnover_ratio": 3.76,
            "account_receivable_turnover_ratio": 4.58,
            "reinvestment_rate": 30.8,
            "research_to_sale_ratio": 0.41,
            "price_fair": 198.89,
            "eps_avg_yearly": 5.68,
            "eps_latest_yearly": 5.48,
            "eps_growth_yearly": 149.93
        },
        "20204": {
            "year_quarter": 20204,
            "year": 2020,
            "quarter": 4,
            "eps": 1.09,
            "eps_growth_year": -45.11,
            "eps_4q": 2.9,
            "eps_4q_growth_year": -69.19,
            "roe": 2.5,
            "roe_4q": 8.31,
            "gross_profit": 506399,
            "gross_margin": 43.04,
            "gross_margin_4q_avg": 42.32,
            "net_income": 48447,
            "net_income_4q": null,
            "revenue": 1176452,
            "revenue_4q": null,
            "common_shares": 432397,
            "book_valuer_per_share": 36.98,
            "book_valuer_per_share_4q_avg": 35.52,
            "equity": 2067278,
            "current_ratio": 121.73,
            "debt_ratio": 54.01,
            "inventory_turnover_ratio": 2.94,
            "account_receivable_turnover_ratio": 4.41,
            "reinvestment_rate": 17.45,
            "research_to_sale_ratio": 0.4,
            "price_fair": 193.64,
            "eps_avg_yearly": 5.53,
            "eps_latest_yearly": 4.36,
            "eps_growth_yearly": 141.46
        },
        "20211": {
            "year_quarter": 20211,
            "year": 2021,
            "quarter": 1,
            "eps": 0.59,
            "eps_growth_year": 195,
            "eps_4q": 3.29,
            "eps_4q_growth_year": -57.93,
            "roe": 1.43,
            "roe_4q": 9.58,
            "gross_profit": 454602,
            "gross_margin": 41.66,
            "gross_margin_4q_avg": 41.25,
            "net_income": 28845,
            "net_income_4q": null,
            "revenue": 1091272,
            "revenue_4q": null,
            "common_shares": 434044,
            "book_valuer_per_share": 34.72,
            "book_valuer_per_share_4q_avg": 34.24,
            "equity": 1979993,
            "current_ratio": 118.67,
            "debt_ratio": 55.86,
            "inventory_turnover_ratio": 2.88,
            "account_receivable_turnover_ratio": 3.58,
            "reinvestment_rate": 17.25,
            "research_to_sale_ratio": 0.43,
            "price_fair": 194.69,
            "eps_avg_yearly": 5.56,
            "eps_latest_yearly": 2.36,
            "eps_growth_yearly": 148.04
        },
        "20212": {
            "year_quarter": 20212,
            "year": 2021,
            "quarter": 2,
            "eps": 0.4,
            "eps_growth_year": 14.29,
            "eps_4q": 3.36,
            "eps_4q_growth_year": -40.58,
            "roe": 0.55,
            "roe_4q": 8.56,
            "gross_profit": 375780,
            "gross_margin": 39.26,
            "gross_margin_4q_avg": 41.14,
            "net_income": 10870,
            "net_income_4q": null,
            "revenue": 957147,
            "revenue_4q": null,
            "common_shares": 434701,
            "book_valuer_per_share": 35.03,
            "book_valuer_per_share_4q_avg": 35.03,
            "equity": 1981655,
            "current_ratio": 118.93,
            "debt_ratio": 56.6,
            "inventory_turnover_ratio": 2.59,
            "account_receivable_turnover_ratio": 3.05,
            "reinvestment_rate": 12.52,
            "research_to_sale_ratio": 0.54,
            "price_fair": 187.43,
            "eps_avg_yearly": 5.36,
            "eps_latest_yearly": 1.6,
            "eps_growth_yearly": 99.57
        },
        "20213": {
            "year_quarter": 20213,
            "year": 2021,
            "quarter": 3,
            "eps": 0.43,
            "eps_growth_year": -68.61,
            "eps_4q": 2.43,
            "eps_4q_growth_year": -37.82,
            "roe": 0.3,
            "roe_4q": 4.78,
            "gross_profit": 375014,
            "gross_margin": 38.22,
            "gross_margin_4q_avg": 40.55,
            "net_income": 5986,
            "net_income_4q": null,
            "revenue": 981283,
            "revenue_4q": null,
            "common_shares": 449250,
            "book_valuer_per_share": 36.49,
            "book_valuer_per_share_4q_avg": 35.81,
            "equity": 1944873,
            "current_ratio": 117.6,
            "debt_ratio": 53.96,
            "inventory_turnover_ratio": 2.5,
            "account_receivable_turnover_ratio": 3.16,
            "reinvestment_rate": 7.99,
            "research_to_sale_ratio": 0.39,
            "price_fair": 174.74,
            "eps_avg_yearly": 4.99,
            "eps_latest_yearly": 1.72,
            "eps_growth_yearly": 88.23
        },
        "20214": {
            "year_quarter": 20214,
            "year": 2021,
            "quarter": 4,
            "eps": 1.61,
            "eps_growth_year": 47.42,
            "eps_4q": 2.96,
            "eps_4q_growth_year": 1.8,
            "roe": 3.81,
            "roe_4q": 6.09,
            "gross_profit": 509175,
            "gross_margin": 44.26,
            "gross_margin_4q_avg": 40.85,
            "net_income": 76953,
            "net_income_4q": null,
            "revenue": 1150421,
            "revenue_4q": null,
            "common_shares": 458852,
            "book_valuer_per_share": 38.83,
            "book_valuer_per_share_4q_avg": 36.27,
            "equity": 2091182,
            "current_ratio": 128.87,
            "debt_ratio": 49.86,
            "inventory_turnover_ratio": 2.28,
            "account_receivable_turnover_ratio": 3.05,
            "reinvestment_rate": -1.16,
            "research_to_sale_ratio": 0.31,
            "price_fair": 176.66,
            "eps_avg_yearly": 5.05,
            "eps_latest_yearly": 6.44,
            "eps_growth_yearly": 163.35
        },
        "20221": {
            "year_quarter": 20221,
            "year": 2022,
            "quarter": 1,
            "eps": 0.85,
            "eps_growth_year": 44.07,
            "eps_4q": 3.3,
            "eps_4q_growth_year": 0.45,
            "roe": 1.83,
            "roe_4q": 6.49,
            "gross_profit": 402772,
            "gross_margin": 40.84,
            "gross_margin_4q_avg": 40.65,
            "net_income": 37104,
            "net_income_4q": null,
            "revenue": 986155,
            "revenue_4q": null,
            "common_shares": 459891,
            "book_valuer_per_share": 36.46,
            "book_valuer_per_share_4q_avg": 36.7,
            "equity": 1958483,
            "current_ratio": 118.56,
            "debt_ratio": 52.58,
            "inventory_turnover_ratio": 1.93,
            "account_receivable_turnover_ratio": 2.31,
            "reinvestment_rate": 4.29,
            "research_to_sale_ratio": 0.42,
            "price_fair": 180.43,
            "eps_avg_yearly": 5.16,
            "eps_latest_yearly": 3.4,
            "eps_growth_yearly": 168.99
        },
        "20222": {
            "year_quarter": 20222,
            "year": 2022,
            "quarter": 2,
            "eps": 1.33,
            "eps_growth_year": 232.5,
            "eps_4q": 4.25,
            "eps_4q_growth_year": 26.53,
            "roe": 2.57,
            "roe_4q": 8.510000000000002,
            "gross_profit": 430206,
            "gross_margin": 41.74,
            "gross_margin_4q_avg": 41.27,
            "net_income": 50710,
            "net_income_4q": null,
            "revenue": 1030665,
            "revenue_4q": null,
            "common_shares": 459951,
            "book_valuer_per_share": 37.75,
            "book_valuer_per_share_4q_avg": 37.38,
            "equity": 1989250,
            "current_ratio": 117.51,
            "debt_ratio": 53.84,
            "inventory_turnover_ratio": 2.15,
            "account_receivable_turnover_ratio": 2.38,
            "reinvestment_rate": -0.79,
            "research_to_sale_ratio": 0.37,
            "price_fair": 181.3,
            "eps_avg_yearly": 5.18,
            "eps_latest_yearly": 5.32,
            "eps_growth_yearly": 134.9
        },
        "20223": {
            "year_quarter": 20223,
            "year": 2022,
            "quarter": 3,
            "eps": 2.3,
            "eps_growth_year": 434.88,
            "eps_4q": 6.09,
            "eps_4q_growth_year": 151.05,
            "roe": 5.33,
            "roe_4q": 13.540000000000001,
            "gross_profit": 495415,
            "gross_margin": 43.48,
            "gross_margin_4q_avg": 42.58,
            "net_income": 107425,
            "net_income_4q": null,
            "revenue": 1139302,
            "revenue_4q": null,
            "common_shares": 462593,
            "book_valuer_per_share": 38.5,
            "book_valuer_per_share_4q_avg": 37.89,
            "equity": 2038112,
            "current_ratio": 119.58,
            "debt_ratio": 55.14,
            "inventory_turnover_ratio": 2.35,
            "account_receivable_turnover_ratio": 2.65,
            "reinvestment_rate": 1.46,
            "research_to_sale_ratio": 0.36,
            "price_fair": 189.53,
            "eps_avg_yearly": 5.42,
            "eps_latest_yearly": 9.2,
            "eps_growth_yearly": 150.49
        },
        "20224": {
            "year_quarter": 20224,
            "year": 2022,
            "quarter": 4,
            "eps": 2.09,
            "eps_growth_year": 29.55,
            "eps_4q": 6.55,
            "eps_4q_growth_year": 121.44,
            "roe": 4.82,
            "roe_4q": 14.55,
            "gross_profit": 525391,
            "gross_margin": 49.82,
            "gross_margin_4q_avg": 43.97,
            "net_income": 100881,
            "net_income_4q": null,
            "revenue": 1054498,
            "revenue_4q": null,
            "common_shares": 462688,
            "book_valuer_per_share": 40.7,
            "book_valuer_per_share_4q_avg": 38.35,
            "equity": 2152017,
            "current_ratio": 134.35,
            "debt_ratio": 50.23,
            "inventory_turnover_ratio": 1.84,
            "account_receivable_turnover_ratio": 2.44,
            "reinvestment_rate": 2.48,
            "research_to_sale_ratio": 0.45,
            "price_fair": 195.13,
            "eps_avg_yearly": 5.58,
            "eps_latest_yearly": 8.36,
            "eps_growth_yearly": 146.55
        },
        "20231": {
            "year_quarter": 20231,
            "year": 2023,
            "quarter": 1,
            "eps": 1.53,
            "eps_growth_year": 80,
            "eps_4q": 7.19,
            "eps_4q_growth_year": 117.73,
            "roe": 3.91,
            "roe_4q": 16.63,
            "gross_profit": 472343,
            "gross_margin": 47.32,
            "gross_margin_4q_avg": 45.59,
            "net_income": 82196,
            "net_income_4q": null,
            "revenue": 998197,
            "revenue_4q": null,
            "common_shares": 464476,
            "book_valuer_per_share": 38.43,
            "book_valuer_per_share_4q_avg": 38.85,
            "equity": 2057213,
            "current_ratio": 123.19,
            "debt_ratio": 53.25,
            "inventory_turnover_ratio": 1.97,
            "account_receivable_turnover_ratio": 2.32,
            "reinvestment_rate": 6.44,
            "research_to_sale_ratio": 0.44,
            "price_fair": 192.15,
            "eps_avg_yearly": 5.49,
            "eps_latest_yearly": 6.12,
            "eps_growth_yearly": 132.61
        },
        "20232": {
            "year_quarter": 20232,
            "year": 2023,
            "quarter": 2,
            "eps": 1.83,
            "eps_growth_year": 37.59,
            "eps_4q": 7.7,
            "eps_4q_growth_year": 81.37,
            "roe": 4.37,
            "roe_4q": 18.43,
            "gross_profit": 481520,
            "gross_margin": 47.37,
            "gross_margin_4q_avg": 47,
            "net_income": 92652,
            "net_income_4q": null,
            "revenue": 1016475,
            "revenue_4q": null,
            "common_shares": 464681,
            "book_valuer_per_share": 41.03,
            "book_valuer_per_share_4q_avg": 39.67,
            "equity": 2185943,
            "current_ratio": 129.57,
            "debt_ratio": 51.81,
            "inventory_turnover_ratio": 2.38,
            "account_receivable_turnover_ratio": 2.32,
            "reinvestment_rate": 7.37,
            "research_to_sale_ratio": 0.5,
            "price_fair": 184.98,
            "eps_avg_yearly": 5.29,
            "eps_latest_yearly": 7.32,
            "eps_growth_yearly": 127.09
        },
        "20233": {
            "year_quarter": 20233,
            "year": 2023,
            "quarter": 3,
            "eps": 2.03,
            "eps_growth_year": -11.74,
            "eps_4q": 7.46,
            "eps_4q_growth_year": 22.54,
            "roe": 4.56,
            "roe_4q": 17.66,
            "gross_profit": 525611,
            "gross_margin": 50.54,
            "gross_margin_4q_avg": 48.76,
            "net_income": 99269,
            "net_income_4q": null,
            "revenue": 1040021,
            "revenue_4q": null,
            "common_shares": 464721,
            "book_valuer_per_share": 40.29,
            "book_valuer_per_share_4q_avg": 40.11,
            "equity": 2163915,
            "current_ratio": 127.26,
            "debt_ratio": 53.05,
            "inventory_turnover_ratio": 2.38,
            "account_receivable_turnover_ratio": 2.22,
            "reinvestment_rate": 0.91,
            "research_to_sale_ratio": 0.48,
            "price_fair": 174.91,
            "eps_avg_yearly": 5,
            "eps_latest_yearly": 8.12,
            "eps_growth_yearly": 124.82
        }
    },
    "months": {
        "2012-12": {
            "month": "2012-12",
            "price": "186.17",
            "revenue": 70489
        },
        "2013-01": {
            "month": "2013-01",
            "price": "193.88",
            "revenue": 73611
        },
        "2013-02": {
            "month": "2013-02",
            "price": "185.38",
            "revenue": 65733
        },
        "2013-03": {
            "month": "2013-03",
            "price": "181.71",
            "revenue": 79172
        },
        "2013-04": {
            "month": "2013-04",
            "price": "173.77",
            "revenue": 72395
        },
        "2013-05": {
            "month": "2013-05",
            "price": "169.56",
            "revenue": 98617
        },
        "2013-06": {
            "month": "2013-06",
            "price": "165.75",
            "revenue": 144227
        },
        "2013-07": {
            "month": "2013-07",
            "price": "177.07",
            "revenue": 106482
        },
        "2013-08": {
            "month": "2013-08",
            "price": "155.70",
            "revenue": 104002
        },
        "2013-09": {
            "month": "2013-09",
            "price": "140.84",
            "revenue": 104683
        },
        "2013-10": {
            "month": "2013-10",
            "price": "140.22",
            "revenue": 103579
        },
        "2013-11": {
            "month": "2013-11",
            "price": "140.55",
            "revenue": 100325
        },
        "2013-12": {
            "month": "2013-12",
            "price": "140.48",
            "revenue": 95387
        },
        "2014-01": {
            "month": "2014-01",
            "price": "149.36",
            "revenue": 89856
        },
        "2014-02": {
            "month": "2014-02",
            "price": "157.45",
            "revenue": 87199
        },
        "2014-03": {
            "month": "2014-03",
            "price": "183.63",
            "revenue": 113421
        },
        "2014-04": {
            "month": "2014-04",
            "price": "183.98",
            "revenue": 103445
        },
        "2014-05": {
            "month": "2014-05",
            "price": "184.71",
            "revenue": 109122
        },
        "2014-06": {
            "month": "2014-06",
            "price": "196.36",
            "revenue": 111238
        },
        "2014-07": {
            "month": "2014-07",
            "price": "174.35",
            "revenue": 98082
        },
        "2014-08": {
            "month": "2014-08",
            "price": "152.22",
            "revenue": 129540
        },
        "2014-09": {
            "month": "2014-09",
            "price": "155.62",
            "revenue": 132148
        },
        "2014-10": {
            "month": "2014-10",
            "price": "144.58",
            "revenue": 138246
        },
        "2014-11": {
            "month": "2014-11",
            "price": "146.09",
            "revenue": 141014
        },
        "2014-12": {
            "month": "2014-12",
            "price": "139.21",
            "revenue": 154654
        },
        "2015-01": {
            "month": "2015-01",
            "price": "123.33",
            "revenue": 128634
        },
        "2015-02": {
            "month": "2015-02",
            "price": "113.96",
            "revenue": 130846
        },
        "2015-03": {
            "month": "2015-03",
            "price": "114.05",
            "revenue": 129263
        },
        "2015-04": {
            "month": "2015-04",
            "price": "114.88",
            "revenue": 121919
        },
        "2015-05": {
            "month": "2015-05",
            "price": "105.05",
            "revenue": 112096
        },
        "2015-06": {
            "month": "2015-06",
            "price": "98.64",
            "revenue": 143113
        },
        "2015-07": {
            "month": "2015-07",
            "price": "92.55",
            "revenue": 128574
        },
        "2015-08": {
            "month": "2015-08",
            "price": "87.91",
            "revenue": 138442
        },
        "2015-09": {
            "month": "2015-09",
            "price": "98.91",
            "revenue": 151806
        },
        "2015-10": {
            "month": "2015-10",
            "price": "91.76",
            "revenue": 151210
        },
        "2015-11": {
            "month": "2015-11",
            "price": "87.98",
            "revenue": 148767
        },
        "2015-12": {
            "month": "2015-12",
            "price": "84.07",
            "revenue": 163941
        },
        "2016-01": {
            "month": "2016-01",
            "price": "79.34",
            "revenue": 150669
        },
        "2016-02": {
            "month": "2016-02",
            "price": "80.40",
            "revenue": 158600
        },
        "2016-03": {
            "month": "2016-03",
            "price": "84.85",
            "revenue": 160511
        },
        "2016-04": {
            "month": "2016-04",
            "price": "84.77",
            "revenue": 160133
        },
        "2016-05": {
            "month": "2016-05",
            "price": "81.70",
            "revenue": 169663
        },
        "2016-06": {
            "month": "2016-06",
            "price": "83.12",
            "revenue": 174486
        },
        "2016-07": {
            "month": "2016-07",
            "price": "83.34",
            "revenue": 174721
        },
        "2016-08": {
            "month": "2016-08",
            "price": "79.80",
            "revenue": 195539
        },
        "2016-09": {
            "month": "2016-09",
            "price": "80.93",
            "revenue": 182273
        },
        "2016-10": {
            "month": "2016-10",
            "price": "76.70",
            "revenue": 187128
        },
        "2016-11": {
            "month": "2016-11",
            "price": "72.45",
            "revenue": 191879
        },
        "2016-12": {
            "month": "2016-12",
            "price": "77.66",
            "revenue": 188448
        },
        "2017-01": {
            "month": "2017-01",
            "price": "78.54",
            "revenue": 176147
        },
        "2017-02": {
            "month": "2017-02",
            "price": "80.38",
            "revenue": 159200
        },
        "2017-03": {
            "month": "2017-03",
            "price": "82.83",
            "revenue": 189771
        },
        "2017-04": {
            "month": "2017-04",
            "price": "80.97",
            "revenue": 181124
        },
        "2017-05": {
            "month": "2017-05",
            "price": "81.09",
            "revenue": 180774
        },
        "2017-06": {
            "month": "2017-06",
            "price": "89.17",
            "revenue": 209054
        },
        "2017-07": {
            "month": "2017-07",
            "price": "85.74",
            "revenue": 223666
        },
        "2017-08": {
            "month": "2017-08",
            "price": "87.19",
            "revenue": 250537
        },
        "2017-09": {
            "month": "2017-09",
            "price": "83.80",
            "revenue": 224734
        },
        "2017-10": {
            "month": "2017-10",
            "price": "85.05",
            "revenue": 237341
        },
        "2017-11": {
            "month": "2017-11",
            "price": "84.71",
            "revenue": 227886
        },
        "2017-12": {
            "month": "2017-12",
            "price": "82.07",
            "revenue": 237376
        },
        "2018-01": {
            "month": "2018-01",
            "price": "85.49",
            "revenue": 289382
        },
        "2018-02": {
            "month": "2018-02",
            "price": "87.30",
            "revenue": 230022
        },
        "2018-03": {
            "month": "2018-03",
            "price": "89.23",
            "revenue": 273802
        },
        "2018-04": {
            "month": "2018-04",
            "price": "93.89",
            "revenue": 291401
        },
        "2018-05": {
            "month": "2018-05",
            "price": "94.19",
            "revenue": 322361
        },
        "2018-06": {
            "month": "2018-06",
            "price": "86.46",
            "revenue": 315910
        },
        "2018-07": {
            "month": "2018-07",
            "price": "85.82",
            "revenue": 367738
        },
        "2018-08": {
            "month": "2018-08",
            "price": "80.05",
            "revenue": 371181
        },
        "2018-09": {
            "month": "2018-09",
            "price": "77.29",
            "revenue": 360728
        },
        "2018-10": {
            "month": "2018-10",
            "price": "71.15",
            "revenue": 333753
        },
        "2018-11": {
            "month": "2018-11",
            "price": "65.93",
            "revenue": 322286
        },
        "2018-12": {
            "month": "2018-12",
            "price": "67.55",
            "revenue": 377822
        },
        "2019-01": {
            "month": "2019-01",
            "price": "68.45",
            "revenue": 389611
        },
        "2019-02": {
            "month": "2019-02",
            "price": "77.52",
            "revenue": 309520
        },
        "2019-03": {
            "month": "2019-03",
            "price": "83.95",
            "revenue": 390532
        },
        "2019-04": {
            "month": "2019-04",
            "price": "95.30",
            "revenue": 409105
        },
        "2019-05": {
            "month": "2019-05",
            "price": "114.22",
            "revenue": 405821
        },
        "2019-06": {
            "month": "2019-06",
            "price": "135.71",
            "revenue": 420857
        },
        "2019-07": {
            "month": "2019-07",
            "price": "162.89",
            "revenue": 473206
        },
        "2019-08": {
            "month": "2019-08",
            "price": "174.71",
            "revenue": 457353
        },
        "2019-09": {
            "month": "2019-09",
            "price": "165.87",
            "revenue": 436978
        },
        "2019-10": {
            "month": "2019-10",
            "price": "155.31",
            "revenue": 409508
        },
        "2019-11": {
            "month": "2019-11",
            "price": "159.69",
            "revenue": 422545
        },
        "2019-12": {
            "month": "2019-12",
            "price": "160.50",
            "revenue": 428802
        },
        "2020-01": {
            "month": "2020-01",
            "price": "177.57",
            "revenue": 339127
        },
        "2020-02": {
            "month": "2020-02",
            "price": "163.97",
            "revenue": 247928
        },
        "2020-03": {
            "month": "2020-03",
            "price": "126.15",
            "revenue": 271219
        },
        "2020-04": {
            "month": "2020-04",
            "price": "128.92",
            "revenue": 208104
        },
        "2020-05": {
            "month": "2020-05",
            "price": "146.85",
            "revenue": 262741
        },
        "2020-06": {
            "month": "2020-06",
            "price": "158.68",
            "revenue": 377307
        },
        "2020-07": {
            "month": "2020-07",
            "price": "139.83",
            "revenue": 423264
        },
        "2020-08": {
            "month": "2020-08",
            "price": "125.95",
            "revenue": 446873
        },
        "2020-09": {
            "month": "2020-09",
            "price": "127.18",
            "revenue": 417623
        },
        "2020-10": {
            "month": "2020-10",
            "price": "117.61",
            "revenue": 341069
        },
        "2020-11": {
            "month": "2020-11",
            "price": "122.52",
            "revenue": 354818
        },
        "2020-12": {
            "month": "2020-12",
            "price": "122.02",
            "revenue": 407769
        },
        "2021-01": {
            "month": "2021-01",
            "price": "114.85",
            "revenue": 415009
        },
        "2021-02": {
            "month": "2021-02",
            "price": "128.73",
            "revenue": 293794
        },
        "2021-03": {
            "month": "2021-03",
            "price": "140.89",
            "revenue": 382975
        },
        "2021-04": {
            "month": "2021-04",
            "price": "135.11",
            "revenue": 348967
        },
        "2021-05": {
            "month": "2021-05",
            "price": "111.91",
            "revenue": 300023
        },
        "2021-06": {
            "month": "2021-06",
            "price": "115.90",
            "revenue": 307669
        },
        "2021-07": {
            "month": "2021-07",
            "price": "115.89",
            "revenue": 307221
        },
        "2021-08": {
            "month": "2021-08",
            "price": "102.95",
            "revenue": 320378
        },
        "2021-09": {
            "month": "2021-09",
            "price": "100.46",
            "revenue": 354576
        },
        "2021-10": {
            "month": "2021-10",
            "price": "100.30",
            "revenue": 402505
        },
        "2021-11": {
            "month": "2021-11",
            "price": "99.18",
            "revenue": 358781
        },
        "2021-12": {
            "month": "2021-12",
            "price": "91.41",
            "revenue": 378929
        },
        "2022-01": {
            "month": "2022-01",
            "price": "90.49",
            "revenue": 333141
        },
        "2022-02": {
            "month": "2022-02",
            "price": "98.30",
            "revenue": 306604
        },
        "2022-03": {
            "month": "2022-03",
            "price": "108.65",
            "revenue": 345853
        },
        "2022-04": {
            "month": "2022-04",
            "price": "102.91",
            "revenue": 319598
        },
        "2022-05": {
            "month": "2022-05",
            "price": "95.69",
            "revenue": 320060
        },
        "2022-06": {
            "month": "2022-06",
            "price": "97.40",
            "revenue": 391171
        },
        "2022-07": {
            "month": "2022-07",
            "price": "98.99",
            "revenue": 374897
        },
        "2022-08": {
            "month": "2022-08",
            "price": "97.99",
            "revenue": 405781
        },
        "2022-09": {
            "month": "2022-09",
            "price": "111.70",
            "revenue": 366338
        },
        "2022-10": {
            "month": "2022-10",
            "price": "112.82",
            "revenue": 335310
        },
        "2022-11": {
            "month": "2022-11",
            "price": "111.46",
            "revenue": 340163
        },
        "2022-12": {
            "month": "2022-12",
            "price": "125.27",
            "revenue": 369974
        },
        "2023-01": {
            "month": "2023-01",
            "price": "134.00",
            "revenue": 329077
        },
        "2023-02": {
            "month": "2023-02",
            "price": "148.19",
            "revenue": 330450
        },
        "2023-03": {
            "month": "2023-03",
            "price": "174.30",
            "revenue": 342395
        },
        "2023-04": {
            "month": "2023-04",
            "price": "170.50",
            "revenue": 308465
        },
        "2023-05": {
            "month": "2023-05",
            "price": "179.18",
            "revenue": 348776
        },
        "2023-06": {
            "month": "2023-06",
            "price": "178.30",
            "revenue": 355814
        },
        "2023-07": {
            "month": "2023-07",
            "price": "151.33",
            "revenue": 366294
        },
        "2023-08": {
            "month": "2023-08",
            "price": "129.86",
            "revenue": 342401
        },
        "2023-09": {
            "month": "2023-09",
            "price": "117.78",
            "revenue": 330878
        },
        "2023-10": {
            "month": "2023-10",
            "price": "106.55",
            "revenue": 335756
        },
        "2023-11": {
            "month": "2023-11",
            "price": "114.64",
            "revenue": 331450
        },
        "2023-12": {
            "month": "2023-12",
            "price": "117.76",
            "revenue": 373928
        }
    }
}
