{
    "summary": {
        "stock_name": "易飛網",
        "stock_id": "2734",
        "category": "觀光餐旅",
        "main_business": "旅行業",
        "website_url": "https://www.ezfly.com/",
        "ceo": "周昀生",
        "pe_ratio": 67,
        "report_year_from": 2011,
        "report_year_to": 2023,
        "age": 13,
        "eps_negative_percentage": 73,
        "eps_growth_avg": {
            "last_all": -54.61,
            "last_2y": null,
            "last_4y": null,
            "last_8y": -100,
            "last_12y": null,
            "last_16y": null,
            "last_20y": null,
            "at_2006_last_3y": null,
            "at_2007_last_3y": null,
            "at_2008_last_3y": null,
            "at_2009_last_3y": null,
            "at_2010_last_3y": null,
            "at_2011_last_3y": null,
            "at_2012_last_3y": null,
            "at_2013_last_3y": null,
            "at_2014_last_3y": null,
            "at_2015_last_3y": null,
            "at_2016_last_3y": null,
            "at_2017_last_3y": -54.61,
            "at_2018_last_3y": -100,
            "at_2019_last_3y": null,
            "at_2020_last_3y": null,
            "at_2021_last_3y": null,
            "at_2022_last_3y": null,
            "at_2023_last_3y": null,
            "at_2024_last_3y": null,
            "at_2006_last_all": null,
            "at_2007_last_all": null,
            "at_2008_last_all": null,
            "at_2009_last_all": null,
            "at_2010_last_all": null,
            "at_2011_last_all": null,
            "at_2012_last_all": null,
            "at_2013_last_all": null,
            "at_2014_last_all": null,
            "at_2015_last_all": -54.61,
            "at_2016_last_all": -54.61,
            "at_2017_last_all": -54.61,
            "at_2018_last_all": -54.61,
            "at_2019_last_all": -54.61,
            "at_2020_last_all": -54.61,
            "at_2021_last_all": -54.61,
            "at_2022_last_all": -54.61,
            "at_2023_last_all": -54.61,
            "at_2024_last_all": -54.61
        },
        "latest_eps": 0.56,
        "latest_price": 37.75,
        "latest_roe": 7.84,
        "latest_gross_margin": 12.38,
        "latest_equity": 418002,
        "latest_revenue": 575958,
        "latest_gross_profit": 71297,
        "latest_net_income": -9985,
        "latest_debt_ratio": 64.09,
        "latest_current_ratio": 167.25,
        "latest_account_receivable_turnover_ratio": 5.98,
        "latest_inventory_turnover_ratio": 5.47,
        "latest_reinvestment_rate": null,
        "latest_research_to_sale_ratio": null
    },
    "eps_dividends": {
        "2001": {
            "cash": 0,
            "stock": 0,
            "eps": 0
        },
        "2002": {
            "cash": 0,
            "stock": 0,
            "eps": 0
        },
        "2003": {
            "cash": 0,
            "stock": 0,
            "eps": 0
        },
        "2004": {
            "cash": 0,
            "stock": 0,
            "eps": 0
        },
        "2005": {
            "cash": 0,
            "stock": 0,
            "eps": 0
        },
        "2006": {
            "cash": 0,
            "stock": 0,
            "eps": 0
        },
        "2007": {
            "cash": 0,
            "stock": 0,
            "eps": 0
        },
        "2008": {
            "cash": 0,
            "stock": 0,
            "eps": 0
        },
        "2009": {
            "cash": 0,
            "stock": 0,
            "eps": 0
        },
        "2010": {
            "cash": 0,
            "stock": 0,
            "eps": 0
        },
        "2011": {
            "cash": 0,
            "stock": 0,
            "eps": 0
        },
        "2012": {
            "cash": 0,
            "stock": 0,
            "eps": 0
        },
        "2013": {
            "cash": 0.6,
            "stock": 0,
            "eps": 2.28
        },
        "2014": {
            "cash": 1,
            "stock": 0.8,
            "eps": 2.07
        },
        "2015": {
            "cash": 0.4,
            "stock": 1.6,
            "eps": -0.27
        },
        "2016": {
            "cash": 0.5,
            "stock": 0,
            "eps": -2.15
        },
        "2017": {
            "cash": 0,
            "stock": 0,
            "eps": -2.59
        },
        "2018": {
            "cash": 0,
            "stock": 0,
            "eps": -2.75
        },
        "2019": {
            "cash": 0,
            "stock": 0,
            "eps": -1.37
        },
        "2020": {
            "cash": 0,
            "stock": 0,
            "eps": -2.52
        },
        "2021": {
            "cash": 0,
            "stock": 0,
            "eps": -2.17
        },
        "2022": {
            "cash": 0,
            "stock": 0,
            "eps": -1.18
        },
        "2023": {
            "cash": 0,
            "stock": 0,
            "eps": 0.58
        }
    },
    "dividends": {
        "2013-05-16": {
            "cash": 0.6,
            "stock": 0
        },
        "2014-09-23": {
            "cash": 1,
            "stock": 0.8
        },
        "2015-10-15": {
            "cash": 0.4,
            "stock": 1.6
        },
        "2016-10-06": {
            "cash": 0.5,
            "stock": 0
        }
    },
    "prices": {
        "200101": "無",
        "200102": "無",
        "200103": "無",
        "200104": "無",
        "200105": "無",
        "200106": "無",
        "200107": "無",
        "200108": "無",
        "200109": "無",
        "200110": "無",
        "200111": "無",
        "200112": "無",
        "200201": "無",
        "200202": "無",
        "200203": "無",
        "200204": "無",
        "200205": "無",
        "200206": "無",
        "200207": "無",
        "200208": "無",
        "200209": "無",
        "200210": "無",
        "200211": "無",
        "200212": "無",
        "200301": "無",
        "200302": "無",
        "200303": "無",
        "200304": "無",
        "200305": "無",
        "200306": "無",
        "200307": "無",
        "200308": "無",
        "200309": "無",
        "200310": "無",
        "200311": "無",
        "200312": "無",
        "200401": "無",
        "200402": "無",
        "200403": "無",
        "200404": "無",
        "200405": "無",
        "200406": "無",
        "200407": "無",
        "200408": "無",
        "200409": "無",
        "200410": "無",
        "200411": "無",
        "200412": "無",
        "200501": "無",
        "200502": "無",
        "200503": "無",
        "200504": "無",
        "200505": "無",
        "200506": "無",
        "200507": "無",
        "200508": "無",
        "200509": "無",
        "200510": "無",
        "200511": "無",
        "200512": "無",
        "200601": "無",
        "200602": "無",
        "200603": "無",
        "200604": "無",
        "200605": "無",
        "200606": "無",
        "200607": "無",
        "200608": "無",
        "200609": "無",
        "200610": "無",
        "200611": "無",
        "200612": "無",
        "200701": "無",
        "200702": "無",
        "200703": "無",
        "200704": "無",
        "200705": "無",
        "200706": "無",
        "200707": "無",
        "200708": "無",
        "200709": "無",
        "200710": "無",
        "200711": "無",
        "200712": "無",
        "200801": "無",
        "200802": "無",
        "200803": "無",
        "200804": "無",
        "200805": "無",
        "200806": "無",
        "200807": "無",
        "200808": "無",
        "200809": "無",
        "200810": "無",
        "200811": "無",
        "200812": "無",
        "200901": "無",
        "200902": "無",
        "200903": "無",
        "200904": "無",
        "200905": "無",
        "200906": "無",
        "200907": "無",
        "200908": "無",
        "200909": "無",
        "200910": "無",
        "200911": "無",
        "200912": "無",
        "201001": "無",
        "201002": "無",
        "201003": "無",
        "201004": "無",
        "201005": "無",
        "201006": "無",
        "201007": "無",
        "201008": "無",
        "201009": "無",
        "201010": "無",
        "201011": "無",
        "201012": "無",
        "201101": "無",
        "201102": "無",
        "201103": "無",
        "201104": "無",
        "201105": "無",
        "201106": "無",
        "201107": "無",
        "201108": "無",
        "201109": "無",
        "201110": "無",
        "201111": "無",
        "201112": "無",
        "201201": "無",
        "201202": "無",
        "201203": "無",
        "201204": "無",
        "201205": "無",
        "201206": "無",
        "201207": "無",
        "201208": "無",
        "201209": "無",
        "201210": "無",
        "201211": "無",
        "201212": "無",
        "201301": "無",
        "201302": "43.18",
        "201303": "41.07",
        "201304": "33.72",
        "201305": "34.30",
        "201306": "36.14",
        "201307": "41.39",
        "201308": "57.20",
        "201309": "56.78",
        "201310": "54.20",
        "201311": "53.69",
        "201312": "83.25",
        "201401": "70.94",
        "201402": "65.54",
        "201403": "71.01",
        "201404": "66.03",
        "201405": "61.02",
        "201406": "62.90",
        "201407": "59.04",
        "201408": "49.90",
        "201409": "41.42",
        "201410": "37.14",
        "201411": "37.85",
        "201412": "41.86",
        "201501": "41.78",
        "201502": "41.08",
        "201503": "37.85",
        "201504": "37.97",
        "201505": "38.90",
        "201506": "35.46",
        "201507": "34.86",
        "201508": "31.54",
        "201509": "27.66",
        "201510": "27.79",
        "201511": "27.30",
        "201512": "24.18",
        "201601": "21.11",
        "201602": "21.13",
        "201603": "22.30",
        "201604": "22.13",
        "201605": "19.72",
        "201606": "17.95",
        "201607": "19.88",
        "201608": "20.46",
        "201609": "19.47",
        "201610": "18.47",
        "201611": "16.64",
        "201612": "16.58",
        "201701": "16.40",
        "201702": "16.44",
        "201703": "16.32",
        "201704": "13.94",
        "201705": "13.91",
        "201706": "15.29",
        "201707": "23.45",
        "201708": "25.40",
        "201709": "26.35",
        "201710": "22.67",
        "201711": "20.93",
        "201712": "19.07",
        "201801": "18.07",
        "201802": "15.80",
        "201803": "16.43",
        "201804": "17.43",
        "201805": "15.83",
        "201806": "16.02",
        "201807": "14.88",
        "201808": "13.75",
        "201809": "13.09",
        "201810": "12.14",
        "201811": "12.18",
        "201812": "11.98",
        "201901": "12.15",
        "201902": "11.98",
        "201903": "11.87",
        "201904": "11.73",
        "201905": "11.44",
        "201906": "11.21",
        "201907": "12.99",
        "201908": "12.83",
        "201909": "12.71",
        "201910": "12.16",
        "201911": "11.52",
        "201912": "11.34",
        "202001": "11.47",
        "202002": "9.92",
        "202003": "9.68",
        "202004": "9.62",
        "202005": "10.64",
        "202006": "14.38",
        "202007": "13.18",
        "202008": "11.44",
        "202009": "10.62",
        "202010": "10.68",
        "202011": "11.67",
        "202012": "12.26",
        "202101": "11.57",
        "202102": "13.99",
        "202103": "24.60",
        "202104": "24.04",
        "202105": "18.99",
        "202106": "26.93",
        "202107": "28.10",
        "202108": "23.71",
        "202109": "21.48",
        "202110": "22.19",
        "202111": "23.15",
        "202112": "21.88",
        "202201": "22.18",
        "202202": "26.88",
        "202203": "28.19",
        "202204": "28.32",
        "202205": "29.09",
        "202206": "37.95",
        "202207": "36.91",
        "202208": "34.50",
        "202209": "35.70",
        "202210": "27.62",
        "202211": "25.49",
        "202212": "27.80",
        "202301": "26.87",
        "202302": "30.07",
        "202303": "32.76",
        "202304": "33.04",
        "202305": "38.98",
        "202306": "64.59",
        "202307": "54.78",
        "202308": "45.60",
        "202309": "41.22",
        "202310": "39.20",
        "202311": "45.45",
        "202312": "44.29",
        "202401": "41.92",
        "202402": "38.47",
        "202403": "37.86",
        "202404": "無"
    },
    "quarters": {
        "20011": {
            "year_quarter": 20011,
            "year": 2001,
            "quarter": 1,
            "eps": null,
            "eps_growth_year": null,
            "eps_4q": null,
            "eps_4q_growth_year": null,
            "roe": null,
            "roe_4q": 0,
            "gross_profit": null,
            "gross_margin": null,
            "gross_margin_4q_avg": 0,
            "net_income": null,
            "net_income_4q": null,
            "revenue": null,
            "revenue_4q": null,
            "common_shares": null,
            "book_valuer_per_share": null,
            "book_valuer_per_share_4q_avg": 0,
            "equity": null,
            "current_ratio": null,
            "debt_ratio": null,
            "inventory_turnover_ratio": null,
            "account_receivable_turnover_ratio": null,
            "reinvestment_rate": null,
            "research_to_sale_ratio": null,
            "price_fair": 0,
            "eps_avg_yearly": 0,
            "eps_latest_yearly": 0,
            "eps_growth_yearly": 0
        },
        "20012": {
            "year_quarter": 20012,
            "year": 2001,
            "quarter": 2,
            "eps": null,
            "eps_growth_year": null,
            "eps_4q": null,
            "eps_4q_growth_year": null,
            "roe": null,
            "roe_4q": 0,
            "gross_profit": null,
            "gross_margin": null,
            "gross_margin_4q_avg": 0,
            "net_income": null,
            "net_income_4q": null,
            "revenue": null,
            "revenue_4q": null,
            "common_shares": null,
            "book_valuer_per_share": null,
            "book_valuer_per_share_4q_avg": 0,
            "equity": null,
            "current_ratio": null,
            "debt_ratio": null,
            "inventory_turnover_ratio": null,
            "account_receivable_turnover_ratio": null,
            "reinvestment_rate": null,
            "research_to_sale_ratio": null,
            "price_fair": 0,
            "eps_avg_yearly": 0,
            "eps_latest_yearly": 0,
            "eps_growth_yearly": 0
        },
        "20013": {
            "year_quarter": 20013,
            "year": 2001,
            "quarter": 3,
            "eps": null,
            "eps_growth_year": null,
            "eps_4q": null,
            "eps_4q_growth_year": null,
            "roe": null,
            "roe_4q": 0,
            "gross_profit": null,
            "gross_margin": null,
            "gross_margin_4q_avg": 0,
            "net_income": null,
            "net_income_4q": null,
            "revenue": null,
            "revenue_4q": null,
            "common_shares": null,
            "book_valuer_per_share": null,
            "book_valuer_per_share_4q_avg": 0,
            "equity": null,
            "current_ratio": null,
            "debt_ratio": null,
            "inventory_turnover_ratio": null,
            "account_receivable_turnover_ratio": null,
            "reinvestment_rate": null,
            "research_to_sale_ratio": null,
            "price_fair": 0,
            "eps_avg_yearly": 0,
            "eps_latest_yearly": 0,
            "eps_growth_yearly": 0
        },
        "20014": {
            "year_quarter": 20014,
            "year": 2001,
            "quarter": 4,
            "eps": null,
            "eps_growth_year": null,
            "eps_4q": null,
            "eps_4q_growth_year": null,
            "roe": null,
            "roe_4q": 0,
            "gross_profit": null,
            "gross_margin": null,
            "gross_margin_4q_avg": 0,
            "net_income": null,
            "net_income_4q": null,
            "revenue": null,
            "revenue_4q": null,
            "common_shares": null,
            "book_valuer_per_share": null,
            "book_valuer_per_share_4q_avg": 0,
            "equity": null,
            "current_ratio": null,
            "debt_ratio": null,
            "inventory_turnover_ratio": null,
            "account_receivable_turnover_ratio": null,
            "reinvestment_rate": null,
            "research_to_sale_ratio": null,
            "price_fair": 0,
            "eps_avg_yearly": 0,
            "eps_latest_yearly": 0,
            "eps_growth_yearly": 0
        },
        "20021": {
            "year_quarter": 20021,
            "year": 2002,
            "quarter": 1,
            "eps": null,
            "eps_growth_year": null,
            "eps_4q": null,
            "eps_4q_growth_year": null,
            "roe": null,
            "roe_4q": 0,
            "gross_profit": null,
            "gross_margin": null,
            "gross_margin_4q_avg": 0,
            "net_income": null,
            "net_income_4q": null,
            "revenue": null,
            "revenue_4q": null,
            "common_shares": null,
            "book_valuer_per_share": null,
            "book_valuer_per_share_4q_avg": 0,
            "equity": null,
            "current_ratio": null,
            "debt_ratio": null,
            "inventory_turnover_ratio": null,
            "account_receivable_turnover_ratio": null,
            "reinvestment_rate": null,
            "research_to_sale_ratio": null,
            "price_fair": 0,
            "eps_avg_yearly": 0,
            "eps_latest_yearly": 0,
            "eps_growth_yearly": 0
        },
        "20022": {
            "year_quarter": 20022,
            "year": 2002,
            "quarter": 2,
            "eps": null,
            "eps_growth_year": null,
            "eps_4q": null,
            "eps_4q_growth_year": null,
            "roe": null,
            "roe_4q": 0,
            "gross_profit": null,
            "gross_margin": null,
            "gross_margin_4q_avg": 0,
            "net_income": null,
            "net_income_4q": null,
            "revenue": null,
            "revenue_4q": null,
            "common_shares": null,
            "book_valuer_per_share": null,
            "book_valuer_per_share_4q_avg": 0,
            "equity": null,
            "current_ratio": null,
            "debt_ratio": null,
            "inventory_turnover_ratio": null,
            "account_receivable_turnover_ratio": null,
            "reinvestment_rate": null,
            "research_to_sale_ratio": null,
            "price_fair": 0,
            "eps_avg_yearly": 0,
            "eps_latest_yearly": 0,
            "eps_growth_yearly": 0
        },
        "20023": {
            "year_quarter": 20023,
            "year": 2002,
            "quarter": 3,
            "eps": null,
            "eps_growth_year": null,
            "eps_4q": null,
            "eps_4q_growth_year": null,
            "roe": null,
            "roe_4q": 0,
            "gross_profit": null,
            "gross_margin": null,
            "gross_margin_4q_avg": 0,
            "net_income": null,
            "net_income_4q": null,
            "revenue": null,
            "revenue_4q": null,
            "common_shares": null,
            "book_valuer_per_share": null,
            "book_valuer_per_share_4q_avg": 0,
            "equity": null,
            "current_ratio": null,
            "debt_ratio": null,
            "inventory_turnover_ratio": null,
            "account_receivable_turnover_ratio": null,
            "reinvestment_rate": null,
            "research_to_sale_ratio": null,
            "price_fair": 0,
            "eps_avg_yearly": 0,
            "eps_latest_yearly": 0,
            "eps_growth_yearly": 0
        },
        "20024": {
            "year_quarter": 20024,
            "year": 2002,
            "quarter": 4,
            "eps": null,
            "eps_growth_year": null,
            "eps_4q": null,
            "eps_4q_growth_year": null,
            "roe": null,
            "roe_4q": 0,
            "gross_profit": null,
            "gross_margin": null,
            "gross_margin_4q_avg": 0,
            "net_income": null,
            "net_income_4q": null,
            "revenue": null,
            "revenue_4q": null,
            "common_shares": null,
            "book_valuer_per_share": null,
            "book_valuer_per_share_4q_avg": 0,
            "equity": null,
            "current_ratio": null,
            "debt_ratio": null,
            "inventory_turnover_ratio": null,
            "account_receivable_turnover_ratio": null,
            "reinvestment_rate": null,
            "research_to_sale_ratio": null,
            "price_fair": 0,
            "eps_avg_yearly": 0,
            "eps_latest_yearly": 0,
            "eps_growth_yearly": 0
        },
        "20031": {
            "year_quarter": 20031,
            "year": 2003,
            "quarter": 1,
            "eps": null,
            "eps_growth_year": null,
            "eps_4q": null,
            "eps_4q_growth_year": null,
            "roe": null,
            "roe_4q": 0,
            "gross_profit": null,
            "gross_margin": null,
            "gross_margin_4q_avg": 0,
            "net_income": null,
            "net_income_4q": null,
            "revenue": null,
            "revenue_4q": null,
            "common_shares": null,
            "book_valuer_per_share": null,
            "book_valuer_per_share_4q_avg": 0,
            "equity": null,
            "current_ratio": null,
            "debt_ratio": null,
            "inventory_turnover_ratio": null,
            "account_receivable_turnover_ratio": null,
            "reinvestment_rate": null,
            "research_to_sale_ratio": null,
            "price_fair": 0,
            "eps_avg_yearly": 0,
            "eps_latest_yearly": 0,
            "eps_growth_yearly": 0
        },
        "20032": {
            "year_quarter": 20032,
            "year": 2003,
            "quarter": 2,
            "eps": null,
            "eps_growth_year": null,
            "eps_4q": null,
            "eps_4q_growth_year": null,
            "roe": null,
            "roe_4q": 0,
            "gross_profit": null,
            "gross_margin": null,
            "gross_margin_4q_avg": 0,
            "net_income": null,
            "net_income_4q": null,
            "revenue": null,
            "revenue_4q": null,
            "common_shares": null,
            "book_valuer_per_share": null,
            "book_valuer_per_share_4q_avg": 0,
            "equity": null,
            "current_ratio": null,
            "debt_ratio": null,
            "inventory_turnover_ratio": null,
            "account_receivable_turnover_ratio": null,
            "reinvestment_rate": null,
            "research_to_sale_ratio": null,
            "price_fair": 0,
            "eps_avg_yearly": 0,
            "eps_latest_yearly": 0,
            "eps_growth_yearly": 0
        },
        "20033": {
            "year_quarter": 20033,
            "year": 2003,
            "quarter": 3,
            "eps": null,
            "eps_growth_year": null,
            "eps_4q": null,
            "eps_4q_growth_year": null,
            "roe": null,
            "roe_4q": 0,
            "gross_profit": null,
            "gross_margin": null,
            "gross_margin_4q_avg": 0,
            "net_income": null,
            "net_income_4q": null,
            "revenue": null,
            "revenue_4q": null,
            "common_shares": null,
            "book_valuer_per_share": null,
            "book_valuer_per_share_4q_avg": 0,
            "equity": null,
            "current_ratio": null,
            "debt_ratio": null,
            "inventory_turnover_ratio": null,
            "account_receivable_turnover_ratio": null,
            "reinvestment_rate": null,
            "research_to_sale_ratio": null,
            "price_fair": 0,
            "eps_avg_yearly": 0,
            "eps_latest_yearly": 0,
            "eps_growth_yearly": 0
        },
        "20034": {
            "year_quarter": 20034,
            "year": 2003,
            "quarter": 4,
            "eps": null,
            "eps_growth_year": null,
            "eps_4q": null,
            "eps_4q_growth_year": null,
            "roe": null,
            "roe_4q": 0,
            "gross_profit": null,
            "gross_margin": null,
            "gross_margin_4q_avg": 0,
            "net_income": null,
            "net_income_4q": null,
            "revenue": null,
            "revenue_4q": null,
            "common_shares": null,
            "book_valuer_per_share": null,
            "book_valuer_per_share_4q_avg": 0,
            "equity": null,
            "current_ratio": null,
            "debt_ratio": null,
            "inventory_turnover_ratio": null,
            "account_receivable_turnover_ratio": null,
            "reinvestment_rate": null,
            "research_to_sale_ratio": null,
            "price_fair": 0,
            "eps_avg_yearly": 0,
            "eps_latest_yearly": 0,
            "eps_growth_yearly": 0
        },
        "20041": {
            "year_quarter": 20041,
            "year": 2004,
            "quarter": 1,
            "eps": null,
            "eps_growth_year": null,
            "eps_4q": null,
            "eps_4q_growth_year": null,
            "roe": null,
            "roe_4q": 0,
            "gross_profit": null,
            "gross_margin": null,
            "gross_margin_4q_avg": 0,
            "net_income": null,
            "net_income_4q": null,
            "revenue": null,
            "revenue_4q": null,
            "common_shares": null,
            "book_valuer_per_share": null,
            "book_valuer_per_share_4q_avg": 0,
            "equity": null,
            "current_ratio": null,
            "debt_ratio": null,
            "inventory_turnover_ratio": null,
            "account_receivable_turnover_ratio": null,
            "reinvestment_rate": null,
            "research_to_sale_ratio": null,
            "price_fair": 0,
            "eps_avg_yearly": 0,
            "eps_latest_yearly": 0,
            "eps_growth_yearly": 0
        },
        "20042": {
            "year_quarter": 20042,
            "year": 2004,
            "quarter": 2,
            "eps": null,
            "eps_growth_year": null,
            "eps_4q": null,
            "eps_4q_growth_year": null,
            "roe": null,
            "roe_4q": 0,
            "gross_profit": null,
            "gross_margin": null,
            "gross_margin_4q_avg": 0,
            "net_income": null,
            "net_income_4q": null,
            "revenue": null,
            "revenue_4q": null,
            "common_shares": null,
            "book_valuer_per_share": null,
            "book_valuer_per_share_4q_avg": 0,
            "equity": null,
            "current_ratio": null,
            "debt_ratio": null,
            "inventory_turnover_ratio": null,
            "account_receivable_turnover_ratio": null,
            "reinvestment_rate": null,
            "research_to_sale_ratio": null,
            "price_fair": 0,
            "eps_avg_yearly": 0,
            "eps_latest_yearly": 0,
            "eps_growth_yearly": 0
        },
        "20043": {
            "year_quarter": 20043,
            "year": 2004,
            "quarter": 3,
            "eps": null,
            "eps_growth_year": null,
            "eps_4q": null,
            "eps_4q_growth_year": null,
            "roe": null,
            "roe_4q": 0,
            "gross_profit": null,
            "gross_margin": null,
            "gross_margin_4q_avg": 0,
            "net_income": null,
            "net_income_4q": null,
            "revenue": null,
            "revenue_4q": null,
            "common_shares": null,
            "book_valuer_per_share": null,
            "book_valuer_per_share_4q_avg": 0,
            "equity": null,
            "current_ratio": null,
            "debt_ratio": null,
            "inventory_turnover_ratio": null,
            "account_receivable_turnover_ratio": null,
            "reinvestment_rate": null,
            "research_to_sale_ratio": null,
            "price_fair": 0,
            "eps_avg_yearly": 0,
            "eps_latest_yearly": 0,
            "eps_growth_yearly": 0
        },
        "20044": {
            "year_quarter": 20044,
            "year": 2004,
            "quarter": 4,
            "eps": null,
            "eps_growth_year": null,
            "eps_4q": null,
            "eps_4q_growth_year": null,
            "roe": null,
            "roe_4q": 0,
            "gross_profit": null,
            "gross_margin": null,
            "gross_margin_4q_avg": 0,
            "net_income": null,
            "net_income_4q": null,
            "revenue": null,
            "revenue_4q": null,
            "common_shares": null,
            "book_valuer_per_share": null,
            "book_valuer_per_share_4q_avg": 0,
            "equity": null,
            "current_ratio": null,
            "debt_ratio": null,
            "inventory_turnover_ratio": null,
            "account_receivable_turnover_ratio": null,
            "reinvestment_rate": null,
            "research_to_sale_ratio": null,
            "price_fair": 0,
            "eps_avg_yearly": 0,
            "eps_latest_yearly": 0,
            "eps_growth_yearly": 0
        },
        "20051": {
            "year_quarter": 20051,
            "year": 2005,
            "quarter": 1,
            "eps": null,
            "eps_growth_year": null,
            "eps_4q": null,
            "eps_4q_growth_year": null,
            "roe": null,
            "roe_4q": 0,
            "gross_profit": null,
            "gross_margin": null,
            "gross_margin_4q_avg": 0,
            "net_income": null,
            "net_income_4q": null,
            "revenue": null,
            "revenue_4q": null,
            "common_shares": null,
            "book_valuer_per_share": null,
            "book_valuer_per_share_4q_avg": 0,
            "equity": null,
            "current_ratio": null,
            "debt_ratio": null,
            "inventory_turnover_ratio": null,
            "account_receivable_turnover_ratio": null,
            "reinvestment_rate": null,
            "research_to_sale_ratio": null,
            "price_fair": 0,
            "eps_avg_yearly": 0,
            "eps_latest_yearly": 0,
            "eps_growth_yearly": 0
        },
        "20052": {
            "year_quarter": 20052,
            "year": 2005,
            "quarter": 2,
            "eps": null,
            "eps_growth_year": null,
            "eps_4q": null,
            "eps_4q_growth_year": null,
            "roe": null,
            "roe_4q": 0,
            "gross_profit": null,
            "gross_margin": null,
            "gross_margin_4q_avg": 0,
            "net_income": null,
            "net_income_4q": null,
            "revenue": null,
            "revenue_4q": null,
            "common_shares": null,
            "book_valuer_per_share": null,
            "book_valuer_per_share_4q_avg": 0,
            "equity": null,
            "current_ratio": null,
            "debt_ratio": null,
            "inventory_turnover_ratio": null,
            "account_receivable_turnover_ratio": null,
            "reinvestment_rate": null,
            "research_to_sale_ratio": null,
            "price_fair": 0,
            "eps_avg_yearly": 0,
            "eps_latest_yearly": 0,
            "eps_growth_yearly": 0
        },
        "20053": {
            "year_quarter": 20053,
            "year": 2005,
            "quarter": 3,
            "eps": null,
            "eps_growth_year": null,
            "eps_4q": null,
            "eps_4q_growth_year": null,
            "roe": null,
            "roe_4q": 0,
            "gross_profit": null,
            "gross_margin": null,
            "gross_margin_4q_avg": 0,
            "net_income": null,
            "net_income_4q": null,
            "revenue": null,
            "revenue_4q": null,
            "common_shares": null,
            "book_valuer_per_share": null,
            "book_valuer_per_share_4q_avg": 0,
            "equity": null,
            "current_ratio": null,
            "debt_ratio": null,
            "inventory_turnover_ratio": null,
            "account_receivable_turnover_ratio": null,
            "reinvestment_rate": null,
            "research_to_sale_ratio": null,
            "price_fair": 0,
            "eps_avg_yearly": 0,
            "eps_latest_yearly": 0,
            "eps_growth_yearly": 0
        },
        "20054": {
            "year_quarter": 20054,
            "year": 2005,
            "quarter": 4,
            "eps": null,
            "eps_growth_year": null,
            "eps_4q": null,
            "eps_4q_growth_year": null,
            "roe": null,
            "roe_4q": 0,
            "gross_profit": null,
            "gross_margin": null,
            "gross_margin_4q_avg": 0,
            "net_income": null,
            "net_income_4q": null,
            "revenue": null,
            "revenue_4q": null,
            "common_shares": null,
            "book_valuer_per_share": null,
            "book_valuer_per_share_4q_avg": 0,
            "equity": null,
            "current_ratio": null,
            "debt_ratio": null,
            "inventory_turnover_ratio": null,
            "account_receivable_turnover_ratio": null,
            "reinvestment_rate": null,
            "research_to_sale_ratio": null,
            "price_fair": 0,
            "eps_avg_yearly": 0,
            "eps_latest_yearly": 0,
            "eps_growth_yearly": 0
        },
        "20061": {
            "year_quarter": 20061,
            "year": 2006,
            "quarter": 1,
            "eps": null,
            "eps_growth_year": null,
            "eps_4q": null,
            "eps_4q_growth_year": null,
            "roe": null,
            "roe_4q": 0,
            "gross_profit": null,
            "gross_margin": null,
            "gross_margin_4q_avg": 0,
            "net_income": null,
            "net_income_4q": null,
            "revenue": null,
            "revenue_4q": null,
            "common_shares": null,
            "book_valuer_per_share": null,
            "book_valuer_per_share_4q_avg": 0,
            "equity": null,
            "current_ratio": null,
            "debt_ratio": null,
            "inventory_turnover_ratio": null,
            "account_receivable_turnover_ratio": null,
            "reinvestment_rate": null,
            "research_to_sale_ratio": null,
            "price_fair": 0,
            "eps_avg_yearly": 0,
            "eps_latest_yearly": 0,
            "eps_growth_yearly": 0
        },
        "20062": {
            "year_quarter": 20062,
            "year": 2006,
            "quarter": 2,
            "eps": null,
            "eps_growth_year": null,
            "eps_4q": null,
            "eps_4q_growth_year": null,
            "roe": null,
            "roe_4q": 0,
            "gross_profit": null,
            "gross_margin": null,
            "gross_margin_4q_avg": 0,
            "net_income": null,
            "net_income_4q": null,
            "revenue": null,
            "revenue_4q": null,
            "common_shares": null,
            "book_valuer_per_share": null,
            "book_valuer_per_share_4q_avg": 0,
            "equity": null,
            "current_ratio": null,
            "debt_ratio": null,
            "inventory_turnover_ratio": null,
            "account_receivable_turnover_ratio": null,
            "reinvestment_rate": null,
            "research_to_sale_ratio": null,
            "price_fair": 0,
            "eps_avg_yearly": 0,
            "eps_latest_yearly": 0,
            "eps_growth_yearly": 0
        },
        "20063": {
            "year_quarter": 20063,
            "year": 2006,
            "quarter": 3,
            "eps": null,
            "eps_growth_year": null,
            "eps_4q": null,
            "eps_4q_growth_year": null,
            "roe": null,
            "roe_4q": 0,
            "gross_profit": null,
            "gross_margin": null,
            "gross_margin_4q_avg": 0,
            "net_income": null,
            "net_income_4q": null,
            "revenue": null,
            "revenue_4q": null,
            "common_shares": null,
            "book_valuer_per_share": null,
            "book_valuer_per_share_4q_avg": 0,
            "equity": null,
            "current_ratio": null,
            "debt_ratio": null,
            "inventory_turnover_ratio": null,
            "account_receivable_turnover_ratio": null,
            "reinvestment_rate": null,
            "research_to_sale_ratio": null,
            "price_fair": 0,
            "eps_avg_yearly": 0,
            "eps_latest_yearly": 0,
            "eps_growth_yearly": 0
        },
        "20064": {
            "year_quarter": 20064,
            "year": 2006,
            "quarter": 4,
            "eps": null,
            "eps_growth_year": null,
            "eps_4q": null,
            "eps_4q_growth_year": null,
            "roe": null,
            "roe_4q": 0,
            "gross_profit": null,
            "gross_margin": null,
            "gross_margin_4q_avg": 0,
            "net_income": null,
            "net_income_4q": null,
            "revenue": null,
            "revenue_4q": null,
            "common_shares": null,
            "book_valuer_per_share": null,
            "book_valuer_per_share_4q_avg": 0,
            "equity": null,
            "current_ratio": null,
            "debt_ratio": null,
            "inventory_turnover_ratio": null,
            "account_receivable_turnover_ratio": null,
            "reinvestment_rate": null,
            "research_to_sale_ratio": null,
            "price_fair": 0,
            "eps_avg_yearly": 0,
            "eps_latest_yearly": 0,
            "eps_growth_yearly": 0
        },
        "20071": {
            "year_quarter": 20071,
            "year": 2007,
            "quarter": 1,
            "eps": null,
            "eps_growth_year": null,
            "eps_4q": null,
            "eps_4q_growth_year": null,
            "roe": null,
            "roe_4q": 0,
            "gross_profit": null,
            "gross_margin": null,
            "gross_margin_4q_avg": 0,
            "net_income": null,
            "net_income_4q": null,
            "revenue": null,
            "revenue_4q": null,
            "common_shares": null,
            "book_valuer_per_share": null,
            "book_valuer_per_share_4q_avg": 0,
            "equity": null,
            "current_ratio": null,
            "debt_ratio": null,
            "inventory_turnover_ratio": null,
            "account_receivable_turnover_ratio": null,
            "reinvestment_rate": null,
            "research_to_sale_ratio": null,
            "price_fair": 0,
            "eps_avg_yearly": 0,
            "eps_latest_yearly": 0,
            "eps_growth_yearly": 0
        },
        "20072": {
            "year_quarter": 20072,
            "year": 2007,
            "quarter": 2,
            "eps": null,
            "eps_growth_year": null,
            "eps_4q": null,
            "eps_4q_growth_year": null,
            "roe": null,
            "roe_4q": 0,
            "gross_profit": null,
            "gross_margin": null,
            "gross_margin_4q_avg": 0,
            "net_income": null,
            "net_income_4q": null,
            "revenue": null,
            "revenue_4q": null,
            "common_shares": null,
            "book_valuer_per_share": null,
            "book_valuer_per_share_4q_avg": 0,
            "equity": null,
            "current_ratio": null,
            "debt_ratio": null,
            "inventory_turnover_ratio": null,
            "account_receivable_turnover_ratio": null,
            "reinvestment_rate": null,
            "research_to_sale_ratio": null,
            "price_fair": 0,
            "eps_avg_yearly": 0,
            "eps_latest_yearly": 0,
            "eps_growth_yearly": 0
        },
        "20073": {
            "year_quarter": 20073,
            "year": 2007,
            "quarter": 3,
            "eps": null,
            "eps_growth_year": null,
            "eps_4q": null,
            "eps_4q_growth_year": null,
            "roe": null,
            "roe_4q": 0,
            "gross_profit": null,
            "gross_margin": null,
            "gross_margin_4q_avg": 0,
            "net_income": null,
            "net_income_4q": null,
            "revenue": null,
            "revenue_4q": null,
            "common_shares": null,
            "book_valuer_per_share": null,
            "book_valuer_per_share_4q_avg": 0,
            "equity": null,
            "current_ratio": null,
            "debt_ratio": null,
            "inventory_turnover_ratio": null,
            "account_receivable_turnover_ratio": null,
            "reinvestment_rate": null,
            "research_to_sale_ratio": null,
            "price_fair": 0,
            "eps_avg_yearly": 0,
            "eps_latest_yearly": 0,
            "eps_growth_yearly": 0
        },
        "20074": {
            "year_quarter": 20074,
            "year": 2007,
            "quarter": 4,
            "eps": null,
            "eps_growth_year": null,
            "eps_4q": null,
            "eps_4q_growth_year": null,
            "roe": null,
            "roe_4q": 0,
            "gross_profit": null,
            "gross_margin": null,
            "gross_margin_4q_avg": 0,
            "net_income": null,
            "net_income_4q": null,
            "revenue": null,
            "revenue_4q": null,
            "common_shares": null,
            "book_valuer_per_share": null,
            "book_valuer_per_share_4q_avg": 0,
            "equity": null,
            "current_ratio": null,
            "debt_ratio": null,
            "inventory_turnover_ratio": null,
            "account_receivable_turnover_ratio": null,
            "reinvestment_rate": null,
            "research_to_sale_ratio": null,
            "price_fair": 0,
            "eps_avg_yearly": 0,
            "eps_latest_yearly": 0,
            "eps_growth_yearly": 0
        },
        "20081": {
            "year_quarter": 20081,
            "year": 2008,
            "quarter": 1,
            "eps": null,
            "eps_growth_year": null,
            "eps_4q": null,
            "eps_4q_growth_year": null,
            "roe": null,
            "roe_4q": 0,
            "gross_profit": null,
            "gross_margin": null,
            "gross_margin_4q_avg": 0,
            "net_income": null,
            "net_income_4q": null,
            "revenue": null,
            "revenue_4q": null,
            "common_shares": null,
            "book_valuer_per_share": null,
            "book_valuer_per_share_4q_avg": 0,
            "equity": null,
            "current_ratio": null,
            "debt_ratio": null,
            "inventory_turnover_ratio": null,
            "account_receivable_turnover_ratio": null,
            "reinvestment_rate": null,
            "research_to_sale_ratio": null,
            "price_fair": 0,
            "eps_avg_yearly": 0,
            "eps_latest_yearly": 0,
            "eps_growth_yearly": 0
        },
        "20082": {
            "year_quarter": 20082,
            "year": 2008,
            "quarter": 2,
            "eps": null,
            "eps_growth_year": null,
            "eps_4q": null,
            "eps_4q_growth_year": null,
            "roe": null,
            "roe_4q": 0,
            "gross_profit": null,
            "gross_margin": null,
            "gross_margin_4q_avg": 0,
            "net_income": null,
            "net_income_4q": null,
            "revenue": null,
            "revenue_4q": null,
            "common_shares": null,
            "book_valuer_per_share": null,
            "book_valuer_per_share_4q_avg": 0,
            "equity": null,
            "current_ratio": null,
            "debt_ratio": null,
            "inventory_turnover_ratio": null,
            "account_receivable_turnover_ratio": null,
            "reinvestment_rate": null,
            "research_to_sale_ratio": null,
            "price_fair": 0,
            "eps_avg_yearly": 0,
            "eps_latest_yearly": 0,
            "eps_growth_yearly": 0
        },
        "20083": {
            "year_quarter": 20083,
            "year": 2008,
            "quarter": 3,
            "eps": null,
            "eps_growth_year": null,
            "eps_4q": null,
            "eps_4q_growth_year": null,
            "roe": null,
            "roe_4q": 0,
            "gross_profit": null,
            "gross_margin": null,
            "gross_margin_4q_avg": 0,
            "net_income": null,
            "net_income_4q": null,
            "revenue": null,
            "revenue_4q": null,
            "common_shares": null,
            "book_valuer_per_share": null,
            "book_valuer_per_share_4q_avg": 0,
            "equity": null,
            "current_ratio": null,
            "debt_ratio": null,
            "inventory_turnover_ratio": null,
            "account_receivable_turnover_ratio": null,
            "reinvestment_rate": null,
            "research_to_sale_ratio": null,
            "price_fair": 0,
            "eps_avg_yearly": 0,
            "eps_latest_yearly": 0,
            "eps_growth_yearly": 0
        },
        "20084": {
            "year_quarter": 20084,
            "year": 2008,
            "quarter": 4,
            "eps": null,
            "eps_growth_year": null,
            "eps_4q": null,
            "eps_4q_growth_year": null,
            "roe": null,
            "roe_4q": 0,
            "gross_profit": null,
            "gross_margin": null,
            "gross_margin_4q_avg": 0,
            "net_income": null,
            "net_income_4q": null,
            "revenue": null,
            "revenue_4q": null,
            "common_shares": null,
            "book_valuer_per_share": null,
            "book_valuer_per_share_4q_avg": 0,
            "equity": null,
            "current_ratio": null,
            "debt_ratio": null,
            "inventory_turnover_ratio": null,
            "account_receivable_turnover_ratio": null,
            "reinvestment_rate": null,
            "research_to_sale_ratio": null,
            "price_fair": 0,
            "eps_avg_yearly": 0,
            "eps_latest_yearly": 0,
            "eps_growth_yearly": 0
        },
        "20091": {
            "year_quarter": 20091,
            "year": 2009,
            "quarter": 1,
            "eps": null,
            "eps_growth_year": null,
            "eps_4q": null,
            "eps_4q_growth_year": null,
            "roe": null,
            "roe_4q": 0,
            "gross_profit": null,
            "gross_margin": null,
            "gross_margin_4q_avg": 0,
            "net_income": null,
            "net_income_4q": null,
            "revenue": null,
            "revenue_4q": null,
            "common_shares": null,
            "book_valuer_per_share": null,
            "book_valuer_per_share_4q_avg": 0,
            "equity": null,
            "current_ratio": null,
            "debt_ratio": null,
            "inventory_turnover_ratio": null,
            "account_receivable_turnover_ratio": null,
            "reinvestment_rate": null,
            "research_to_sale_ratio": null,
            "price_fair": 0,
            "eps_avg_yearly": 0,
            "eps_latest_yearly": 0,
            "eps_growth_yearly": 0
        },
        "20092": {
            "year_quarter": 20092,
            "year": 2009,
            "quarter": 2,
            "eps": null,
            "eps_growth_year": null,
            "eps_4q": null,
            "eps_4q_growth_year": null,
            "roe": null,
            "roe_4q": 0,
            "gross_profit": null,
            "gross_margin": null,
            "gross_margin_4q_avg": 0,
            "net_income": null,
            "net_income_4q": null,
            "revenue": null,
            "revenue_4q": null,
            "common_shares": null,
            "book_valuer_per_share": null,
            "book_valuer_per_share_4q_avg": 0,
            "equity": null,
            "current_ratio": null,
            "debt_ratio": null,
            "inventory_turnover_ratio": null,
            "account_receivable_turnover_ratio": null,
            "reinvestment_rate": null,
            "research_to_sale_ratio": null,
            "price_fair": 0,
            "eps_avg_yearly": 0,
            "eps_latest_yearly": 0,
            "eps_growth_yearly": 0
        },
        "20093": {
            "year_quarter": 20093,
            "year": 2009,
            "quarter": 3,
            "eps": null,
            "eps_growth_year": null,
            "eps_4q": null,
            "eps_4q_growth_year": null,
            "roe": null,
            "roe_4q": 0,
            "gross_profit": null,
            "gross_margin": null,
            "gross_margin_4q_avg": 0,
            "net_income": null,
            "net_income_4q": null,
            "revenue": null,
            "revenue_4q": null,
            "common_shares": null,
            "book_valuer_per_share": null,
            "book_valuer_per_share_4q_avg": 0,
            "equity": null,
            "current_ratio": null,
            "debt_ratio": null,
            "inventory_turnover_ratio": null,
            "account_receivable_turnover_ratio": null,
            "reinvestment_rate": null,
            "research_to_sale_ratio": null,
            "price_fair": 0,
            "eps_avg_yearly": 0,
            "eps_latest_yearly": 0,
            "eps_growth_yearly": 0
        },
        "20094": {
            "year_quarter": 20094,
            "year": 2009,
            "quarter": 4,
            "eps": null,
            "eps_growth_year": null,
            "eps_4q": null,
            "eps_4q_growth_year": null,
            "roe": null,
            "roe_4q": 0,
            "gross_profit": null,
            "gross_margin": null,
            "gross_margin_4q_avg": 0,
            "net_income": null,
            "net_income_4q": null,
            "revenue": null,
            "revenue_4q": null,
            "common_shares": 174500,
            "book_valuer_per_share": 15.53,
            "book_valuer_per_share_4q_avg": 3.88,
            "equity": 270953,
            "current_ratio": 4876.3,
            "debt_ratio": 1.57,
            "inventory_turnover_ratio": null,
            "account_receivable_turnover_ratio": null,
            "reinvestment_rate": null,
            "research_to_sale_ratio": null,
            "price_fair": 0,
            "eps_avg_yearly": 0,
            "eps_latest_yearly": 0,
            "eps_growth_yearly": 0
        },
        "20101": {
            "year_quarter": 20101,
            "year": 2010,
            "quarter": 1,
            "eps": null,
            "eps_growth_year": null,
            "eps_4q": null,
            "eps_4q_growth_year": null,
            "roe": null,
            "roe_4q": 0,
            "gross_profit": null,
            "gross_margin": null,
            "gross_margin_4q_avg": 0,
            "net_income": null,
            "net_income_4q": null,
            "revenue": null,
            "revenue_4q": null,
            "common_shares": null,
            "book_valuer_per_share": null,
            "book_valuer_per_share_4q_avg": 3.88,
            "equity": null,
            "current_ratio": null,
            "debt_ratio": null,
            "inventory_turnover_ratio": null,
            "account_receivable_turnover_ratio": null,
            "reinvestment_rate": null,
            "research_to_sale_ratio": null,
            "price_fair": 0,
            "eps_avg_yearly": 0,
            "eps_latest_yearly": 0,
            "eps_growth_yearly": 0
        },
        "20102": {
            "year_quarter": 20102,
            "year": 2010,
            "quarter": 2,
            "eps": null,
            "eps_growth_year": null,
            "eps_4q": null,
            "eps_4q_growth_year": null,
            "roe": null,
            "roe_4q": 0,
            "gross_profit": null,
            "gross_margin": null,
            "gross_margin_4q_avg": 0,
            "net_income": null,
            "net_income_4q": null,
            "revenue": null,
            "revenue_4q": null,
            "common_shares": null,
            "book_valuer_per_share": null,
            "book_valuer_per_share_4q_avg": 3.88,
            "equity": null,
            "current_ratio": null,
            "debt_ratio": null,
            "inventory_turnover_ratio": null,
            "account_receivable_turnover_ratio": null,
            "reinvestment_rate": null,
            "research_to_sale_ratio": null,
            "price_fair": 0,
            "eps_avg_yearly": 0,
            "eps_latest_yearly": 0,
            "eps_growth_yearly": 0
        },
        "20103": {
            "year_quarter": 20103,
            "year": 2010,
            "quarter": 3,
            "eps": null,
            "eps_growth_year": null,
            "eps_4q": null,
            "eps_4q_growth_year": null,
            "roe": null,
            "roe_4q": 0,
            "gross_profit": null,
            "gross_margin": null,
            "gross_margin_4q_avg": 0,
            "net_income": null,
            "net_income_4q": null,
            "revenue": null,
            "revenue_4q": null,
            "common_shares": null,
            "book_valuer_per_share": null,
            "book_valuer_per_share_4q_avg": 3.88,
            "equity": null,
            "current_ratio": null,
            "debt_ratio": null,
            "inventory_turnover_ratio": null,
            "account_receivable_turnover_ratio": null,
            "reinvestment_rate": null,
            "research_to_sale_ratio": null,
            "price_fair": 0,
            "eps_avg_yearly": 0,
            "eps_latest_yearly": 0,
            "eps_growth_yearly": 0
        },
        "20104": {
            "year_quarter": 20104,
            "year": 2010,
            "quarter": 4,
            "eps": null,
            "eps_growth_year": null,
            "eps_4q": null,
            "eps_4q_growth_year": null,
            "roe": null,
            "roe_4q": 0,
            "gross_profit": null,
            "gross_margin": null,
            "gross_margin_4q_avg": 0,
            "net_income": null,
            "net_income_4q": null,
            "revenue": null,
            "revenue_4q": null,
            "common_shares": 174500,
            "book_valuer_per_share": 13.34,
            "book_valuer_per_share_4q_avg": 3.34,
            "equity": 232864,
            "current_ratio": 196.9,
            "debt_ratio": 36.99,
            "inventory_turnover_ratio": null,
            "account_receivable_turnover_ratio": null,
            "reinvestment_rate": null,
            "research_to_sale_ratio": null,
            "price_fair": 0,
            "eps_avg_yearly": 0,
            "eps_latest_yearly": 0,
            "eps_growth_yearly": 0
        },
        "20111": {
            "year_quarter": 20111,
            "year": 2011,
            "quarter": 1,
            "eps": null,
            "eps_growth_year": null,
            "eps_4q": null,
            "eps_4q_growth_year": null,
            "roe": null,
            "roe_4q": 0,
            "gross_profit": null,
            "gross_margin": null,
            "gross_margin_4q_avg": 0,
            "net_income": null,
            "net_income_4q": null,
            "revenue": null,
            "revenue_4q": null,
            "common_shares": null,
            "book_valuer_per_share": null,
            "book_valuer_per_share_4q_avg": 3.34,
            "equity": null,
            "current_ratio": null,
            "debt_ratio": null,
            "inventory_turnover_ratio": null,
            "account_receivable_turnover_ratio": null,
            "reinvestment_rate": null,
            "research_to_sale_ratio": null,
            "price_fair": 0,
            "eps_avg_yearly": 0,
            "eps_latest_yearly": 0,
            "eps_growth_yearly": 0
        },
        "20112": {
            "year_quarter": 20112,
            "year": 2011,
            "quarter": 2,
            "eps": null,
            "eps_growth_year": null,
            "eps_4q": null,
            "eps_4q_growth_year": null,
            "roe": null,
            "roe_4q": 0,
            "gross_profit": null,
            "gross_margin": null,
            "gross_margin_4q_avg": 0,
            "net_income": null,
            "net_income_4q": null,
            "revenue": null,
            "revenue_4q": null,
            "common_shares": 174500,
            "book_valuer_per_share": null,
            "book_valuer_per_share_4q_avg": 3.34,
            "equity": 227336,
            "current_ratio": null,
            "debt_ratio": null,
            "inventory_turnover_ratio": null,
            "account_receivable_turnover_ratio": null,
            "reinvestment_rate": null,
            "research_to_sale_ratio": null,
            "price_fair": 0,
            "eps_avg_yearly": 0,
            "eps_latest_yearly": 0,
            "eps_growth_yearly": 0
        },
        "20113": {
            "year_quarter": 20113,
            "year": 2011,
            "quarter": 3,
            "eps": null,
            "eps_growth_year": null,
            "eps_4q": null,
            "eps_4q_growth_year": null,
            "roe": null,
            "roe_4q": 0,
            "gross_profit": null,
            "gross_margin": null,
            "gross_margin_4q_avg": 0,
            "net_income": null,
            "net_income_4q": null,
            "revenue": null,
            "revenue_4q": null,
            "common_shares": null,
            "book_valuer_per_share": null,
            "book_valuer_per_share_4q_avg": 3.34,
            "equity": null,
            "current_ratio": null,
            "debt_ratio": null,
            "inventory_turnover_ratio": null,
            "account_receivable_turnover_ratio": null,
            "reinvestment_rate": null,
            "research_to_sale_ratio": null,
            "price_fair": 0,
            "eps_avg_yearly": 0,
            "eps_latest_yearly": 0,
            "eps_growth_yearly": 0
        },
        "20114": {
            "year_quarter": 20114,
            "year": 2011,
            "quarter": 4,
            "eps": null,
            "eps_growth_year": null,
            "eps_4q": null,
            "eps_4q_growth_year": null,
            "roe": null,
            "roe_4q": 0,
            "gross_profit": null,
            "gross_margin": null,
            "gross_margin_4q_avg": 0,
            "net_income": null,
            "net_income_4q": null,
            "revenue": null,
            "revenue_4q": null,
            "common_shares": 174500,
            "book_valuer_per_share": 13.65,
            "book_valuer_per_share_4q_avg": 3.41,
            "equity": 245439,
            "current_ratio": 163.36,
            "debt_ratio": 49.18,
            "inventory_turnover_ratio": null,
            "account_receivable_turnover_ratio": null,
            "reinvestment_rate": null,
            "research_to_sale_ratio": null,
            "price_fair": 0,
            "eps_avg_yearly": 0,
            "eps_latest_yearly": 0,
            "eps_growth_yearly": 0
        },
        "20121": {
            "year_quarter": 20121,
            "year": 2012,
            "quarter": 1,
            "eps": null,
            "eps_growth_year": null,
            "eps_4q": null,
            "eps_4q_growth_year": null,
            "roe": null,
            "roe_4q": 0,
            "gross_profit": null,
            "gross_margin": null,
            "gross_margin_4q_avg": 0,
            "net_income": null,
            "net_income_4q": null,
            "revenue": null,
            "revenue_4q": null,
            "common_shares": null,
            "book_valuer_per_share": null,
            "book_valuer_per_share_4q_avg": 3.41,
            "equity": null,
            "current_ratio": null,
            "debt_ratio": null,
            "inventory_turnover_ratio": null,
            "account_receivable_turnover_ratio": null,
            "reinvestment_rate": null,
            "research_to_sale_ratio": null,
            "price_fair": 0,
            "eps_avg_yearly": 0,
            "eps_latest_yearly": 0,
            "eps_growth_yearly": 0
        },
        "20122": {
            "year_quarter": 20122,
            "year": 2012,
            "quarter": 2,
            "eps": null,
            "eps_growth_year": null,
            "eps_4q": null,
            "eps_4q_growth_year": null,
            "roe": null,
            "roe_4q": 0,
            "gross_profit": null,
            "gross_margin": null,
            "gross_margin_4q_avg": 0,
            "net_income": null,
            "net_income_4q": null,
            "revenue": null,
            "revenue_4q": null,
            "common_shares": 174500,
            "book_valuer_per_share": 13.88,
            "book_valuer_per_share_4q_avg": 6.88,
            "equity": 248973,
            "current_ratio": 151.26,
            "debt_ratio": 58.02,
            "inventory_turnover_ratio": null,
            "account_receivable_turnover_ratio": null,
            "reinvestment_rate": null,
            "research_to_sale_ratio": null,
            "price_fair": 0,
            "eps_avg_yearly": 0,
            "eps_latest_yearly": 0,
            "eps_growth_yearly": 0
        },
        "20123": {
            "year_quarter": 20123,
            "year": 2012,
            "quarter": 3,
            "eps": null,
            "eps_growth_year": null,
            "eps_4q": null,
            "eps_4q_growth_year": null,
            "roe": null,
            "roe_4q": 0,
            "gross_profit": 38125,
            "gross_margin": null,
            "gross_margin_4q_avg": 0,
            "net_income": 6440,
            "net_income_4q": null,
            "revenue": 385333,
            "revenue_4q": null,
            "common_shares": 174500,
            "book_valuer_per_share": null,
            "book_valuer_per_share_4q_avg": 6.88,
            "equity": 255394,
            "current_ratio": null,
            "debt_ratio": null,
            "inventory_turnover_ratio": null,
            "account_receivable_turnover_ratio": null,
            "reinvestment_rate": null,
            "research_to_sale_ratio": null,
            "price_fair": 0,
            "eps_avg_yearly": 0,
            "eps_latest_yearly": 0,
            "eps_growth_yearly": 0
        },
        "20124": {
            "year_quarter": 20124,
            "year": 2012,
            "quarter": 4,
            "eps": null,
            "eps_growth_year": null,
            "eps_4q": null,
            "eps_4q_growth_year": null,
            "roe": null,
            "roe_4q": 0,
            "gross_profit": 46316,
            "gross_margin": null,
            "gross_margin_4q_avg": 0,
            "net_income": 11640,
            "net_income_4q": null,
            "revenue": 318620,
            "revenue_4q": null,
            "common_shares": 184500,
            "book_valuer_per_share": 14.89,
            "book_valuer_per_share_4q_avg": 7.19,
            "equity": 275142,
            "current_ratio": 166.26,
            "debt_ratio": 53.77,
            "inventory_turnover_ratio": null,
            "account_receivable_turnover_ratio": null,
            "reinvestment_rate": null,
            "research_to_sale_ratio": null,
            "price_fair": 0,
            "eps_avg_yearly": 0,
            "eps_latest_yearly": 0,
            "eps_growth_yearly": 0
        },
        "20131": {
            "year_quarter": 20131,
            "year": 2013,
            "quarter": 1,
            "eps": null,
            "eps_growth_year": null,
            "eps_4q": null,
            "eps_4q_growth_year": null,
            "roe": null,
            "roe_4q": 0,
            "gross_profit": 44645,
            "gross_margin": null,
            "gross_margin_4q_avg": 0,
            "net_income": 12137,
            "net_income_4q": null,
            "revenue": 318715,
            "revenue_4q": null,
            "common_shares": 184500,
            "book_valuer_per_share": 15.56,
            "book_valuer_per_share_4q_avg": 11.08,
            "equity": 287284,
            "current_ratio": 190.64,
            "debt_ratio": 49,
            "inventory_turnover_ratio": null,
            "account_receivable_turnover_ratio": null,
            "reinvestment_rate": null,
            "research_to_sale_ratio": null,
            "price_fair": 0,
            "eps_avg_yearly": 0,
            "eps_latest_yearly": 0,
            "eps_growth_yearly": 0
        },
        "20132": {
            "year_quarter": 20132,
            "year": 2013,
            "quarter": 2,
            "eps": 0.72,
            "eps_growth_year": null,
            "eps_4q": 0.72,
            "eps_4q_growth_year": null,
            "roe": 4.64,
            "roe_4q": 4.64,
            "gross_profit": 49392,
            "gross_margin": 12.66,
            "gross_margin_4q_avg": 3.17,
            "net_income": 13383,
            "net_income_4q": null,
            "revenue": 390187,
            "revenue_4q": null,
            "common_shares": 184500,
            "book_valuer_per_share": 15.67,
            "book_valuer_per_share_4q_avg": 11.53,
            "equity": 289173,
            "current_ratio": 154.84,
            "debt_ratio": 56.5,
            "inventory_turnover_ratio": 64.37,
            "account_receivable_turnover_ratio": 9.6,
            "reinvestment_rate": null,
            "research_to_sale_ratio": null,
            "price_fair": 0,
            "eps_avg_yearly": 0,
            "eps_latest_yearly": 0,
            "eps_growth_yearly": 0
        },
        "20133": {
            "year_quarter": 20133,
            "year": 2013,
            "quarter": 3,
            "eps": 0.85,
            "eps_growth_year": null,
            "eps_4q": 1.57,
            "eps_4q_growth_year": null,
            "roe": 5.28,
            "roe_4q": 9.92,
            "gross_profit": 56669,
            "gross_margin": 12.84,
            "gross_margin_4q_avg": 6.38,
            "net_income": 15671,
            "net_income_4q": null,
            "revenue": 441412,
            "revenue_4q": null,
            "common_shares": 184500,
            "book_valuer_per_share": 16.52,
            "book_valuer_per_share_4q_avg": 15.66,
            "equity": 304831,
            "current_ratio": 178.07,
            "debt_ratio": 51.47,
            "inventory_turnover_ratio": 91.84,
            "account_receivable_turnover_ratio": 6.11,
            "reinvestment_rate": null,
            "research_to_sale_ratio": null,
            "price_fair": 119,
            "eps_avg_yearly": 3.4,
            "eps_latest_yearly": 3.4,
            "eps_growth_yearly": 72.22
        },
        "20134": {
            "year_quarter": 20134,
            "year": 2013,
            "quarter": 4,
            "eps": 0.71,
            "eps_growth_year": null,
            "eps_4q": 2.12,
            "eps_4q_growth_year": null,
            "roe": 4.04,
            "roe_4q": 13.96,
            "gross_profit": 51880,
            "gross_margin": 15.28,
            "gross_margin_4q_avg": 10.2,
            "net_income": 14441,
            "net_income_4q": null,
            "revenue": 339600,
            "revenue_4q": null,
            "common_shares": 204500,
            "book_valuer_per_share": 20.01,
            "book_valuer_per_share_4q_avg": 16.94,
            "equity": 409279,
            "current_ratio": 226.54,
            "debt_ratio": 42.56,
            "inventory_turnover_ratio": 55.98,
            "account_receivable_turnover_ratio": 4.91,
            "reinvestment_rate": null,
            "research_to_sale_ratio": null,
            "price_fair": 41.09,
            "eps_avg_yearly": 3.12,
            "eps_latest_yearly": 2.84,
            "eps_growth_yearly": 3.17
        },
        "20141": {
            "year_quarter": 20141,
            "year": 2014,
            "quarter": 1,
            "eps": 0.6,
            "eps_growth_year": null,
            "eps_4q": 2.72,
            "eps_4q_growth_year": null,
            "roe": 2.97,
            "roe_4q": 16.93,
            "gross_profit": 55607,
            "gross_margin": 14.61,
            "gross_margin_4q_avg": 13.85,
            "net_income": 12312,
            "net_income_4q": null,
            "revenue": 380734,
            "revenue_4q": null,
            "common_shares": 204500,
            "book_valuer_per_share": 20.47,
            "book_valuer_per_share_4q_avg": 18.17,
            "equity": 418612,
            "current_ratio": 211.08,
            "debt_ratio": 45.02,
            "inventory_turnover_ratio": 75.37,
            "account_receivable_turnover_ratio": 4.47,
            "reinvestment_rate": null,
            "research_to_sale_ratio": null,
            "price_fair": 8.64,
            "eps_avg_yearly": 2.88,
            "eps_latest_yearly": 2.4,
            "eps_growth_yearly": -18.54
        },
        "20142": {
            "year_quarter": 20142,
            "year": 2014,
            "quarter": 2,
            "eps": 0.38,
            "eps_growth_year": -46.94,
            "eps_4q": 2.3,
            "eps_4q_growth_year": 221.66,
            "roe": 2.05,
            "roe_4q": 14.34,
            "gross_profit": 63544,
            "gross_margin": 13.45,
            "gross_margin_4q_avg": 14.05,
            "net_income": 8453,
            "net_income_4q": null,
            "revenue": 472553,
            "revenue_4q": null,
            "common_shares": 204500,
            "book_valuer_per_share": 19.87,
            "book_valuer_per_share_4q_avg": 19.22,
            "equity": 406405,
            "current_ratio": 185.75,
            "debt_ratio": 49.36,
            "inventory_turnover_ratio": 135.21,
            "account_receivable_turnover_ratio": 5.23,
            "reinvestment_rate": null,
            "research_to_sale_ratio": null,
            "price_fair": 7.62,
            "eps_avg_yearly": 2.54,
            "eps_latest_yearly": 1.52,
            "eps_growth_yearly": -50.57
        },
        "20143": {
            "year_quarter": 20143,
            "year": 2014,
            "quarter": 3,
            "eps": 0.57,
            "eps_growth_year": -32.94,
            "eps_4q": 2.16,
            "eps_4q_growth_year": 38.12,
            "roe": 3.04,
            "roe_4q": 12.100000000000001,
            "gross_profit": 59925,
            "gross_margin": 14.93,
            "gross_margin_4q_avg": 14.57,
            "net_income": 12550,
            "net_income_4q": null,
            "revenue": 401400,
            "revenue_4q": null,
            "common_shares": 220860,
            "book_valuer_per_share": 18.98,
            "book_valuer_per_share_4q_avg": 19.83,
            "equity": 419266,
            "current_ratio": 198.37,
            "debt_ratio": 46.82,
            "inventory_turnover_ratio": 66.88,
            "account_receivable_turnover_ratio": 4.78,
            "reinvestment_rate": null,
            "research_to_sale_ratio": null,
            "price_fair": 7.46,
            "eps_avg_yearly": 2.49,
            "eps_latest_yearly": 2.28,
            "eps_growth_yearly": -0.46
        },
        "20144": {
            "year_quarter": 20144,
            "year": 2014,
            "quarter": 4,
            "eps": 0.52,
            "eps_growth_year": -25.88,
            "eps_4q": 1.8,
            "eps_4q_growth_year": -15.01,
            "roe": 2.74,
            "roe_4q": 10.8,
            "gross_profit": 60030,
            "gross_margin": 17,
            "gross_margin_4q_avg": 15,
            "net_income": 13653,
            "net_income_4q": null,
            "revenue": 353188,
            "revenue_4q": null,
            "common_shares": 260860,
            "book_valuer_per_share": 22.1,
            "book_valuer_per_share_4q_avg": 20.36,
            "equity": 576581,
            "current_ratio": 223.76,
            "debt_ratio": 30.73,
            "inventory_turnover_ratio": 46.8,
            "account_receivable_turnover_ratio": 5.08,
            "reinvestment_rate": null,
            "research_to_sale_ratio": null,
            "price_fair": 7.26,
            "eps_avg_yearly": 2.42,
            "eps_latest_yearly": 2.08,
            "eps_growth_yearly": -6.23
        },
        "20151": {
            "year_quarter": 20151,
            "year": 2015,
            "quarter": 1,
            "eps": 0.28,
            "eps_growth_year": -53.33,
            "eps_4q": 1.61,
            "eps_4q_growth_year": -40.8,
            "roe": 1.27,
            "roe_4q": 9.1,
            "gross_profit": 65276,
            "gross_margin": 15.78,
            "gross_margin_4q_avg": 15.29,
            "net_income": 7360,
            "net_income_4q": null,
            "revenue": 413696,
            "revenue_4q": null,
            "common_shares": 260860,
            "book_valuer_per_share": 22.38,
            "book_valuer_per_share_4q_avg": 20.83,
            "equity": 583767,
            "current_ratio": 206.98,
            "debt_ratio": 33.17,
            "inventory_turnover_ratio": 79,
            "account_receivable_turnover_ratio": 5.96,
            "reinvestment_rate": null,
            "research_to_sale_ratio": null,
            "price_fair": 6.7,
            "eps_avg_yearly": 2.23,
            "eps_latest_yearly": 1.12,
            "eps_growth_yearly": -31.71
        },
        "20152": {
            "year_quarter": 20152,
            "year": 2015,
            "quarter": 2,
            "eps": -0.05,
            "eps_growth_year": -113.16,
            "eps_4q": 1.06,
            "eps_4q_growth_year": -54.09,
            "roe": -0.27,
            "roe_4q": 6.78,
            "gross_profit": 66521,
            "gross_margin": 14.27,
            "gross_margin_4q_avg": 15.5,
            "net_income": -1564,
            "net_income_4q": null,
            "revenue": 466190,
            "revenue_4q": null,
            "common_shares": 260860,
            "book_valuer_per_share": 22.26,
            "book_valuer_per_share_4q_avg": 21.43,
            "equity": 580736,
            "current_ratio": 261.41,
            "debt_ratio": 52.36,
            "inventory_turnover_ratio": 81.12,
            "account_receivable_turnover_ratio": 5.92,
            "reinvestment_rate": null,
            "research_to_sale_ratio": null,
            "price_fair": 6.7,
            "eps_avg_yearly": 2.23,
            "eps_latest_yearly": 1.12,
            "eps_growth_yearly": -31.71
        },
        "20153": {
            "year_quarter": 20153,
            "year": 2015,
            "quarter": 3,
            "eps": -0.34,
            "eps_growth_year": -159.65,
            "eps_4q": 0.3,
            "eps_4q_growth_year": -85.94,
            "roe": -1.78,
            "roe_4q": 1.9600000000000004,
            "gross_profit": 57236,
            "gross_margin": 11.2,
            "gross_margin_4q_avg": 14.56,
            "net_income": -10248,
            "net_income_4q": null,
            "revenue": 511099,
            "revenue_4q": null,
            "common_shares": 302598,
            "book_valuer_per_share": 18.88,
            "book_valuer_per_share_4q_avg": 21.41,
            "equity": 571447,
            "current_ratio": 304.01,
            "debt_ratio": 49.53,
            "inventory_turnover_ratio": 72.51,
            "account_receivable_turnover_ratio": 7.77,
            "reinvestment_rate": null,
            "research_to_sale_ratio": null,
            "price_fair": 6.7,
            "eps_avg_yearly": 2.23,
            "eps_latest_yearly": 1.12,
            "eps_growth_yearly": -31.71
        },
        "20154": {
            "year_quarter": 20154,
            "year": 2015,
            "quarter": 4,
            "eps": -0.16,
            "eps_growth_year": -131.25,
            "eps_4q": -0.31,
            "eps_4q_growth_year": -117.25,
            "roe": -0.87,
            "roe_4q": -1.65,
            "gross_profit": 46065,
            "gross_margin": 12.02,
            "gross_margin_4q_avg": 13.32,
            "net_income": -4949,
            "net_income_4q": null,
            "revenue": 383168,
            "revenue_4q": null,
            "common_shares": 302598,
            "book_valuer_per_share": 18.72,
            "book_valuer_per_share_4q_avg": 20.56,
            "equity": 566413,
            "current_ratio": 327.32,
            "debt_ratio": 48.87,
            "inventory_turnover_ratio": 41.68,
            "account_receivable_turnover_ratio": 7.9,
            "reinvestment_rate": null,
            "research_to_sale_ratio": null,
            "price_fair": 6.7,
            "eps_avg_yearly": 2.23,
            "eps_latest_yearly": 1.12,
            "eps_growth_yearly": -31.71
        },
        "20161": {
            "year_quarter": 20161,
            "year": 2016,
            "quarter": 1,
            "eps": -0.16,
            "eps_growth_year": -157.14,
            "eps_4q": -0.71,
            "eps_4q_growth_year": -144.04,
            "roe": -0.83,
            "roe_4q": -3.75,
            "gross_profit": 60918,
            "gross_margin": 14.1,
            "gross_margin_4q_avg": 12.9,
            "net_income": -4704,
            "net_income_4q": null,
            "revenue": 432053,
            "revenue_4q": null,
            "common_shares": 302598,
            "book_valuer_per_share": 18.54,
            "book_valuer_per_share_4q_avg": 19.6,
            "equity": 562205,
            "current_ratio": 320.76,
            "debt_ratio": 50.13,
            "inventory_turnover_ratio": 36.9,
            "account_receivable_turnover_ratio": 9.44,
            "reinvestment_rate": null,
            "research_to_sale_ratio": null,
            "price_fair": 6.7,
            "eps_avg_yearly": 2.23,
            "eps_latest_yearly": 1.12,
            "eps_growth_yearly": -31.71
        },
        "20162": {
            "year_quarter": 20162,
            "year": 2016,
            "quarter": 2,
            "eps": -0.14,
            "eps_growth_year": null,
            "eps_4q": -0.8,
            "eps_4q_growth_year": -175.44,
            "roe": -0.81,
            "roe_4q": -4.29,
            "gross_profit": 60084,
            "gross_margin": 13.02,
            "gross_margin_4q_avg": 12.59,
            "net_income": -4468,
            "net_income_4q": null,
            "revenue": 461636,
            "revenue_4q": null,
            "common_shares": 302598,
            "book_valuer_per_share": 17.87,
            "book_valuer_per_share_4q_avg": 18.5,
            "equity": 544366,
            "current_ratio": 320.25,
            "debt_ratio": 50.43,
            "inventory_turnover_ratio": 41.48,
            "account_receivable_turnover_ratio": 7.8,
            "reinvestment_rate": -31.56,
            "research_to_sale_ratio": null,
            "price_fair": 6.7,
            "eps_avg_yearly": 2.23,
            "eps_latest_yearly": 1.12,
            "eps_growth_yearly": -31.71
        },
        "20163": {
            "year_quarter": 20163,
            "year": 2016,
            "quarter": 3,
            "eps": -0.4,
            "eps_growth_year": null,
            "eps_4q": -0.86,
            "eps_4q_growth_year": -383.19,
            "roe": -2.27,
            "roe_4q": -4.78,
            "gross_profit": 42467,
            "gross_margin": 10.63,
            "gross_margin_4q_avg": 12.44,
            "net_income": -12194,
            "net_income_4q": null,
            "revenue": 399395,
            "revenue_4q": null,
            "common_shares": 302598,
            "book_valuer_per_share": 17.5,
            "book_valuer_per_share_4q_avg": 18.16,
            "equity": 531469,
            "current_ratio": 154.52,
            "debt_ratio": 47.65,
            "inventory_turnover_ratio": 41.26,
            "account_receivable_turnover_ratio": 5.96,
            "reinvestment_rate": 2.76,
            "research_to_sale_ratio": null,
            "price_fair": 6.7,
            "eps_avg_yearly": 2.23,
            "eps_latest_yearly": 1.12,
            "eps_growth_yearly": -31.71
        },
        "20164": {
            "year_quarter": 20164,
            "year": 2016,
            "quarter": 4,
            "eps": -1.45,
            "eps_growth_year": null,
            "eps_4q": -2.15,
            "eps_4q_growth_year": null,
            "roe": -8.53,
            "roe_4q": -12.44,
            "gross_profit": 34563,
            "gross_margin": 12.44,
            "gross_margin_4q_avg": 12.55,
            "net_income": -43908,
            "net_income_4q": null,
            "revenue": 277833,
            "revenue_4q": null,
            "common_shares": 302598,
            "book_valuer_per_share": 16.05,
            "book_valuer_per_share_4q_avg": 17.49,
            "equity": 498314,
            "current_ratio": 154.49,
            "debt_ratio": 48.11,
            "inventory_turnover_ratio": 31.15,
            "account_receivable_turnover_ratio": 4.42,
            "reinvestment_rate": -177,
            "research_to_sale_ratio": null,
            "price_fair": 6.7,
            "eps_avg_yearly": 2.23,
            "eps_latest_yearly": 1.12,
            "eps_growth_yearly": -31.71
        },
        "20171": {
            "year_quarter": 20171,
            "year": 2017,
            "quarter": 1,
            "eps": 0.17,
            "eps_growth_year": null,
            "eps_4q": -1.82,
            "eps_4q_growth_year": null,
            "roe": 1.07,
            "roe_4q": -10.54,
            "gross_profit": 46750,
            "gross_margin": 16.17,
            "gross_margin_4q_avg": 13.07,
            "net_income": 5355,
            "net_income_4q": null,
            "revenue": 289032,
            "revenue_4q": null,
            "common_shares": 302598,
            "book_valuer_per_share": 16.18,
            "book_valuer_per_share_4q_avg": 16.9,
            "equity": 502249,
            "current_ratio": 147.55,
            "debt_ratio": 49.45,
            "inventory_turnover_ratio": 34.31,
            "account_receivable_turnover_ratio": 4.86,
            "reinvestment_rate": -5.01,
            "research_to_sale_ratio": null,
            "price_fair": 6.7,
            "eps_avg_yearly": 2.23,
            "eps_latest_yearly": 1.12,
            "eps_growth_yearly": -31.71
        },
        "20172": {
            "year_quarter": 20172,
            "year": 2017,
            "quarter": 2,
            "eps": -0.09,
            "eps_growth_year": null,
            "eps_4q": -1.77,
            "eps_4q_growth_year": null,
            "roe": -0.58,
            "roe_4q": -10.309999999999999,
            "gross_profit": 47973,
            "gross_margin": 12.46,
            "gross_margin_4q_avg": 12.93,
            "net_income": -2895,
            "net_income_4q": null,
            "revenue": 385055,
            "revenue_4q": null,
            "common_shares": 302598,
            "book_valuer_per_share": 16.09,
            "book_valuer_per_share_4q_avg": 16.46,
            "equity": 499364,
            "current_ratio": 226.12,
            "debt_ratio": 45.08,
            "inventory_turnover_ratio": 47.47,
            "account_receivable_turnover_ratio": 6.13,
            "reinvestment_rate": -19.5,
            "research_to_sale_ratio": null,
            "price_fair": 6.7,
            "eps_avg_yearly": 2.23,
            "eps_latest_yearly": 1.12,
            "eps_growth_yearly": -31.71
        },
        "20173": {
            "year_quarter": 20173,
            "year": 2017,
            "quarter": 3,
            "eps": -0.6,
            "eps_growth_year": null,
            "eps_4q": -1.97,
            "eps_4q_growth_year": null,
            "roe": -3.76,
            "roe_4q": -11.799999999999999,
            "gross_profit": 41641,
            "gross_margin": 13.19,
            "gross_margin_4q_avg": 13.57,
            "net_income": -18421,
            "net_income_4q": null,
            "revenue": 315602,
            "revenue_4q": null,
            "common_shares": 302598,
            "book_valuer_per_share": 15.49,
            "book_valuer_per_share_4q_avg": 15.95,
            "equity": 480769,
            "current_ratio": 281.4,
            "debt_ratio": 38.37,
            "inventory_turnover_ratio": 36.9,
            "account_receivable_turnover_ratio": 6.79,
            "reinvestment_rate": null,
            "research_to_sale_ratio": null,
            "price_fair": 6.12,
            "eps_avg_yearly": 2.04,
            "eps_latest_yearly": 1.12,
            "eps_growth_yearly": -49.04
        },
        "20174": {
            "year_quarter": 20174,
            "year": 2017,
            "quarter": 4,
            "eps": -2.07,
            "eps_growth_year": null,
            "eps_4q": -2.59,
            "eps_4q_growth_year": null,
            "roe": -14.23,
            "roe_4q": -17.5,
            "gross_profit": 18860,
            "gross_margin": 7.81,
            "gross_margin_4q_avg": 12.41,
            "net_income": -63864,
            "net_income_4q": null,
            "revenue": 241418,
            "revenue_4q": null,
            "common_shares": 302598,
            "book_valuer_per_share": 13.41,
            "book_valuer_per_share_4q_avg": 15.29,
            "equity": 416584,
            "current_ratio": 251.88,
            "debt_ratio": 39.76,
            "inventory_turnover_ratio": 32.09,
            "account_receivable_turnover_ratio": 7.74,
            "reinvestment_rate": null,
            "research_to_sale_ratio": null,
            "price_fair": 5.64,
            "eps_avg_yearly": 1.88,
            "eps_latest_yearly": 1.12,
            "eps_growth_yearly": -45.67
        },
        "20181": {
            "year_quarter": 20181,
            "year": 2018,
            "quarter": 1,
            "eps": 0.07,
            "eps_growth_year": -58.82,
            "eps_4q": -2.7,
            "eps_4q_growth_year": null,
            "roe": 0.36,
            "roe_4q": -18.21,
            "gross_profit": 44033,
            "gross_margin": 17.62,
            "gross_margin_4q_avg": 12.77,
            "net_income": 1495,
            "net_income_4q": null,
            "revenue": 249918,
            "revenue_4q": null,
            "common_shares": 302598,
            "book_valuer_per_share": 13.48,
            "book_valuer_per_share_4q_avg": 14.62,
            "equity": 418203,
            "current_ratio": 221,
            "debt_ratio": 42.43,
            "inventory_turnover_ratio": 25.56,
            "account_receivable_turnover_ratio": 7.12,
            "reinvestment_rate": null,
            "research_to_sale_ratio": null,
            "price_fair": 5.25,
            "eps_avg_yearly": 1.75,
            "eps_latest_yearly": 1.12,
            "eps_growth_yearly": -41.59
        },
        "20182": {
            "year_quarter": 20182,
            "year": 2018,
            "quarter": 2,
            "eps": -0.52,
            "eps_growth_year": null,
            "eps_4q": -3.12,
            "eps_4q_growth_year": null,
            "roe": -4.06,
            "roe_4q": -21.689999999999998,
            "gross_profit": 40668,
            "gross_margin": 15.62,
            "gross_margin_4q_avg": 13.56,
            "net_income": -16678,
            "net_income_4q": null,
            "revenue": 260428,
            "revenue_4q": null,
            "common_shares": 302598,
            "book_valuer_per_share": 13.04,
            "book_valuer_per_share_4q_avg": 13.86,
            "equity": 403583,
            "current_ratio": 204.33,
            "debt_ratio": 46.39,
            "inventory_turnover_ratio": 16.46,
            "account_receivable_turnover_ratio": 7.93,
            "reinvestment_rate": null,
            "research_to_sale_ratio": null,
            "price_fair": 5.48,
            "eps_avg_yearly": 1.83,
            "eps_latest_yearly": 1.12,
            "eps_growth_yearly": -6.57
        },
        "20183": {
            "year_quarter": 20183,
            "year": 2018,
            "quarter": 3,
            "eps": -1.01,
            "eps_growth_year": null,
            "eps_4q": -3.53,
            "eps_4q_growth_year": null,
            "roe": -8.1,
            "roe_4q": -26.03,
            "gross_profit": 36663,
            "gross_margin": 16.78,
            "gross_margin_4q_avg": 14.46,
            "net_income": -31441,
            "net_income_4q": null,
            "revenue": 218430,
            "revenue_4q": null,
            "common_shares": 302598,
            "book_valuer_per_share": 12.04,
            "book_valuer_per_share_4q_avg": 12.99,
            "equity": 372306,
            "current_ratio": 208.01,
            "debt_ratio": 44.13,
            "inventory_turnover_ratio": 10.78,
            "account_receivable_turnover_ratio": 6.61,
            "reinvestment_rate": null,
            "research_to_sale_ratio": null,
            "price_fair": 4.8,
            "eps_avg_yearly": 1.6,
            "eps_latest_yearly": 1.12,
            "eps_growth_yearly": -109.85
        },
        "20184": {
            "year_quarter": 20184,
            "year": 2018,
            "quarter": 4,
            "eps": -1.29,
            "eps_growth_year": null,
            "eps_4q": -2.75,
            "eps_4q_growth_year": null,
            "roe": -11.37,
            "roe_4q": -23.169999999999998,
            "gross_profit": 40685,
            "gross_margin": 17.47,
            "gross_margin_4q_avg": 16.87,
            "net_income": -40068,
            "net_income_4q": null,
            "revenue": 232893,
            "revenue_4q": null,
            "common_shares": 302598,
            "book_valuer_per_share": 10.74,
            "book_valuer_per_share_4q_avg": 12.33,
            "equity": 332259,
            "current_ratio": 175.82,
            "debt_ratio": 49.44,
            "inventory_turnover_ratio": 11.18,
            "account_receivable_turnover_ratio": 6.15,
            "reinvestment_rate": null,
            "research_to_sale_ratio": null,
            "price_fair": 3.36,
            "eps_avg_yearly": 1.12,
            "eps_latest_yearly": 1.12,
            "eps_growth_yearly": -184.62
        },
        "20191": {
            "year_quarter": 20191,
            "year": 2019,
            "quarter": 1,
            "eps": 0.1,
            "eps_growth_year": 42.86,
            "eps_4q": -2.72,
            "eps_4q_growth_year": null,
            "roe": 0.65,
            "roe_4q": -22.88,
            "gross_profit": 47535,
            "gross_margin": 22.98,
            "gross_margin_4q_avg": 18.21,
            "net_income": 2170,
            "net_income_4q": null,
            "revenue": 206870,
            "revenue_4q": null,
            "common_shares": 302598,
            "book_valuer_per_share": 10.84,
            "book_valuer_per_share_4q_avg": 11.67,
            "equity": 334371,
            "current_ratio": 173.91,
            "debt_ratio": 48.73,
            "inventory_turnover_ratio": 9.21,
            "account_receivable_turnover_ratio": 4.47,
            "reinvestment_rate": null,
            "research_to_sale_ratio": null,
            "price_fair": 0,
            "eps_avg_yearly": 0,
            "eps_latest_yearly": 0,
            "eps_growth_yearly": 0
        },
        "20192": {
            "year_quarter": 20192,
            "year": 2019,
            "quarter": 2,
            "eps": -0.33,
            "eps_growth_year": null,
            "eps_4q": -2.54,
            "eps_4q_growth_year": null,
            "roe": -3.4,
            "roe_4q": -22.22,
            "gross_profit": 44221,
            "gross_margin": 16.16,
            "gross_margin_4q_avg": 18.35,
            "net_income": -11150,
            "net_income_4q": null,
            "revenue": 273682,
            "revenue_4q": null,
            "common_shares": 302598,
            "book_valuer_per_share": 10.46,
            "book_valuer_per_share_4q_avg": 11.02,
            "equity": 321696,
            "current_ratio": 128.45,
            "debt_ratio": 49.71,
            "inventory_turnover_ratio": 10.12,
            "account_receivable_turnover_ratio": 4.98,
            "reinvestment_rate": null,
            "research_to_sale_ratio": null,
            "price_fair": 0,
            "eps_avg_yearly": 0,
            "eps_latest_yearly": 0,
            "eps_growth_yearly": 0
        },
        "20193": {
            "year_quarter": 20193,
            "year": 2019,
            "quarter": 3,
            "eps": -0.61,
            "eps_growth_year": null,
            "eps_4q": -2.14,
            "eps_4q_growth_year": null,
            "roe": -6.31,
            "roe_4q": -20.43,
            "gross_profit": 43811,
            "gross_margin": 18.61,
            "gross_margin_4q_avg": 18.81,
            "net_income": -19669,
            "net_income_4q": null,
            "revenue": 235393,
            "revenue_4q": null,
            "common_shares": 302598,
            "book_valuer_per_share": 9.84,
            "book_valuer_per_share_4q_avg": 10.47,
            "equity": 301887,
            "current_ratio": 154.64,
            "debt_ratio": 49.63,
            "inventory_turnover_ratio": 6.78,
            "account_receivable_turnover_ratio": 4.55,
            "reinvestment_rate": null,
            "research_to_sale_ratio": null,
            "price_fair": 0,
            "eps_avg_yearly": 0,
            "eps_latest_yearly": 0,
            "eps_growth_yearly": 0
        },
        "20194": {
            "year_quarter": 20194,
            "year": 2019,
            "quarter": 4,
            "eps": -0.53,
            "eps_growth_year": null,
            "eps_4q": -1.38,
            "eps_4q_growth_year": null,
            "roe": -6,
            "roe_4q": -15.059999999999999,
            "gross_profit": 52811,
            "gross_margin": 20.53,
            "gross_margin_4q_avg": 19.57,
            "net_income": -17417,
            "net_income_4q": null,
            "revenue": 257231,
            "revenue_4q": null,
            "common_shares": 302598,
            "book_valuer_per_share": 9.19,
            "book_valuer_per_share_4q_avg": 10.08,
            "equity": 279114,
            "current_ratio": 155.25,
            "debt_ratio": 47.88,
            "inventory_turnover_ratio": 6.78,
            "account_receivable_turnover_ratio": 6.86,
            "reinvestment_rate": null,
            "research_to_sale_ratio": null,
            "price_fair": 0,
            "eps_avg_yearly": 0,
            "eps_latest_yearly": 0,
            "eps_growth_yearly": 0
        },
        "20201": {
            "year_quarter": 20201,
            "year": 2020,
            "quarter": 1,
            "eps": -0.96,
            "eps_growth_year": -1060,
            "eps_4q": -2.43,
            "eps_4q_growth_year": null,
            "roe": -11.22,
            "roe_4q": -26.929999999999996,
            "gross_profit": 19636,
            "gross_margin": 16.4,
            "gross_margin_4q_avg": 17.93,
            "net_income": -29635,
            "net_income_4q": null,
            "revenue": 119709,
            "revenue_4q": null,
            "common_shares": 302598,
            "book_valuer_per_share": 8.22,
            "book_valuer_per_share_4q_avg": 9.43,
            "equity": 249290,
            "current_ratio": 137.6,
            "debt_ratio": 50.53,
            "inventory_turnover_ratio": 3.27,
            "account_receivable_turnover_ratio": 6.34,
            "reinvestment_rate": null,
            "research_to_sale_ratio": null,
            "price_fair": 0,
            "eps_avg_yearly": 0,
            "eps_latest_yearly": 0,
            "eps_growth_yearly": 0
        },
        "20202": {
            "year_quarter": 20202,
            "year": 2020,
            "quarter": 2,
            "eps": -0.88,
            "eps_growth_year": null,
            "eps_4q": -2.98,
            "eps_4q_growth_year": null,
            "roe": -11.53,
            "roe_4q": -35.06,
            "gross_profit": 12323,
            "gross_margin": 21.73,
            "gross_margin_4q_avg": 19.32,
            "net_income": -27170,
            "net_income_4q": null,
            "revenue": 56719,
            "revenue_4q": null,
            "common_shares": 302598,
            "book_valuer_per_share": 7.34,
            "book_valuer_per_share_4q_avg": 8.65,
            "equity": 221903,
            "current_ratio": 117.78,
            "debt_ratio": 55.38,
            "inventory_turnover_ratio": 1.5,
            "account_receivable_turnover_ratio": 4.63,
            "reinvestment_rate": null,
            "research_to_sale_ratio": null,
            "price_fair": 0,
            "eps_avg_yearly": 0,
            "eps_latest_yearly": 0,
            "eps_growth_yearly": 0
        },
        "20203": {
            "year_quarter": 20203,
            "year": 2020,
            "quarter": 3,
            "eps": -0.46,
            "eps_growth_year": null,
            "eps_4q": -2.82,
            "eps_4q_growth_year": null,
            "roe": -6.67,
            "roe_4q": -35.42,
            "gross_profit": 23693,
            "gross_margin": 17.64,
            "gross_margin_4q_avg": 19.08,
            "net_income": -14308,
            "net_income_4q": null,
            "revenue": 134329,
            "revenue_4q": null,
            "common_shares": 302598,
            "book_valuer_per_share": 6.88,
            "book_valuer_per_share_4q_avg": 7.91,
            "equity": 207433,
            "current_ratio": 202.26,
            "debt_ratio": 57.68,
            "inventory_turnover_ratio": 3.57,
            "account_receivable_turnover_ratio": 7.83,
            "reinvestment_rate": null,
            "research_to_sale_ratio": null,
            "price_fair": 0,
            "eps_avg_yearly": 0,
            "eps_latest_yearly": 0,
            "eps_growth_yearly": 0
        },
        "20204": {
            "year_quarter": 20204,
            "year": 2020,
            "quarter": 4,
            "eps": -0.22,
            "eps_growth_year": null,
            "eps_4q": -2.51,
            "eps_4q_growth_year": null,
            "roe": -3.54,
            "roe_4q": -32.96,
            "gross_profit": 6854,
            "gross_margin": 6.01,
            "gross_margin_4q_avg": 15.45,
            "net_income": -7205,
            "net_income_4q": null,
            "revenue": 114062,
            "revenue_4q": null,
            "common_shares": 302598,
            "book_valuer_per_share": 6.64,
            "book_valuer_per_share_4q_avg": 7.27,
            "equity": 199667,
            "current_ratio": 249.08,
            "debt_ratio": 57.95,
            "inventory_turnover_ratio": 3.74,
            "account_receivable_turnover_ratio": 6.42,
            "reinvestment_rate": null,
            "research_to_sale_ratio": null,
            "price_fair": 0,
            "eps_avg_yearly": 0,
            "eps_latest_yearly": 0,
            "eps_growth_yearly": 0
        },
        "20211": {
            "year_quarter": 20211,
            "year": 2021,
            "quarter": 1,
            "eps": -0.48,
            "eps_growth_year": null,
            "eps_4q": -2.04,
            "eps_4q_growth_year": null,
            "roe": -7.66,
            "roe_4q": -29.4,
            "gross_profit": 10069,
            "gross_margin": 16.62,
            "gross_margin_4q_avg": 15.5,
            "net_income": -14735,
            "net_income_4q": null,
            "revenue": 60592,
            "revenue_4q": null,
            "common_shares": 302598,
            "book_valuer_per_share": 6.16,
            "book_valuer_per_share_4q_avg": 6.76,
            "equity": 184970,
            "current_ratio": 221.83,
            "debt_ratio": 60.22,
            "inventory_turnover_ratio": 1.65,
            "account_receivable_turnover_ratio": 2.98,
            "reinvestment_rate": null,
            "research_to_sale_ratio": null,
            "price_fair": 0,
            "eps_avg_yearly": 0,
            "eps_latest_yearly": 0,
            "eps_growth_yearly": 0
        },
        "20212": {
            "year_quarter": 20212,
            "year": 2021,
            "quarter": 2,
            "eps": -0.28,
            "eps_growth_year": null,
            "eps_4q": -1.44,
            "eps_4q_growth_year": null,
            "roe": -4.39,
            "roe_4q": -22.259999999999998,
            "gross_profit": 14695,
            "gross_margin": 25.36,
            "gross_margin_4q_avg": 16.41,
            "net_income": -8468,
            "net_income_4q": null,
            "revenue": 57957,
            "revenue_4q": null,
            "common_shares": 302598,
            "book_valuer_per_share": 6.14,
            "book_valuer_per_share_4q_avg": 6.46,
            "equity": 200908,
            "current_ratio": 219.68,
            "debt_ratio": 58.15,
            "inventory_turnover_ratio": 1.16,
            "account_receivable_turnover_ratio": 2.78,
            "reinvestment_rate": null,
            "research_to_sale_ratio": null,
            "price_fair": 0,
            "eps_avg_yearly": 0,
            "eps_latest_yearly": 0,
            "eps_growth_yearly": 0
        },
        "20213": {
            "year_quarter": 20213,
            "year": 2021,
            "quarter": 3,
            "eps": -0.58,
            "eps_growth_year": null,
            "eps_4q": -1.57,
            "eps_4q_growth_year": null,
            "roe": -10.81,
            "roe_4q": -26.4,
            "gross_profit": 7279,
            "gross_margin": 31.01,
            "gross_margin_4q_avg": 19.75,
            "net_income": -20573,
            "net_income_4q": null,
            "revenue": 23474,
            "revenue_4q": null,
            "common_shares": 302598,
            "book_valuer_per_share": 5.54,
            "book_valuer_per_share_4q_avg": 6.12,
            "equity": 179893,
            "current_ratio": 331.1,
            "debt_ratio": 58.75,
            "inventory_turnover_ratio": 0.44,
            "account_receivable_turnover_ratio": 1.87,
            "reinvestment_rate": null,
            "research_to_sale_ratio": null,
            "price_fair": 0,
            "eps_avg_yearly": 0,
            "eps_latest_yearly": 0,
            "eps_growth_yearly": 0
        },
        "20214": {
            "year_quarter": 20214,
            "year": 2021,
            "quarter": 4,
            "eps": -0.83,
            "eps_growth_year": null,
            "eps_4q": -1.93,
            "eps_4q_growth_year": null,
            "roe": -15.44,
            "roe_4q": -38.3,
            "gross_profit": 7978,
            "gross_margin": 14.19,
            "gross_margin_4q_avg": 21.8,
            "net_income": -33320,
            "net_income_4q": null,
            "revenue": 56240,
            "revenue_4q": null,
            "common_shares": 372598,
            "book_valuer_per_share": 6.34,
            "book_valuer_per_share_4q_avg": 6.05,
            "equity": 251852,
            "current_ratio": 370.71,
            "debt_ratio": 53.99,
            "inventory_turnover_ratio": 1.4,
            "account_receivable_turnover_ratio": 8.84,
            "reinvestment_rate": null,
            "research_to_sale_ratio": null,
            "price_fair": 0,
            "eps_avg_yearly": 0,
            "eps_latest_yearly": 0,
            "eps_growth_yearly": 0
        },
        "20221": {
            "year_quarter": 20221,
            "year": 2022,
            "quarter": 1,
            "eps": -0.55,
            "eps_growth_year": null,
            "eps_4q": -2.09,
            "eps_4q_growth_year": null,
            "roe": -8.6,
            "roe_4q": -39.24,
            "gross_profit": 11266,
            "gross_margin": 28.34,
            "gross_margin_4q_avg": 24.73,
            "net_income": -20781,
            "net_income_4q": null,
            "revenue": 39753,
            "revenue_4q": null,
            "common_shares": 372598,
            "book_valuer_per_share": 5.8,
            "book_valuer_per_share_4q_avg": 5.96,
            "equity": 231223,
            "current_ratio": 244.34,
            "debt_ratio": 59.85,
            "inventory_turnover_ratio": 0.82,
            "account_receivable_turnover_ratio": 7.22,
            "reinvestment_rate": null,
            "research_to_sale_ratio": null,
            "price_fair": 0,
            "eps_avg_yearly": 0,
            "eps_latest_yearly": 0,
            "eps_growth_yearly": 0
        },
        "20222": {
            "year_quarter": 20222,
            "year": 2022,
            "quarter": 2,
            "eps": 0.09,
            "eps_growth_year": null,
            "eps_4q": -1.77,
            "eps_4q_growth_year": null,
            "roe": 0.94,
            "roe_4q": -33.910000000000004,
            "gross_profit": 29444,
            "gross_margin": 26.11,
            "gross_margin_4q_avg": 24.91,
            "net_income": 2194,
            "net_income_4q": null,
            "revenue": 112754,
            "revenue_4q": null,
            "common_shares": 372598,
            "book_valuer_per_share": 5.88,
            "book_valuer_per_share_4q_avg": 5.89,
            "equity": 233294,
            "current_ratio": 215.68,
            "debt_ratio": 61.18,
            "inventory_turnover_ratio": 2.55,
            "account_receivable_turnover_ratio": 15.63,
            "reinvestment_rate": null,
            "research_to_sale_ratio": null,
            "price_fair": 0,
            "eps_avg_yearly": 0,
            "eps_latest_yearly": 0,
            "eps_growth_yearly": 0
        },
        "20223": {
            "year_quarter": 20223,
            "year": 2022,
            "quarter": 3,
            "eps": -0.04,
            "eps_growth_year": null,
            "eps_4q": -1.34,
            "eps_4q_growth_year": null,
            "roe": -0.4,
            "roe_4q": -23.5,
            "gross_profit": 32546,
            "gross_margin": 25.01,
            "gross_margin_4q_avg": 23.41,
            "net_income": -997,
            "net_income_4q": null,
            "revenue": 130137,
            "revenue_4q": null,
            "common_shares": 372598,
            "book_valuer_per_share": 5.91,
            "book_valuer_per_share_4q_avg": 5.98,
            "equity": 267112,
            "current_ratio": 326.89,
            "debt_ratio": 55.67,
            "inventory_turnover_ratio": 2.91,
            "account_receivable_turnover_ratio": 12.86,
            "reinvestment_rate": null,
            "research_to_sale_ratio": null,
            "price_fair": 0,
            "eps_avg_yearly": 0,
            "eps_latest_yearly": 0,
            "eps_growth_yearly": 0
        },
        "20224": {
            "year_quarter": 20224,
            "year": 2022,
            "quarter": 4,
            "eps": -0.68,
            "eps_growth_year": null,
            "eps_4q": -1.12,
            "eps_4q_growth_year": null,
            "roe": -10.09,
            "roe_4q": -18.15,
            "gross_profit": 24433,
            "gross_margin": 15.98,
            "gross_margin_4q_avg": 23.86,
            "net_income": -30393,
            "net_income_4q": null,
            "revenue": 152914,
            "revenue_4q": null,
            "common_shares": 422598,
            "book_valuer_per_share": 6.86,
            "book_valuer_per_share_4q_avg": 6.11,
            "equity": 335136,
            "current_ratio": 239.54,
            "debt_ratio": 56.84,
            "inventory_turnover_ratio": 3.31,
            "account_receivable_turnover_ratio": 6.02,
            "reinvestment_rate": null,
            "research_to_sale_ratio": null,
            "price_fair": 0,
            "eps_avg_yearly": 0,
            "eps_latest_yearly": 0,
            "eps_growth_yearly": 0
        },
        "20231": {
            "year_quarter": 20231,
            "year": 2023,
            "quarter": 1,
            "eps": 0.12,
            "eps_growth_year": null,
            "eps_4q": -0.52,
            "eps_4q_growth_year": null,
            "roe": 1.64,
            "roe_4q": -7.91,
            "gross_profit": 49015,
            "gross_margin": 13.58,
            "gross_margin_4q_avg": 20.17,
            "net_income": 5529,
            "net_income_4q": null,
            "revenue": 361056,
            "revenue_4q": null,
            "common_shares": 422598,
            "book_valuer_per_share": 6.98,
            "book_valuer_per_share_4q_avg": 6.41,
            "equity": 340625,
            "current_ratio": 184.46,
            "debt_ratio": 63.26,
            "inventory_turnover_ratio": 6.24,
            "account_receivable_turnover_ratio": 6.38,
            "reinvestment_rate": null,
            "research_to_sale_ratio": null,
            "price_fair": 0,
            "eps_avg_yearly": 0,
            "eps_latest_yearly": 0,
            "eps_growth_yearly": 0
        },
        "20232": {
            "year_quarter": 20232,
            "year": 2023,
            "quarter": 2,
            "eps": 0.53,
            "eps_growth_year": 488.89,
            "eps_4q": -0.07,
            "eps_4q_growth_year": null,
            "roe": 6.04,
            "roe_4q": -2.81,
            "gross_profit": 86489,
            "gross_margin": 15.16,
            "gross_margin_4q_avg": 17.43,
            "net_income": 22895,
            "net_income_4q": null,
            "revenue": 570476,
            "revenue_4q": null,
            "common_shares": 422598,
            "book_valuer_per_share": 7.7,
            "book_valuer_per_share_4q_avg": 6.86,
            "equity": 416980,
            "current_ratio": 161.83,
            "debt_ratio": 65.46,
            "inventory_turnover_ratio": 6.87,
            "account_receivable_turnover_ratio": 6.33,
            "reinvestment_rate": null,
            "research_to_sale_ratio": null,
            "price_fair": 74.2,
            "eps_avg_yearly": 2.12,
            "eps_latest_yearly": 2.12,
            "eps_growth_yearly": 1366.67
        },
        "20233": {
            "year_quarter": 20233,
            "year": 2023,
            "quarter": 3,
            "eps": 0.18,
            "eps_growth_year": null,
            "eps_4q": 0.14,
            "eps_4q_growth_year": null,
            "roe": 2.62,
            "roe_4q": 0.21000000000000085,
            "gross_profit": 93740,
            "gross_margin": 14.62,
            "gross_margin_4q_avg": 14.84,
            "net_income": 11070,
            "net_income_4q": null,
            "revenue": 641302,
            "revenue_4q": null,
            "common_shares": 422598,
            "book_valuer_per_share": 7.88,
            "book_valuer_per_share_4q_avg": 7.36,
            "equity": 428217,
            "current_ratio": 171.79,
            "debt_ratio": 63.33,
            "inventory_turnover_ratio": 6.52,
            "account_receivable_turnover_ratio": 6.26,
            "reinvestment_rate": null,
            "research_to_sale_ratio": null,
            "price_fair": 49.7,
            "eps_avg_yearly": 1.42,
            "eps_latest_yearly": 0.72,
            "eps_growth_yearly": 551.26
        },
        "20234": {
            "year_quarter": 20234,
            "year": 2023,
            "quarter": 4,
            "eps": -0.25,
            "eps_growth_year": null,
            "eps_4q": 0.56,
            "eps_4q_growth_year": null,
            "roe": -2.36,
            "roe_4q": 7.94,
            "gross_profit": 71297,
            "gross_margin": 12.38,
            "gross_margin_4q_avg": 13.94,
            "net_income": -9985,
            "net_income_4q": null,
            "revenue": 575958,
            "revenue_4q": null,
            "common_shares": 422598,
            "book_valuer_per_share": 7.62,
            "book_valuer_per_share_4q_avg": 7.55,
            "equity": 418002,
            "current_ratio": 167.25,
            "debt_ratio": 64.09,
            "inventory_turnover_ratio": 5.47,
            "account_receivable_turnover_ratio": 5.98,
            "reinvestment_rate": null,
            "research_to_sale_ratio": null,
            "price_fair": 49.7,
            "eps_avg_yearly": 1.42,
            "eps_latest_yearly": 0.72,
            "eps_growth_yearly": 551.26
        }
    },
    "months": {
        "2013-02": {
            "month": "2013-02",
            "price": "43.18",
            "revenue": 135673
        },
        "2013-03": {
            "month": "2013-03",
            "price": "41.07",
            "revenue": 90996
        },
        "2013-04": {
            "month": "2013-04",
            "price": "33.72",
            "revenue": 141471
        },
        "2013-05": {
            "month": "2013-05",
            "price": "34.30",
            "revenue": 110823
        },
        "2013-06": {
            "month": "2013-06",
            "price": "36.14",
            "revenue": 138184
        },
        "2013-07": {
            "month": "2013-07",
            "price": "41.39",
            "revenue": 168482
        },
        "2013-08": {
            "month": "2013-08",
            "price": "57.20",
            "revenue": 135110
        },
        "2013-09": {
            "month": "2013-09",
            "price": "56.78",
            "revenue": 139706
        },
        "2013-10": {
            "month": "2013-10",
            "price": "54.20",
            "revenue": 121634
        },
        "2013-11": {
            "month": "2013-11",
            "price": "53.69",
            "revenue": 113698
        },
        "2013-12": {
            "month": "2013-12",
            "price": "83.25",
            "revenue": 104647
        },
        "2014-01": {
            "month": "2014-01",
            "price": "70.94",
            "revenue": 102494
        },
        "2014-02": {
            "month": "2014-02",
            "price": "65.54",
            "revenue": 143787
        },
        "2014-03": {
            "month": "2014-03",
            "price": "71.01",
            "revenue": 134452
        },
        "2014-04": {
            "month": "2014-04",
            "price": "66.03",
            "revenue": 153985
        },
        "2014-05": {
            "month": "2014-05",
            "price": "61.02",
            "revenue": 151702
        },
        "2014-06": {
            "month": "2014-06",
            "price": "62.90",
            "revenue": 166866
        },
        "2014-07": {
            "month": "2014-07",
            "price": "59.04",
            "revenue": 160654
        },
        "2014-08": {
            "month": "2014-08",
            "price": "49.90",
            "revenue": 131934
        },
        "2014-09": {
            "month": "2014-09",
            "price": "41.42",
            "revenue": 108812
        },
        "2014-10": {
            "month": "2014-10",
            "price": "37.14",
            "revenue": 135757
        },
        "2014-11": {
            "month": "2014-11",
            "price": "37.85",
            "revenue": 99513
        },
        "2014-12": {
            "month": "2014-12",
            "price": "41.86",
            "revenue": 115703
        },
        "2015-01": {
            "month": "2015-01",
            "price": "41.78",
            "revenue": 121350
        },
        "2015-02": {
            "month": "2015-02",
            "price": "41.08",
            "revenue": 142409
        },
        "2015-03": {
            "month": "2015-03",
            "price": "37.85",
            "revenue": 149935
        },
        "2015-04": {
            "month": "2015-04",
            "price": "37.97",
            "revenue": 151385
        },
        "2015-05": {
            "month": "2015-05",
            "price": "38.90",
            "revenue": 150047
        },
        "2015-06": {
            "month": "2015-06",
            "price": "35.46",
            "revenue": 164744
        },
        "2015-07": {
            "month": "2015-07",
            "price": "34.86",
            "revenue": 178640
        },
        "2015-08": {
            "month": "2015-08",
            "price": "31.54",
            "revenue": 174603
        },
        "2015-09": {
            "month": "2015-09",
            "price": "27.66",
            "revenue": 157874
        },
        "2015-10": {
            "month": "2015-10",
            "price": "27.79",
            "revenue": 150063
        },
        "2015-11": {
            "month": "2015-11",
            "price": "27.30",
            "revenue": 126742
        },
        "2015-12": {
            "month": "2015-12",
            "price": "24.18",
            "revenue": 106330
        },
        "2016-01": {
            "month": "2016-01",
            "price": "21.11",
            "revenue": 119609
        },
        "2016-02": {
            "month": "2016-02",
            "price": "21.13",
            "revenue": 169668
        },
        "2016-03": {
            "month": "2016-03",
            "price": "22.30",
            "revenue": 142073
        },
        "2016-04": {
            "month": "2016-04",
            "price": "22.13",
            "revenue": 147060
        },
        "2016-05": {
            "month": "2016-05",
            "price": "19.72",
            "revenue": 151461
        },
        "2016-06": {
            "month": "2016-06",
            "price": "17.95",
            "revenue": 163310
        },
        "2016-07": {
            "month": "2016-07",
            "price": "19.88",
            "revenue": 144073
        },
        "2016-08": {
            "month": "2016-08",
            "price": "20.46",
            "revenue": 132955
        },
        "2016-09": {
            "month": "2016-09",
            "price": "19.47",
            "revenue": 121273
        },
        "2016-10": {
            "month": "2016-10",
            "price": "18.47",
            "revenue": 127238
        },
        "2016-11": {
            "month": "2016-11",
            "price": "16.64",
            "revenue": 76510
        },
        "2016-12": {
            "month": "2016-12",
            "price": "16.58",
            "revenue": 81692
        },
        "2017-01": {
            "month": "2017-01",
            "price": "16.40",
            "revenue": 74853
        },
        "2017-02": {
            "month": "2017-02",
            "price": "16.44",
            "revenue": 111266
        },
        "2017-03": {
            "month": "2017-03",
            "price": "16.32",
            "revenue": 102929
        },
        "2017-04": {
            "month": "2017-04",
            "price": "13.94",
            "revenue": 122288
        },
        "2017-05": {
            "month": "2017-05",
            "price": "13.91",
            "revenue": 141180
        },
        "2017-06": {
            "month": "2017-06",
            "price": "15.29",
            "revenue": 122544
        },
        "2017-07": {
            "month": "2017-07",
            "price": "23.45",
            "revenue": 123353
        },
        "2017-08": {
            "month": "2017-08",
            "price": "25.40",
            "revenue": 117215
        },
        "2017-09": {
            "month": "2017-09",
            "price": "26.35",
            "revenue": 74618
        },
        "2017-10": {
            "month": "2017-10",
            "price": "22.67",
            "revenue": 95057
        },
        "2017-11": {
            "month": "2017-11",
            "price": "20.93",
            "revenue": 80382
        },
        "2017-12": {
            "month": "2017-12",
            "price": "19.07",
            "revenue": 65940
        },
        "2018-01": {
            "month": "2018-01",
            "price": "18.07",
            "revenue": 80037
        },
        "2018-02": {
            "month": "2018-02",
            "price": "15.80",
            "revenue": 85393
        },
        "2018-03": {
            "month": "2018-03",
            "price": "16.43",
            "revenue": 84852
        },
        "2018-04": {
            "month": "2018-04",
            "price": "17.43",
            "revenue": 92315
        },
        "2018-05": {
            "month": "2018-05",
            "price": "15.83",
            "revenue": 85930
        },
        "2018-06": {
            "month": "2018-06",
            "price": "16.02",
            "revenue": 80954
        },
        "2018-07": {
            "month": "2018-07",
            "price": "14.88",
            "revenue": 79215
        },
        "2018-08": {
            "month": "2018-08",
            "price": "13.75",
            "revenue": 73252
        },
        "2018-09": {
            "month": "2018-09",
            "price": "13.09",
            "revenue": 73636
        },
        "2018-10": {
            "month": "2018-10",
            "price": "12.14",
            "revenue": 75873
        },
        "2018-11": {
            "month": "2018-11",
            "price": "12.18",
            "revenue": 61410
        },
        "2018-12": {
            "month": "2018-12",
            "price": "11.98",
            "revenue": 83147
        },
        "2019-01": {
            "month": "2019-01",
            "price": "12.15",
            "revenue": 67322
        },
        "2019-02": {
            "month": "2019-02",
            "price": "11.98",
            "revenue": 76698
        },
        "2019-03": {
            "month": "2019-03",
            "price": "11.87",
            "revenue": 72061
        },
        "2019-04": {
            "month": "2019-04",
            "price": "11.73",
            "revenue": 72309
        },
        "2019-05": {
            "month": "2019-05",
            "price": "11.44",
            "revenue": 98681
        },
        "2019-06": {
            "month": "2019-06",
            "price": "11.21",
            "revenue": 98701
        },
        "2019-07": {
            "month": "2019-07",
            "price": "12.99",
            "revenue": 85500
        },
        "2019-08": {
            "month": "2019-08",
            "price": "12.83",
            "revenue": 68224
        },
        "2019-09": {
            "month": "2019-09",
            "price": "12.71",
            "revenue": 83800
        },
        "2019-10": {
            "month": "2019-10",
            "price": "12.16",
            "revenue": 86355
        },
        "2019-11": {
            "month": "2019-11",
            "price": "11.52",
            "revenue": 82801
        },
        "2019-12": {
            "month": "2019-12",
            "price": "11.34",
            "revenue": 87419
        },
        "2020-01": {
            "month": "2020-01",
            "price": "11.47",
            "revenue": 59420
        },
        "2020-02": {
            "month": "2020-02",
            "price": "9.92",
            "revenue": 42956
        },
        "2020-03": {
            "month": "2020-03",
            "price": "9.68",
            "revenue": 14245
        },
        "2020-04": {
            "month": "2020-04",
            "price": "9.62",
            "revenue": 9595
        },
        "2020-05": {
            "month": "2020-05",
            "price": "10.64",
            "revenue": 12792
        },
        "2020-06": {
            "month": "2020-06",
            "price": "14.38",
            "revenue": 37152
        },
        "2020-07": {
            "month": "2020-07",
            "price": "13.18",
            "revenue": 39014
        },
        "2020-08": {
            "month": "2020-08",
            "price": "11.44",
            "revenue": 50593
        },
        "2020-09": {
            "month": "2020-09",
            "price": "10.62",
            "revenue": 44133
        },
        "2020-10": {
            "month": "2020-10",
            "price": "10.68",
            "revenue": 42198
        },
        "2020-11": {
            "month": "2020-11",
            "price": "11.67",
            "revenue": 40920
        },
        "2020-12": {
            "month": "2020-12",
            "price": "12.26",
            "revenue": 31802
        },
        "2021-01": {
            "month": "2021-01",
            "price": "11.57",
            "revenue": 20113
        },
        "2021-02": {
            "month": "2021-02",
            "price": "13.99",
            "revenue": 9706
        },
        "2021-03": {
            "month": "2021-03",
            "price": "24.60",
            "revenue": 30773
        },
        "2021-04": {
            "month": "2021-04",
            "price": "24.04",
            "revenue": 27989
        },
        "2021-05": {
            "month": "2021-05",
            "price": "18.99",
            "revenue": 15383
        },
        "2021-06": {
            "month": "2021-06",
            "price": "26.93",
            "revenue": 14586
        },
        "2021-07": {
            "month": "2021-07",
            "price": "28.10",
            "revenue": 8383
        },
        "2021-08": {
            "month": "2021-08",
            "price": "23.71",
            "revenue": 7468
        },
        "2021-09": {
            "month": "2021-09",
            "price": "21.48",
            "revenue": 7624
        },
        "2021-10": {
            "month": "2021-10",
            "price": "22.19",
            "revenue": 16138
        },
        "2021-11": {
            "month": "2021-11",
            "price": "23.15",
            "revenue": 19533
        },
        "2021-12": {
            "month": "2021-12",
            "price": "21.88",
            "revenue": 20872
        },
        "2022-01": {
            "month": "2022-01",
            "price": "22.18",
            "revenue": 12291
        },
        "2022-02": {
            "month": "2022-02",
            "price": "26.88",
            "revenue": 10519
        },
        "2022-03": {
            "month": "2022-03",
            "price": "28.19",
            "revenue": 16234
        },
        "2022-04": {
            "month": "2022-04",
            "price": "28.32",
            "revenue": 35588
        },
        "2022-05": {
            "month": "2022-05",
            "price": "29.09",
            "revenue": 35945
        },
        "2022-06": {
            "month": "2022-06",
            "price": "37.95",
            "revenue": 42816
        },
        "2022-07": {
            "month": "2022-07",
            "price": "36.91",
            "revenue": 47583
        },
        "2022-08": {
            "month": "2022-08",
            "price": "34.50",
            "revenue": 48161
        },
        "2022-09": {
            "month": "2022-09",
            "price": "35.70",
            "revenue": 33507
        },
        "2022-10": {
            "month": "2022-10",
            "price": "27.62",
            "revenue": 27904
        },
        "2022-11": {
            "month": "2022-11",
            "price": "25.49",
            "revenue": 37853
        },
        "2022-12": {
            "month": "2022-12",
            "price": "27.80",
            "revenue": 79756
        },
        "2023-01": {
            "month": "2023-01",
            "price": "26.87",
            "revenue": 120052
        },
        "2023-02": {
            "month": "2023-02",
            "price": "30.07",
            "revenue": 104926
        },
        "2023-03": {
            "month": "2023-03",
            "price": "32.76",
            "revenue": 132664
        },
        "2023-04": {
            "month": "2023-04",
            "price": "33.04",
            "revenue": 163053
        },
        "2023-05": {
            "month": "2023-05",
            "price": "38.98",
            "revenue": 187138
        },
        "2023-06": {
            "month": "2023-06",
            "price": "64.59",
            "revenue": 223700
        },
        "2023-07": {
            "month": "2023-07",
            "price": "54.78",
            "revenue": 213813
        },
        "2023-08": {
            "month": "2023-08",
            "price": "45.60",
            "revenue": 214006
        },
        "2023-09": {
            "month": "2023-09",
            "price": "41.22",
            "revenue": 213919
        },
        "2023-10": {
            "month": "2023-10",
            "price": "39.20",
            "revenue": 221204
        },
        "2023-11": {
            "month": "2023-11",
            "price": "45.45",
            "revenue": 185230
        },
        "2023-12": {
            "month": "2023-12",
            "price": "44.29",
            "revenue": 190491
        },
        "2024-01": {
            "month": "2024-01",
            "price": "41.92",
            "revenue": 211060
        },
        "2024-02": {
            "month": "2024-02",
            "price": "38.47",
            "revenue": 237825
        }
    }
}
