{
    "summary": {
        "stock_name": "富野",
        "stock_id": "2736",
        "category": "觀光",
        "main_business": "一般旅館業<br>餐飲",
        "website_url": "http://www.hoyaresort.com.tw",
        "ceo": "楊書昌",
        "pe_ratio": 86,
        "report_year_from": 2012,
        "report_year_to": 2023,
        "age": 11,
        "eps_negative_percentage": 40,
        "eps_growth_avg": {
            "last_all": -46.24,
            "last_2y": -100,
            "last_4y": -100,
            "last_8y": null,
            "last_12y": null,
            "last_16y": null,
            "last_20y": null,
            "at_2006_last_3y": null,
            "at_2007_last_3y": null,
            "at_2008_last_3y": null,
            "at_2009_last_3y": null,
            "at_2010_last_3y": null,
            "at_2011_last_3y": null,
            "at_2012_last_3y": null,
            "at_2013_last_3y": null,
            "at_2014_last_3y": null,
            "at_2015_last_3y": null,
            "at_2016_last_3y": null,
            "at_2017_last_3y": null,
            "at_2018_last_3y": -28.31,
            "at_2019_last_3y": -92.47,
            "at_2020_last_3y": -100,
            "at_2021_last_3y": -100,
            "at_2022_last_3y": -100,
            "at_2023_last_3y": -100,
            "at_2006_last_all": null,
            "at_2007_last_all": null,
            "at_2008_last_all": null,
            "at_2009_last_all": null,
            "at_2010_last_all": null,
            "at_2011_last_all": null,
            "at_2012_last_all": null,
            "at_2013_last_all": null,
            "at_2014_last_all": null,
            "at_2015_last_all": null,
            "at_2016_last_all": 7.53,
            "at_2017_last_all": -28.31,
            "at_2018_last_all": -28.31,
            "at_2019_last_all": -28.31,
            "at_2020_last_all": -28.31,
            "at_2021_last_all": -46.24,
            "at_2022_last_all": -46.24,
            "at_2023_last_all": -46.24
        },
        "latest_eps": 0.54,
        "latest_price": 46.4,
        "latest_roe": 2.16,
        "latest_gross_margin": 61.13,
        "latest_equity": 1219797,
        "latest_revenue": 181609,
        "latest_gross_profit": 111021,
        "latest_net_income": 37897,
        "latest_debt_ratio": 43.72,
        "latest_current_ratio": 105.72,
        "latest_account_receivable_turnover_ratio": 19.42,
        "latest_inventory_turnover_ratio": 15.74,
        "latest_reinvestment_rate": -5159.05,
        "latest_research_to_sale_ratio": null
    },
    "eps_dividends": {
        "2001": {
            "cash": 0,
            "stock": 0,
            "eps": 0
        },
        "2002": {
            "cash": 0,
            "stock": 0,
            "eps": 0
        },
        "2003": {
            "cash": 0,
            "stock": 0,
            "eps": 0
        },
        "2004": {
            "cash": 0,
            "stock": 0,
            "eps": 0
        },
        "2005": {
            "cash": 0,
            "stock": 0,
            "eps": 0
        },
        "2006": {
            "cash": 0,
            "stock": 0,
            "eps": 0
        },
        "2007": {
            "cash": 0,
            "stock": 0,
            "eps": 0
        },
        "2008": {
            "cash": 0,
            "stock": 0,
            "eps": 0
        },
        "2009": {
            "cash": 0,
            "stock": 0,
            "eps": 0
        },
        "2010": {
            "cash": 0,
            "stock": 0,
            "eps": 0
        },
        "2011": {
            "cash": 0,
            "stock": 0,
            "eps": 0
        },
        "2012": {
            "cash": 0,
            "stock": 0,
            "eps": 0
        },
        "2013": {
            "cash": 0,
            "stock": 0,
            "eps": 0
        },
        "2014": {
            "cash": 0.5,
            "stock": 2,
            "eps": 0.57
        },
        "2015": {
            "cash": 0.5,
            "stock": 0.5,
            "eps": 5.91
        },
        "2016": {
            "cash": 2.5,
            "stock": 0,
            "eps": 0.89
        },
        "2017": {
            "cash": 0.3,
            "stock": 0,
            "eps": -0.21
        },
        "2018": {
            "cash": 0.1,
            "stock": 0,
            "eps": -0.62
        },
        "2019": {
            "cash": 0.1,
            "stock": 0,
            "eps": -0.13
        },
        "2020": {
            "cash": 0,
            "stock": 0,
            "eps": 0.18
        },
        "2021": {
            "cash": 0.2,
            "stock": 0,
            "eps": -0.7
        },
        "2022": {
            "cash": 0,
            "stock": 0,
            "eps": 0.24
        },
        "2023": {
            "cash": 0,
            "stock": 0.2,
            "eps": 0.79
        }
    },
    "dividends": {
        "2014-09-02": {
            "cash": 0.5,
            "stock": 2
        },
        "2015-09-02": {
            "cash": 0.5,
            "stock": 0.5
        },
        "2016-09-08": {
            "cash": 2.5,
            "stock": 0
        },
        "2017-09-05": {
            "cash": 0.3,
            "stock": 0
        },
        "2018-09-07": {
            "cash": 0.1,
            "stock": 0
        },
        "2019-09-20": {
            "cash": 0.1,
            "stock": 0
        },
        "2021-12-22": {
            "cash": 0.2,
            "stock": 0
        },
        "2023-03-23": {
            "cash": 0,
            "stock": 0.2
        }
    },
    "prices": {
        "200101": "無",
        "200102": "無",
        "200103": "無",
        "200104": "無",
        "200105": "無",
        "200106": "無",
        "200107": "無",
        "200108": "無",
        "200109": "無",
        "200110": "無",
        "200111": "無",
        "200112": "無",
        "200201": "無",
        "200202": "無",
        "200203": "無",
        "200204": "無",
        "200205": "無",
        "200206": "無",
        "200207": "無",
        "200208": "無",
        "200209": "無",
        "200210": "無",
        "200211": "無",
        "200212": "無",
        "200301": "無",
        "200302": "無",
        "200303": "無",
        "200304": "無",
        "200305": "無",
        "200306": "無",
        "200307": "無",
        "200308": "無",
        "200309": "無",
        "200310": "無",
        "200311": "無",
        "200312": "無",
        "200401": "無",
        "200402": "無",
        "200403": "無",
        "200404": "無",
        "200405": "無",
        "200406": "無",
        "200407": "無",
        "200408": "無",
        "200409": "無",
        "200410": "無",
        "200411": "無",
        "200412": "無",
        "200501": "無",
        "200502": "無",
        "200503": "無",
        "200504": "無",
        "200505": "無",
        "200506": "無",
        "200507": "無",
        "200508": "無",
        "200509": "無",
        "200510": "無",
        "200511": "無",
        "200512": "無",
        "200601": "無",
        "200602": "無",
        "200603": "無",
        "200604": "無",
        "200605": "無",
        "200606": "無",
        "200607": "無",
        "200608": "無",
        "200609": "無",
        "200610": "無",
        "200611": "無",
        "200612": "無",
        "200701": "無",
        "200702": "無",
        "200703": "無",
        "200704": "無",
        "200705": "無",
        "200706": "無",
        "200707": "無",
        "200708": "無",
        "200709": "無",
        "200710": "無",
        "200711": "無",
        "200712": "無",
        "200801": "無",
        "200802": "無",
        "200803": "無",
        "200804": "無",
        "200805": "無",
        "200806": "無",
        "200807": "無",
        "200808": "無",
        "200809": "無",
        "200810": "無",
        "200811": "無",
        "200812": "無",
        "200901": "無",
        "200902": "無",
        "200903": "無",
        "200904": "無",
        "200905": "無",
        "200906": "無",
        "200907": "無",
        "200908": "無",
        "200909": "無",
        "200910": "無",
        "200911": "無",
        "200912": "無",
        "201001": "無",
        "201002": "無",
        "201003": "無",
        "201004": "無",
        "201005": "無",
        "201006": "無",
        "201007": "無",
        "201008": "無",
        "201009": "無",
        "201010": "無",
        "201011": "無",
        "201012": "無",
        "201101": "無",
        "201102": "無",
        "201103": "無",
        "201104": "無",
        "201105": "無",
        "201106": "無",
        "201107": "無",
        "201108": "無",
        "201109": "無",
        "201110": "無",
        "201111": "無",
        "201112": "無",
        "201201": "無",
        "201202": "無",
        "201203": "無",
        "201204": "無",
        "201205": "無",
        "201206": "無",
        "201207": "無",
        "201208": "無",
        "201209": "無",
        "201210": "無",
        "201211": "無",
        "201212": "無",
        "201301": "無",
        "201302": "無",
        "201303": "無",
        "201304": "無",
        "201305": "無",
        "201306": "無",
        "201307": "無",
        "201308": "無",
        "201309": "無",
        "201310": "無",
        "201311": "無",
        "201312": "53.39",
        "201401": "53.76",
        "201402": "54.58",
        "201403": "52.33",
        "201404": "51.29",
        "201405": "50.72",
        "201406": "51.19",
        "201407": "51.67",
        "201408": "49.05",
        "201409": "47.79",
        "201410": "47.35",
        "201411": "45.42",
        "201412": "49.93",
        "201501": "56.51",
        "201502": "56.06",
        "201503": "59.62",
        "201504": "57.14",
        "201505": "55.10",
        "201506": "53.59",
        "201507": "54.19",
        "201508": "50.98",
        "201509": "47.67",
        "201510": "49.95",
        "201511": "52.67",
        "201512": "57.69",
        "201601": "42.01",
        "201602": "41.36",
        "201603": "41.01",
        "201604": "39.49",
        "201605": "36.63",
        "201606": "36.16",
        "201607": "34.80",
        "201608": "31.39",
        "201609": "25.51",
        "201610": "22.83",
        "201611": "23.49",
        "201612": "22.98",
        "201701": "22.35",
        "201702": "22.65",
        "201703": "22.64",
        "201704": "20.88",
        "201705": "18.34",
        "201706": "19.68",
        "201707": "18.47",
        "201708": "17.30",
        "201709": "17.63",
        "201710": "16.96",
        "201711": "16.76",
        "201712": "17.18",
        "201801": "17.12",
        "201802": "16.56",
        "201803": "15.72",
        "201804": "14.79",
        "201805": "13.73",
        "201806": "13.96",
        "201807": "14.17",
        "201808": "13.94",
        "201809": "13.31",
        "201810": "12.36",
        "201811": "13.41",
        "201812": "19.58",
        "201901": "17.22",
        "201902": "17.02",
        "201903": "17.08",
        "201904": "16.75",
        "201905": "15.92",
        "201906": "15.72",
        "201907": "15.77",
        "201908": "13.50",
        "201909": "13.50",
        "201910": "13.46",
        "201911": "13.30",
        "201912": "14.42",
        "202001": "15.34",
        "202002": "12.35",
        "202003": "12.22",
        "202004": "11.83",
        "202005": "14.45",
        "202006": "15.62",
        "202007": "15.02",
        "202008": "13.55",
        "202009": "13.32",
        "202010": "12.97",
        "202011": "13.52",
        "202012": "14.13",
        "202101": "13.39",
        "202102": "13.25",
        "202103": "14.74",
        "202104": "16.59",
        "202105": "15.43",
        "202106": "16.34",
        "202107": "18.77",
        "202108": "17.34",
        "202109": "16.55",
        "202110": "16.46",
        "202111": "15.74",
        "202112": "15.21",
        "202201": "15.12",
        "202202": "16.01",
        "202203": "16.72",
        "202204": "16.21",
        "202205": "17.31",
        "202206": "25.09",
        "202207": "24.68",
        "202208": "25.97",
        "202209": "23.66",
        "202210": "20.22",
        "202211": "20.33",
        "202212": "21.90",
        "202301": "22.11",
        "202302": "24.02",
        "202303": "25.12",
        "202304": "22.87",
        "202305": "28.85",
        "202306": "42.63"
    },
    "quarters": {
        "20011": {
            "year_quarter": 20011,
            "year": 2001,
            "quarter": 1,
            "eps": null,
            "eps_growth_year": null,
            "eps_4q": null,
            "eps_4q_growth_year": null,
            "roe": null,
            "roe_4q": 0,
            "gross_profit": null,
            "gross_margin": null,
            "gross_margin_4q_avg": 0,
            "net_income": null,
            "revenue": null,
            "common_shares": null,
            "book_valuer_per_share": null,
            "book_valuer_per_share_4q_avg": 0,
            "equity": null,
            "current_ratio": null,
            "debt_ratio": null,
            "inventory_turnover_ratio": null,
            "account_receivable_turnover_ratio": null,
            "reinvestment_rate": null,
            "research_to_sale_ratio": null,
            "price_fair": 0,
            "eps_avg_yearly": 0,
            "eps_latest_yearly": 0,
            "eps_growth_yearly": 0
        },
        "20012": {
            "year_quarter": 20012,
            "year": 2001,
            "quarter": 2,
            "eps": null,
            "eps_growth_year": null,
            "eps_4q": null,
            "eps_4q_growth_year": null,
            "roe": null,
            "roe_4q": 0,
            "gross_profit": null,
            "gross_margin": null,
            "gross_margin_4q_avg": 0,
            "net_income": null,
            "revenue": null,
            "common_shares": null,
            "book_valuer_per_share": null,
            "book_valuer_per_share_4q_avg": 0,
            "equity": null,
            "current_ratio": null,
            "debt_ratio": null,
            "inventory_turnover_ratio": null,
            "account_receivable_turnover_ratio": null,
            "reinvestment_rate": null,
            "research_to_sale_ratio": null,
            "price_fair": 0,
            "eps_avg_yearly": 0,
            "eps_latest_yearly": 0,
            "eps_growth_yearly": 0
        },
        "20013": {
            "year_quarter": 20013,
            "year": 2001,
            "quarter": 3,
            "eps": null,
            "eps_growth_year": null,
            "eps_4q": null,
            "eps_4q_growth_year": null,
            "roe": null,
            "roe_4q": 0,
            "gross_profit": null,
            "gross_margin": null,
            "gross_margin_4q_avg": 0,
            "net_income": null,
            "revenue": null,
            "common_shares": null,
            "book_valuer_per_share": null,
            "book_valuer_per_share_4q_avg": 0,
            "equity": null,
            "current_ratio": null,
            "debt_ratio": null,
            "inventory_turnover_ratio": null,
            "account_receivable_turnover_ratio": null,
            "reinvestment_rate": null,
            "research_to_sale_ratio": null,
            "price_fair": 0,
            "eps_avg_yearly": 0,
            "eps_latest_yearly": 0,
            "eps_growth_yearly": 0
        },
        "20014": {
            "year_quarter": 20014,
            "year": 2001,
            "quarter": 4,
            "eps": null,
            "eps_growth_year": null,
            "eps_4q": null,
            "eps_4q_growth_year": null,
            "roe": null,
            "roe_4q": 0,
            "gross_profit": null,
            "gross_margin": null,
            "gross_margin_4q_avg": 0,
            "net_income": null,
            "revenue": null,
            "common_shares": null,
            "book_valuer_per_share": null,
            "book_valuer_per_share_4q_avg": 0,
            "equity": null,
            "current_ratio": null,
            "debt_ratio": null,
            "inventory_turnover_ratio": null,
            "account_receivable_turnover_ratio": null,
            "reinvestment_rate": null,
            "research_to_sale_ratio": null,
            "price_fair": 0,
            "eps_avg_yearly": 0,
            "eps_latest_yearly": 0,
            "eps_growth_yearly": 0
        },
        "20021": {
            "year_quarter": 20021,
            "year": 2002,
            "quarter": 1,
            "eps": null,
            "eps_growth_year": null,
            "eps_4q": null,
            "eps_4q_growth_year": null,
            "roe": null,
            "roe_4q": 0,
            "gross_profit": null,
            "gross_margin": null,
            "gross_margin_4q_avg": 0,
            "net_income": null,
            "revenue": null,
            "common_shares": null,
            "book_valuer_per_share": null,
            "book_valuer_per_share_4q_avg": 0,
            "equity": null,
            "current_ratio": null,
            "debt_ratio": null,
            "inventory_turnover_ratio": null,
            "account_receivable_turnover_ratio": null,
            "reinvestment_rate": null,
            "research_to_sale_ratio": null,
            "price_fair": 0,
            "eps_avg_yearly": 0,
            "eps_latest_yearly": 0,
            "eps_growth_yearly": 0
        },
        "20022": {
            "year_quarter": 20022,
            "year": 2002,
            "quarter": 2,
            "eps": null,
            "eps_growth_year": null,
            "eps_4q": null,
            "eps_4q_growth_year": null,
            "roe": null,
            "roe_4q": 0,
            "gross_profit": null,
            "gross_margin": null,
            "gross_margin_4q_avg": 0,
            "net_income": null,
            "revenue": null,
            "common_shares": null,
            "book_valuer_per_share": null,
            "book_valuer_per_share_4q_avg": 0,
            "equity": null,
            "current_ratio": null,
            "debt_ratio": null,
            "inventory_turnover_ratio": null,
            "account_receivable_turnover_ratio": null,
            "reinvestment_rate": null,
            "research_to_sale_ratio": null,
            "price_fair": 0,
            "eps_avg_yearly": 0,
            "eps_latest_yearly": 0,
            "eps_growth_yearly": 0
        },
        "20023": {
            "year_quarter": 20023,
            "year": 2002,
            "quarter": 3,
            "eps": null,
            "eps_growth_year": null,
            "eps_4q": null,
            "eps_4q_growth_year": null,
            "roe": null,
            "roe_4q": 0,
            "gross_profit": null,
            "gross_margin": null,
            "gross_margin_4q_avg": 0,
            "net_income": null,
            "revenue": null,
            "common_shares": null,
            "book_valuer_per_share": null,
            "book_valuer_per_share_4q_avg": 0,
            "equity": null,
            "current_ratio": null,
            "debt_ratio": null,
            "inventory_turnover_ratio": null,
            "account_receivable_turnover_ratio": null,
            "reinvestment_rate": null,
            "research_to_sale_ratio": null,
            "price_fair": 0,
            "eps_avg_yearly": 0,
            "eps_latest_yearly": 0,
            "eps_growth_yearly": 0
        },
        "20024": {
            "year_quarter": 20024,
            "year": 2002,
            "quarter": 4,
            "eps": null,
            "eps_growth_year": null,
            "eps_4q": null,
            "eps_4q_growth_year": null,
            "roe": null,
            "roe_4q": 0,
            "gross_profit": null,
            "gross_margin": null,
            "gross_margin_4q_avg": 0,
            "net_income": null,
            "revenue": null,
            "common_shares": null,
            "book_valuer_per_share": null,
            "book_valuer_per_share_4q_avg": 0,
            "equity": null,
            "current_ratio": null,
            "debt_ratio": null,
            "inventory_turnover_ratio": null,
            "account_receivable_turnover_ratio": null,
            "reinvestment_rate": null,
            "research_to_sale_ratio": null,
            "price_fair": 0,
            "eps_avg_yearly": 0,
            "eps_latest_yearly": 0,
            "eps_growth_yearly": 0
        },
        "20031": {
            "year_quarter": 20031,
            "year": 2003,
            "quarter": 1,
            "eps": null,
            "eps_growth_year": null,
            "eps_4q": null,
            "eps_4q_growth_year": null,
            "roe": null,
            "roe_4q": 0,
            "gross_profit": null,
            "gross_margin": null,
            "gross_margin_4q_avg": 0,
            "net_income": null,
            "revenue": null,
            "common_shares": null,
            "book_valuer_per_share": null,
            "book_valuer_per_share_4q_avg": 0,
            "equity": null,
            "current_ratio": null,
            "debt_ratio": null,
            "inventory_turnover_ratio": null,
            "account_receivable_turnover_ratio": null,
            "reinvestment_rate": null,
            "research_to_sale_ratio": null,
            "price_fair": 0,
            "eps_avg_yearly": 0,
            "eps_latest_yearly": 0,
            "eps_growth_yearly": 0
        },
        "20032": {
            "year_quarter": 20032,
            "year": 2003,
            "quarter": 2,
            "eps": null,
            "eps_growth_year": null,
            "eps_4q": null,
            "eps_4q_growth_year": null,
            "roe": null,
            "roe_4q": 0,
            "gross_profit": null,
            "gross_margin": null,
            "gross_margin_4q_avg": 0,
            "net_income": null,
            "revenue": null,
            "common_shares": null,
            "book_valuer_per_share": null,
            "book_valuer_per_share_4q_avg": 0,
            "equity": null,
            "current_ratio": null,
            "debt_ratio": null,
            "inventory_turnover_ratio": null,
            "account_receivable_turnover_ratio": null,
            "reinvestment_rate": null,
            "research_to_sale_ratio": null,
            "price_fair": 0,
            "eps_avg_yearly": 0,
            "eps_latest_yearly": 0,
            "eps_growth_yearly": 0
        },
        "20033": {
            "year_quarter": 20033,
            "year": 2003,
            "quarter": 3,
            "eps": null,
            "eps_growth_year": null,
            "eps_4q": null,
            "eps_4q_growth_year": null,
            "roe": null,
            "roe_4q": 0,
            "gross_profit": null,
            "gross_margin": null,
            "gross_margin_4q_avg": 0,
            "net_income": null,
            "revenue": null,
            "common_shares": null,
            "book_valuer_per_share": null,
            "book_valuer_per_share_4q_avg": 0,
            "equity": null,
            "current_ratio": null,
            "debt_ratio": null,
            "inventory_turnover_ratio": null,
            "account_receivable_turnover_ratio": null,
            "reinvestment_rate": null,
            "research_to_sale_ratio": null,
            "price_fair": 0,
            "eps_avg_yearly": 0,
            "eps_latest_yearly": 0,
            "eps_growth_yearly": 0
        },
        "20034": {
            "year_quarter": 20034,
            "year": 2003,
            "quarter": 4,
            "eps": null,
            "eps_growth_year": null,
            "eps_4q": null,
            "eps_4q_growth_year": null,
            "roe": null,
            "roe_4q": 0,
            "gross_profit": null,
            "gross_margin": null,
            "gross_margin_4q_avg": 0,
            "net_income": null,
            "revenue": null,
            "common_shares": null,
            "book_valuer_per_share": null,
            "book_valuer_per_share_4q_avg": 0,
            "equity": null,
            "current_ratio": null,
            "debt_ratio": null,
            "inventory_turnover_ratio": null,
            "account_receivable_turnover_ratio": null,
            "reinvestment_rate": null,
            "research_to_sale_ratio": null,
            "price_fair": 0,
            "eps_avg_yearly": 0,
            "eps_latest_yearly": 0,
            "eps_growth_yearly": 0
        },
        "20041": {
            "year_quarter": 20041,
            "year": 2004,
            "quarter": 1,
            "eps": null,
            "eps_growth_year": null,
            "eps_4q": null,
            "eps_4q_growth_year": null,
            "roe": null,
            "roe_4q": 0,
            "gross_profit": null,
            "gross_margin": null,
            "gross_margin_4q_avg": 0,
            "net_income": null,
            "revenue": null,
            "common_shares": null,
            "book_valuer_per_share": null,
            "book_valuer_per_share_4q_avg": 0,
            "equity": null,
            "current_ratio": null,
            "debt_ratio": null,
            "inventory_turnover_ratio": null,
            "account_receivable_turnover_ratio": null,
            "reinvestment_rate": null,
            "research_to_sale_ratio": null,
            "price_fair": 0,
            "eps_avg_yearly": 0,
            "eps_latest_yearly": 0,
            "eps_growth_yearly": 0
        },
        "20042": {
            "year_quarter": 20042,
            "year": 2004,
            "quarter": 2,
            "eps": null,
            "eps_growth_year": null,
            "eps_4q": null,
            "eps_4q_growth_year": null,
            "roe": null,
            "roe_4q": 0,
            "gross_profit": null,
            "gross_margin": null,
            "gross_margin_4q_avg": 0,
            "net_income": null,
            "revenue": null,
            "common_shares": null,
            "book_valuer_per_share": null,
            "book_valuer_per_share_4q_avg": 0,
            "equity": null,
            "current_ratio": null,
            "debt_ratio": null,
            "inventory_turnover_ratio": null,
            "account_receivable_turnover_ratio": null,
            "reinvestment_rate": null,
            "research_to_sale_ratio": null,
            "price_fair": 0,
            "eps_avg_yearly": 0,
            "eps_latest_yearly": 0,
            "eps_growth_yearly": 0
        },
        "20043": {
            "year_quarter": 20043,
            "year": 2004,
            "quarter": 3,
            "eps": null,
            "eps_growth_year": null,
            "eps_4q": null,
            "eps_4q_growth_year": null,
            "roe": null,
            "roe_4q": 0,
            "gross_profit": null,
            "gross_margin": null,
            "gross_margin_4q_avg": 0,
            "net_income": null,
            "revenue": null,
            "common_shares": null,
            "book_valuer_per_share": null,
            "book_valuer_per_share_4q_avg": 0,
            "equity": null,
            "current_ratio": null,
            "debt_ratio": null,
            "inventory_turnover_ratio": null,
            "account_receivable_turnover_ratio": null,
            "reinvestment_rate": null,
            "research_to_sale_ratio": null,
            "price_fair": 0,
            "eps_avg_yearly": 0,
            "eps_latest_yearly": 0,
            "eps_growth_yearly": 0
        },
        "20044": {
            "year_quarter": 20044,
            "year": 2004,
            "quarter": 4,
            "eps": null,
            "eps_growth_year": null,
            "eps_4q": null,
            "eps_4q_growth_year": null,
            "roe": null,
            "roe_4q": 0,
            "gross_profit": null,
            "gross_margin": null,
            "gross_margin_4q_avg": 0,
            "net_income": null,
            "revenue": null,
            "common_shares": null,
            "book_valuer_per_share": null,
            "book_valuer_per_share_4q_avg": 0,
            "equity": null,
            "current_ratio": null,
            "debt_ratio": null,
            "inventory_turnover_ratio": null,
            "account_receivable_turnover_ratio": null,
            "reinvestment_rate": null,
            "research_to_sale_ratio": null,
            "price_fair": 0,
            "eps_avg_yearly": 0,
            "eps_latest_yearly": 0,
            "eps_growth_yearly": 0
        },
        "20051": {
            "year_quarter": 20051,
            "year": 2005,
            "quarter": 1,
            "eps": null,
            "eps_growth_year": null,
            "eps_4q": null,
            "eps_4q_growth_year": null,
            "roe": null,
            "roe_4q": 0,
            "gross_profit": null,
            "gross_margin": null,
            "gross_margin_4q_avg": 0,
            "net_income": null,
            "revenue": null,
            "common_shares": null,
            "book_valuer_per_share": null,
            "book_valuer_per_share_4q_avg": 0,
            "equity": null,
            "current_ratio": null,
            "debt_ratio": null,
            "inventory_turnover_ratio": null,
            "account_receivable_turnover_ratio": null,
            "reinvestment_rate": null,
            "research_to_sale_ratio": null,
            "price_fair": 0,
            "eps_avg_yearly": 0,
            "eps_latest_yearly": 0,
            "eps_growth_yearly": 0
        },
        "20052": {
            "year_quarter": 20052,
            "year": 2005,
            "quarter": 2,
            "eps": null,
            "eps_growth_year": null,
            "eps_4q": null,
            "eps_4q_growth_year": null,
            "roe": null,
            "roe_4q": 0,
            "gross_profit": null,
            "gross_margin": null,
            "gross_margin_4q_avg": 0,
            "net_income": null,
            "revenue": null,
            "common_shares": null,
            "book_valuer_per_share": null,
            "book_valuer_per_share_4q_avg": 0,
            "equity": null,
            "current_ratio": null,
            "debt_ratio": null,
            "inventory_turnover_ratio": null,
            "account_receivable_turnover_ratio": null,
            "reinvestment_rate": null,
            "research_to_sale_ratio": null,
            "price_fair": 0,
            "eps_avg_yearly": 0,
            "eps_latest_yearly": 0,
            "eps_growth_yearly": 0
        },
        "20053": {
            "year_quarter": 20053,
            "year": 2005,
            "quarter": 3,
            "eps": null,
            "eps_growth_year": null,
            "eps_4q": null,
            "eps_4q_growth_year": null,
            "roe": null,
            "roe_4q": 0,
            "gross_profit": null,
            "gross_margin": null,
            "gross_margin_4q_avg": 0,
            "net_income": null,
            "revenue": null,
            "common_shares": null,
            "book_valuer_per_share": null,
            "book_valuer_per_share_4q_avg": 0,
            "equity": null,
            "current_ratio": null,
            "debt_ratio": null,
            "inventory_turnover_ratio": null,
            "account_receivable_turnover_ratio": null,
            "reinvestment_rate": null,
            "research_to_sale_ratio": null,
            "price_fair": 0,
            "eps_avg_yearly": 0,
            "eps_latest_yearly": 0,
            "eps_growth_yearly": 0
        },
        "20054": {
            "year_quarter": 20054,
            "year": 2005,
            "quarter": 4,
            "eps": null,
            "eps_growth_year": null,
            "eps_4q": null,
            "eps_4q_growth_year": null,
            "roe": null,
            "roe_4q": 0,
            "gross_profit": null,
            "gross_margin": null,
            "gross_margin_4q_avg": 0,
            "net_income": null,
            "revenue": null,
            "common_shares": null,
            "book_valuer_per_share": null,
            "book_valuer_per_share_4q_avg": 0,
            "equity": null,
            "current_ratio": null,
            "debt_ratio": null,
            "inventory_turnover_ratio": null,
            "account_receivable_turnover_ratio": null,
            "reinvestment_rate": null,
            "research_to_sale_ratio": null,
            "price_fair": 0,
            "eps_avg_yearly": 0,
            "eps_latest_yearly": 0,
            "eps_growth_yearly": 0
        },
        "20061": {
            "year_quarter": 20061,
            "year": 2006,
            "quarter": 1,
            "eps": null,
            "eps_growth_year": null,
            "eps_4q": null,
            "eps_4q_growth_year": null,
            "roe": null,
            "roe_4q": 0,
            "gross_profit": null,
            "gross_margin": null,
            "gross_margin_4q_avg": 0,
            "net_income": null,
            "revenue": null,
            "common_shares": null,
            "book_valuer_per_share": null,
            "book_valuer_per_share_4q_avg": 0,
            "equity": null,
            "current_ratio": null,
            "debt_ratio": null,
            "inventory_turnover_ratio": null,
            "account_receivable_turnover_ratio": null,
            "reinvestment_rate": null,
            "research_to_sale_ratio": null,
            "price_fair": 0,
            "eps_avg_yearly": 0,
            "eps_latest_yearly": 0,
            "eps_growth_yearly": 0
        },
        "20062": {
            "year_quarter": 20062,
            "year": 2006,
            "quarter": 2,
            "eps": null,
            "eps_growth_year": null,
            "eps_4q": null,
            "eps_4q_growth_year": null,
            "roe": null,
            "roe_4q": 0,
            "gross_profit": null,
            "gross_margin": null,
            "gross_margin_4q_avg": 0,
            "net_income": null,
            "revenue": null,
            "common_shares": null,
            "book_valuer_per_share": null,
            "book_valuer_per_share_4q_avg": 0,
            "equity": null,
            "current_ratio": null,
            "debt_ratio": null,
            "inventory_turnover_ratio": null,
            "account_receivable_turnover_ratio": null,
            "reinvestment_rate": null,
            "research_to_sale_ratio": null,
            "price_fair": 0,
            "eps_avg_yearly": 0,
            "eps_latest_yearly": 0,
            "eps_growth_yearly": 0
        },
        "20063": {
            "year_quarter": 20063,
            "year": 2006,
            "quarter": 3,
            "eps": null,
            "eps_growth_year": null,
            "eps_4q": null,
            "eps_4q_growth_year": null,
            "roe": null,
            "roe_4q": 0,
            "gross_profit": null,
            "gross_margin": null,
            "gross_margin_4q_avg": 0,
            "net_income": null,
            "revenue": null,
            "common_shares": null,
            "book_valuer_per_share": null,
            "book_valuer_per_share_4q_avg": 0,
            "equity": null,
            "current_ratio": null,
            "debt_ratio": null,
            "inventory_turnover_ratio": null,
            "account_receivable_turnover_ratio": null,
            "reinvestment_rate": null,
            "research_to_sale_ratio": null,
            "price_fair": 0,
            "eps_avg_yearly": 0,
            "eps_latest_yearly": 0,
            "eps_growth_yearly": 0
        },
        "20064": {
            "year_quarter": 20064,
            "year": 2006,
            "quarter": 4,
            "eps": null,
            "eps_growth_year": null,
            "eps_4q": null,
            "eps_4q_growth_year": null,
            "roe": null,
            "roe_4q": 0,
            "gross_profit": null,
            "gross_margin": null,
            "gross_margin_4q_avg": 0,
            "net_income": null,
            "revenue": null,
            "common_shares": null,
            "book_valuer_per_share": null,
            "book_valuer_per_share_4q_avg": 0,
            "equity": null,
            "current_ratio": null,
            "debt_ratio": null,
            "inventory_turnover_ratio": null,
            "account_receivable_turnover_ratio": null,
            "reinvestment_rate": null,
            "research_to_sale_ratio": null,
            "price_fair": 0,
            "eps_avg_yearly": 0,
            "eps_latest_yearly": 0,
            "eps_growth_yearly": 0
        },
        "20071": {
            "year_quarter": 20071,
            "year": 2007,
            "quarter": 1,
            "eps": null,
            "eps_growth_year": null,
            "eps_4q": null,
            "eps_4q_growth_year": null,
            "roe": null,
            "roe_4q": 0,
            "gross_profit": null,
            "gross_margin": null,
            "gross_margin_4q_avg": 0,
            "net_income": null,
            "revenue": null,
            "common_shares": null,
            "book_valuer_per_share": null,
            "book_valuer_per_share_4q_avg": 0,
            "equity": null,
            "current_ratio": null,
            "debt_ratio": null,
            "inventory_turnover_ratio": null,
            "account_receivable_turnover_ratio": null,
            "reinvestment_rate": null,
            "research_to_sale_ratio": null,
            "price_fair": 0,
            "eps_avg_yearly": 0,
            "eps_latest_yearly": 0,
            "eps_growth_yearly": 0
        },
        "20072": {
            "year_quarter": 20072,
            "year": 2007,
            "quarter": 2,
            "eps": null,
            "eps_growth_year": null,
            "eps_4q": null,
            "eps_4q_growth_year": null,
            "roe": null,
            "roe_4q": 0,
            "gross_profit": null,
            "gross_margin": null,
            "gross_margin_4q_avg": 0,
            "net_income": null,
            "revenue": null,
            "common_shares": null,
            "book_valuer_per_share": null,
            "book_valuer_per_share_4q_avg": 0,
            "equity": null,
            "current_ratio": null,
            "debt_ratio": null,
            "inventory_turnover_ratio": null,
            "account_receivable_turnover_ratio": null,
            "reinvestment_rate": null,
            "research_to_sale_ratio": null,
            "price_fair": 0,
            "eps_avg_yearly": 0,
            "eps_latest_yearly": 0,
            "eps_growth_yearly": 0
        },
        "20073": {
            "year_quarter": 20073,
            "year": 2007,
            "quarter": 3,
            "eps": null,
            "eps_growth_year": null,
            "eps_4q": null,
            "eps_4q_growth_year": null,
            "roe": null,
            "roe_4q": 0,
            "gross_profit": null,
            "gross_margin": null,
            "gross_margin_4q_avg": 0,
            "net_income": null,
            "revenue": null,
            "common_shares": null,
            "book_valuer_per_share": null,
            "book_valuer_per_share_4q_avg": 0,
            "equity": null,
            "current_ratio": null,
            "debt_ratio": null,
            "inventory_turnover_ratio": null,
            "account_receivable_turnover_ratio": null,
            "reinvestment_rate": null,
            "research_to_sale_ratio": null,
            "price_fair": 0,
            "eps_avg_yearly": 0,
            "eps_latest_yearly": 0,
            "eps_growth_yearly": 0
        },
        "20074": {
            "year_quarter": 20074,
            "year": 2007,
            "quarter": 4,
            "eps": null,
            "eps_growth_year": null,
            "eps_4q": null,
            "eps_4q_growth_year": null,
            "roe": null,
            "roe_4q": 0,
            "gross_profit": null,
            "gross_margin": null,
            "gross_margin_4q_avg": 0,
            "net_income": null,
            "revenue": null,
            "common_shares": null,
            "book_valuer_per_share": null,
            "book_valuer_per_share_4q_avg": 0,
            "equity": null,
            "current_ratio": null,
            "debt_ratio": null,
            "inventory_turnover_ratio": null,
            "account_receivable_turnover_ratio": null,
            "reinvestment_rate": null,
            "research_to_sale_ratio": null,
            "price_fair": 0,
            "eps_avg_yearly": 0,
            "eps_latest_yearly": 0,
            "eps_growth_yearly": 0
        },
        "20081": {
            "year_quarter": 20081,
            "year": 2008,
            "quarter": 1,
            "eps": null,
            "eps_growth_year": null,
            "eps_4q": null,
            "eps_4q_growth_year": null,
            "roe": null,
            "roe_4q": 0,
            "gross_profit": null,
            "gross_margin": null,
            "gross_margin_4q_avg": 0,
            "net_income": null,
            "revenue": null,
            "common_shares": null,
            "book_valuer_per_share": null,
            "book_valuer_per_share_4q_avg": 0,
            "equity": null,
            "current_ratio": null,
            "debt_ratio": null,
            "inventory_turnover_ratio": null,
            "account_receivable_turnover_ratio": null,
            "reinvestment_rate": null,
            "research_to_sale_ratio": null,
            "price_fair": 0,
            "eps_avg_yearly": 0,
            "eps_latest_yearly": 0,
            "eps_growth_yearly": 0
        },
        "20082": {
            "year_quarter": 20082,
            "year": 2008,
            "quarter": 2,
            "eps": null,
            "eps_growth_year": null,
            "eps_4q": null,
            "eps_4q_growth_year": null,
            "roe": null,
            "roe_4q": 0,
            "gross_profit": null,
            "gross_margin": null,
            "gross_margin_4q_avg": 0,
            "net_income": null,
            "revenue": null,
            "common_shares": null,
            "book_valuer_per_share": null,
            "book_valuer_per_share_4q_avg": 0,
            "equity": null,
            "current_ratio": null,
            "debt_ratio": null,
            "inventory_turnover_ratio": null,
            "account_receivable_turnover_ratio": null,
            "reinvestment_rate": null,
            "research_to_sale_ratio": null,
            "price_fair": 0,
            "eps_avg_yearly": 0,
            "eps_latest_yearly": 0,
            "eps_growth_yearly": 0
        },
        "20083": {
            "year_quarter": 20083,
            "year": 2008,
            "quarter": 3,
            "eps": null,
            "eps_growth_year": null,
            "eps_4q": null,
            "eps_4q_growth_year": null,
            "roe": null,
            "roe_4q": 0,
            "gross_profit": null,
            "gross_margin": null,
            "gross_margin_4q_avg": 0,
            "net_income": null,
            "revenue": null,
            "common_shares": null,
            "book_valuer_per_share": null,
            "book_valuer_per_share_4q_avg": 0,
            "equity": null,
            "current_ratio": null,
            "debt_ratio": null,
            "inventory_turnover_ratio": null,
            "account_receivable_turnover_ratio": null,
            "reinvestment_rate": null,
            "research_to_sale_ratio": null,
            "price_fair": 0,
            "eps_avg_yearly": 0,
            "eps_latest_yearly": 0,
            "eps_growth_yearly": 0
        },
        "20084": {
            "year_quarter": 20084,
            "year": 2008,
            "quarter": 4,
            "eps": null,
            "eps_growth_year": null,
            "eps_4q": null,
            "eps_4q_growth_year": null,
            "roe": null,
            "roe_4q": 0,
            "gross_profit": null,
            "gross_margin": null,
            "gross_margin_4q_avg": 0,
            "net_income": null,
            "revenue": null,
            "common_shares": null,
            "book_valuer_per_share": null,
            "book_valuer_per_share_4q_avg": 0,
            "equity": null,
            "current_ratio": null,
            "debt_ratio": null,
            "inventory_turnover_ratio": null,
            "account_receivable_turnover_ratio": null,
            "reinvestment_rate": null,
            "research_to_sale_ratio": null,
            "price_fair": 0,
            "eps_avg_yearly": 0,
            "eps_latest_yearly": 0,
            "eps_growth_yearly": 0
        },
        "20091": {
            "year_quarter": 20091,
            "year": 2009,
            "quarter": 1,
            "eps": null,
            "eps_growth_year": null,
            "eps_4q": null,
            "eps_4q_growth_year": null,
            "roe": null,
            "roe_4q": 0,
            "gross_profit": null,
            "gross_margin": null,
            "gross_margin_4q_avg": 0,
            "net_income": null,
            "revenue": null,
            "common_shares": null,
            "book_valuer_per_share": null,
            "book_valuer_per_share_4q_avg": 0,
            "equity": null,
            "current_ratio": null,
            "debt_ratio": null,
            "inventory_turnover_ratio": null,
            "account_receivable_turnover_ratio": null,
            "reinvestment_rate": null,
            "research_to_sale_ratio": null,
            "price_fair": 0,
            "eps_avg_yearly": 0,
            "eps_latest_yearly": 0,
            "eps_growth_yearly": 0
        },
        "20092": {
            "year_quarter": 20092,
            "year": 2009,
            "quarter": 2,
            "eps": null,
            "eps_growth_year": null,
            "eps_4q": null,
            "eps_4q_growth_year": null,
            "roe": null,
            "roe_4q": 0,
            "gross_profit": null,
            "gross_margin": null,
            "gross_margin_4q_avg": 0,
            "net_income": null,
            "revenue": null,
            "common_shares": null,
            "book_valuer_per_share": null,
            "book_valuer_per_share_4q_avg": 0,
            "equity": null,
            "current_ratio": null,
            "debt_ratio": null,
            "inventory_turnover_ratio": null,
            "account_receivable_turnover_ratio": null,
            "reinvestment_rate": null,
            "research_to_sale_ratio": null,
            "price_fair": 0,
            "eps_avg_yearly": 0,
            "eps_latest_yearly": 0,
            "eps_growth_yearly": 0
        },
        "20093": {
            "year_quarter": 20093,
            "year": 2009,
            "quarter": 3,
            "eps": null,
            "eps_growth_year": null,
            "eps_4q": null,
            "eps_4q_growth_year": null,
            "roe": null,
            "roe_4q": 0,
            "gross_profit": null,
            "gross_margin": null,
            "gross_margin_4q_avg": 0,
            "net_income": null,
            "revenue": null,
            "common_shares": null,
            "book_valuer_per_share": null,
            "book_valuer_per_share_4q_avg": 0,
            "equity": null,
            "current_ratio": null,
            "debt_ratio": null,
            "inventory_turnover_ratio": null,
            "account_receivable_turnover_ratio": null,
            "reinvestment_rate": null,
            "research_to_sale_ratio": null,
            "price_fair": 0,
            "eps_avg_yearly": 0,
            "eps_latest_yearly": 0,
            "eps_growth_yearly": 0
        },
        "20094": {
            "year_quarter": 20094,
            "year": 2009,
            "quarter": 4,
            "eps": null,
            "eps_growth_year": null,
            "eps_4q": null,
            "eps_4q_growth_year": null,
            "roe": null,
            "roe_4q": 0,
            "gross_profit": null,
            "gross_margin": null,
            "gross_margin_4q_avg": 0,
            "net_income": null,
            "revenue": null,
            "common_shares": null,
            "book_valuer_per_share": null,
            "book_valuer_per_share_4q_avg": 0,
            "equity": null,
            "current_ratio": null,
            "debt_ratio": null,
            "inventory_turnover_ratio": null,
            "account_receivable_turnover_ratio": null,
            "reinvestment_rate": null,
            "research_to_sale_ratio": null,
            "price_fair": 0,
            "eps_avg_yearly": 0,
            "eps_latest_yearly": 0,
            "eps_growth_yearly": 0
        },
        "20101": {
            "year_quarter": 20101,
            "year": 2010,
            "quarter": 1,
            "eps": null,
            "eps_growth_year": null,
            "eps_4q": null,
            "eps_4q_growth_year": null,
            "roe": null,
            "roe_4q": 0,
            "gross_profit": null,
            "gross_margin": null,
            "gross_margin_4q_avg": 0,
            "net_income": null,
            "revenue": null,
            "common_shares": null,
            "book_valuer_per_share": null,
            "book_valuer_per_share_4q_avg": 0,
            "equity": null,
            "current_ratio": null,
            "debt_ratio": null,
            "inventory_turnover_ratio": null,
            "account_receivable_turnover_ratio": null,
            "reinvestment_rate": null,
            "research_to_sale_ratio": null,
            "price_fair": 0,
            "eps_avg_yearly": 0,
            "eps_latest_yearly": 0,
            "eps_growth_yearly": 0
        },
        "20102": {
            "year_quarter": 20102,
            "year": 2010,
            "quarter": 2,
            "eps": null,
            "eps_growth_year": null,
            "eps_4q": null,
            "eps_4q_growth_year": null,
            "roe": null,
            "roe_4q": 0,
            "gross_profit": null,
            "gross_margin": null,
            "gross_margin_4q_avg": 0,
            "net_income": null,
            "revenue": null,
            "common_shares": null,
            "book_valuer_per_share": null,
            "book_valuer_per_share_4q_avg": 0,
            "equity": null,
            "current_ratio": null,
            "debt_ratio": null,
            "inventory_turnover_ratio": null,
            "account_receivable_turnover_ratio": null,
            "reinvestment_rate": null,
            "research_to_sale_ratio": null,
            "price_fair": 0,
            "eps_avg_yearly": 0,
            "eps_latest_yearly": 0,
            "eps_growth_yearly": 0
        },
        "20103": {
            "year_quarter": 20103,
            "year": 2010,
            "quarter": 3,
            "eps": null,
            "eps_growth_year": null,
            "eps_4q": null,
            "eps_4q_growth_year": null,
            "roe": null,
            "roe_4q": 0,
            "gross_profit": null,
            "gross_margin": null,
            "gross_margin_4q_avg": 0,
            "net_income": null,
            "revenue": null,
            "common_shares": null,
            "book_valuer_per_share": null,
            "book_valuer_per_share_4q_avg": 0,
            "equity": null,
            "current_ratio": null,
            "debt_ratio": null,
            "inventory_turnover_ratio": null,
            "account_receivable_turnover_ratio": null,
            "reinvestment_rate": null,
            "research_to_sale_ratio": null,
            "price_fair": 0,
            "eps_avg_yearly": 0,
            "eps_latest_yearly": 0,
            "eps_growth_yearly": 0
        },
        "20104": {
            "year_quarter": 20104,
            "year": 2010,
            "quarter": 4,
            "eps": null,
            "eps_growth_year": null,
            "eps_4q": null,
            "eps_4q_growth_year": null,
            "roe": null,
            "roe_4q": 0,
            "gross_profit": null,
            "gross_margin": null,
            "gross_margin_4q_avg": 0,
            "net_income": null,
            "revenue": null,
            "common_shares": 70000,
            "book_valuer_per_share": 13.08,
            "book_valuer_per_share_4q_avg": 3.27,
            "equity": 91527,
            "current_ratio": 188.66,
            "debt_ratio": 40.42,
            "inventory_turnover_ratio": null,
            "account_receivable_turnover_ratio": null,
            "reinvestment_rate": null,
            "research_to_sale_ratio": null,
            "price_fair": 0,
            "eps_avg_yearly": 0,
            "eps_latest_yearly": 0,
            "eps_growth_yearly": 0
        },
        "20111": {
            "year_quarter": 20111,
            "year": 2011,
            "quarter": 1,
            "eps": null,
            "eps_growth_year": null,
            "eps_4q": null,
            "eps_4q_growth_year": null,
            "roe": null,
            "roe_4q": 0,
            "gross_profit": null,
            "gross_margin": null,
            "gross_margin_4q_avg": 0,
            "net_income": null,
            "revenue": null,
            "common_shares": null,
            "book_valuer_per_share": null,
            "book_valuer_per_share_4q_avg": 3.27,
            "equity": null,
            "current_ratio": null,
            "debt_ratio": null,
            "inventory_turnover_ratio": null,
            "account_receivable_turnover_ratio": null,
            "reinvestment_rate": null,
            "research_to_sale_ratio": null,
            "price_fair": 0,
            "eps_avg_yearly": 0,
            "eps_latest_yearly": 0,
            "eps_growth_yearly": 0
        },
        "20112": {
            "year_quarter": 20112,
            "year": 2011,
            "quarter": 2,
            "eps": null,
            "eps_growth_year": null,
            "eps_4q": null,
            "eps_4q_growth_year": null,
            "roe": null,
            "roe_4q": 0,
            "gross_profit": null,
            "gross_margin": null,
            "gross_margin_4q_avg": 0,
            "net_income": null,
            "revenue": null,
            "common_shares": null,
            "book_valuer_per_share": null,
            "book_valuer_per_share_4q_avg": 3.27,
            "equity": null,
            "current_ratio": null,
            "debt_ratio": null,
            "inventory_turnover_ratio": null,
            "account_receivable_turnover_ratio": null,
            "reinvestment_rate": null,
            "research_to_sale_ratio": null,
            "price_fair": 0,
            "eps_avg_yearly": 0,
            "eps_latest_yearly": 0,
            "eps_growth_yearly": 0
        },
        "20113": {
            "year_quarter": 20113,
            "year": 2011,
            "quarter": 3,
            "eps": null,
            "eps_growth_year": null,
            "eps_4q": null,
            "eps_4q_growth_year": null,
            "roe": null,
            "roe_4q": 0,
            "gross_profit": null,
            "gross_margin": null,
            "gross_margin_4q_avg": 0,
            "net_income": null,
            "revenue": null,
            "common_shares": null,
            "book_valuer_per_share": null,
            "book_valuer_per_share_4q_avg": 3.27,
            "equity": null,
            "current_ratio": null,
            "debt_ratio": null,
            "inventory_turnover_ratio": null,
            "account_receivable_turnover_ratio": null,
            "reinvestment_rate": null,
            "research_to_sale_ratio": null,
            "price_fair": 0,
            "eps_avg_yearly": 0,
            "eps_latest_yearly": 0,
            "eps_growth_yearly": 0
        },
        "20114": {
            "year_quarter": 20114,
            "year": 2011,
            "quarter": 4,
            "eps": null,
            "eps_growth_year": null,
            "eps_4q": null,
            "eps_4q_growth_year": null,
            "roe": null,
            "roe_4q": 0,
            "gross_profit": null,
            "gross_margin": null,
            "gross_margin_4q_avg": 0,
            "net_income": null,
            "revenue": null,
            "common_shares": 70000,
            "book_valuer_per_share": 18.89,
            "book_valuer_per_share_4q_avg": 4.72,
            "equity": 132216,
            "current_ratio": 121.01,
            "debt_ratio": 37.8,
            "inventory_turnover_ratio": null,
            "account_receivable_turnover_ratio": null,
            "reinvestment_rate": null,
            "research_to_sale_ratio": null,
            "price_fair": 0,
            "eps_avg_yearly": 0,
            "eps_latest_yearly": 0,
            "eps_growth_yearly": 0
        },
        "20121": {
            "year_quarter": 20121,
            "year": 2012,
            "quarter": 1,
            "eps": null,
            "eps_growth_year": null,
            "eps_4q": null,
            "eps_4q_growth_year": null,
            "roe": null,
            "roe_4q": 0,
            "gross_profit": null,
            "gross_margin": null,
            "gross_margin_4q_avg": 0,
            "net_income": null,
            "revenue": null,
            "common_shares": null,
            "book_valuer_per_share": null,
            "book_valuer_per_share_4q_avg": 4.72,
            "equity": null,
            "current_ratio": null,
            "debt_ratio": null,
            "inventory_turnover_ratio": null,
            "account_receivable_turnover_ratio": null,
            "reinvestment_rate": null,
            "research_to_sale_ratio": null,
            "price_fair": 0,
            "eps_avg_yearly": 0,
            "eps_latest_yearly": 0,
            "eps_growth_yearly": 0
        },
        "20122": {
            "year_quarter": 20122,
            "year": 2012,
            "quarter": 2,
            "eps": null,
            "eps_growth_year": null,
            "eps_4q": null,
            "eps_4q_growth_year": null,
            "roe": null,
            "roe_4q": 0,
            "gross_profit": null,
            "gross_margin": null,
            "gross_margin_4q_avg": 0,
            "net_income": null,
            "revenue": null,
            "common_shares": null,
            "book_valuer_per_share": null,
            "book_valuer_per_share_4q_avg": 4.72,
            "equity": null,
            "current_ratio": null,
            "debt_ratio": null,
            "inventory_turnover_ratio": null,
            "account_receivable_turnover_ratio": null,
            "reinvestment_rate": null,
            "research_to_sale_ratio": null,
            "price_fair": 0,
            "eps_avg_yearly": 0,
            "eps_latest_yearly": 0,
            "eps_growth_yearly": 0
        },
        "20123": {
            "year_quarter": 20123,
            "year": 2012,
            "quarter": 3,
            "eps": null,
            "eps_growth_year": null,
            "eps_4q": null,
            "eps_4q_growth_year": null,
            "roe": null,
            "roe_4q": 0,
            "gross_profit": null,
            "gross_margin": null,
            "gross_margin_4q_avg": 0,
            "net_income": null,
            "revenue": null,
            "common_shares": null,
            "book_valuer_per_share": null,
            "book_valuer_per_share_4q_avg": 4.72,
            "equity": null,
            "current_ratio": null,
            "debt_ratio": null,
            "inventory_turnover_ratio": null,
            "account_receivable_turnover_ratio": null,
            "reinvestment_rate": null,
            "research_to_sale_ratio": null,
            "price_fair": 0,
            "eps_avg_yearly": 0,
            "eps_latest_yearly": 0,
            "eps_growth_yearly": 0
        },
        "20124": {
            "year_quarter": 20124,
            "year": 2012,
            "quarter": 4,
            "eps": null,
            "eps_growth_year": null,
            "eps_4q": null,
            "eps_4q_growth_year": null,
            "roe": null,
            "roe_4q": 0,
            "gross_profit": null,
            "gross_margin": null,
            "gross_margin_4q_avg": 0,
            "net_income": null,
            "revenue": null,
            "common_shares": 234948,
            "book_valuer_per_share": 23.93,
            "book_valuer_per_share_4q_avg": 5.98,
            "equity": 562297,
            "current_ratio": 162.71,
            "debt_ratio": 38.53,
            "inventory_turnover_ratio": null,
            "account_receivable_turnover_ratio": null,
            "reinvestment_rate": null,
            "research_to_sale_ratio": null,
            "price_fair": 0,
            "eps_avg_yearly": 0,
            "eps_latest_yearly": 0,
            "eps_growth_yearly": 0
        },
        "20131": {
            "year_quarter": 20131,
            "year": 2013,
            "quarter": 1,
            "eps": null,
            "eps_growth_year": null,
            "eps_4q": null,
            "eps_4q_growth_year": null,
            "roe": null,
            "roe_4q": 0,
            "gross_profit": null,
            "gross_margin": null,
            "gross_margin_4q_avg": 0,
            "net_income": null,
            "revenue": null,
            "common_shares": null,
            "book_valuer_per_share": null,
            "book_valuer_per_share_4q_avg": 5.98,
            "equity": null,
            "current_ratio": null,
            "debt_ratio": null,
            "inventory_turnover_ratio": null,
            "account_receivable_turnover_ratio": null,
            "reinvestment_rate": null,
            "research_to_sale_ratio": null,
            "price_fair": 0,
            "eps_avg_yearly": 0,
            "eps_latest_yearly": 0,
            "eps_growth_yearly": 0
        },
        "20132": {
            "year_quarter": 20132,
            "year": 2013,
            "quarter": 2,
            "eps": null,
            "eps_growth_year": null,
            "eps_4q": null,
            "eps_4q_growth_year": null,
            "roe": null,
            "roe_4q": 0,
            "gross_profit": null,
            "gross_margin": null,
            "gross_margin_4q_avg": 0,
            "net_income": null,
            "revenue": null,
            "common_shares": 302971,
            "book_valuer_per_share": null,
            "book_valuer_per_share_4q_avg": 5.98,
            "equity": 671419,
            "current_ratio": null,
            "debt_ratio": null,
            "inventory_turnover_ratio": null,
            "account_receivable_turnover_ratio": null,
            "reinvestment_rate": null,
            "research_to_sale_ratio": null,
            "price_fair": 0,
            "eps_avg_yearly": 0,
            "eps_latest_yearly": 0,
            "eps_growth_yearly": 0
        },
        "20133": {
            "year_quarter": 20133,
            "year": 2013,
            "quarter": 3,
            "eps": null,
            "eps_growth_year": null,
            "eps_4q": null,
            "eps_4q_growth_year": null,
            "roe": null,
            "roe_4q": 0,
            "gross_profit": null,
            "gross_margin": null,
            "gross_margin_4q_avg": 0,
            "net_income": null,
            "revenue": null,
            "common_shares": null,
            "book_valuer_per_share": null,
            "book_valuer_per_share_4q_avg": 5.98,
            "equity": null,
            "current_ratio": null,
            "debt_ratio": null,
            "inventory_turnover_ratio": null,
            "account_receivable_turnover_ratio": null,
            "reinvestment_rate": null,
            "research_to_sale_ratio": null,
            "price_fair": 0,
            "eps_avg_yearly": 0,
            "eps_latest_yearly": 0,
            "eps_growth_yearly": 0
        },
        "20134": {
            "year_quarter": 20134,
            "year": 2013,
            "quarter": 4,
            "eps": null,
            "eps_growth_year": null,
            "eps_4q": null,
            "eps_4q_growth_year": null,
            "roe": null,
            "roe_4q": 0,
            "gross_profit": null,
            "gross_margin": null,
            "gross_margin_4q_avg": 0,
            "net_income": null,
            "revenue": null,
            "common_shares": 352971,
            "book_valuer_per_share": 23.48,
            "book_valuer_per_share_4q_avg": 5.87,
            "equity": 828682,
            "current_ratio": 130.47,
            "debt_ratio": 38.26,
            "inventory_turnover_ratio": null,
            "account_receivable_turnover_ratio": null,
            "reinvestment_rate": null,
            "research_to_sale_ratio": null,
            "price_fair": 0,
            "eps_avg_yearly": 0,
            "eps_latest_yearly": 0,
            "eps_growth_yearly": 0
        },
        "20141": {
            "year_quarter": 20141,
            "year": 2014,
            "quarter": 1,
            "eps": null,
            "eps_growth_year": null,
            "eps_4q": null,
            "eps_4q_growth_year": null,
            "roe": null,
            "roe_4q": 0,
            "gross_profit": 144600,
            "gross_margin": null,
            "gross_margin_4q_avg": 0,
            "net_income": 52294,
            "revenue": 224882,
            "common_shares": 352971,
            "book_valuer_per_share": 24.96,
            "book_valuer_per_share_4q_avg": 12.11,
            "equity": 880976,
            "current_ratio": 140.25,
            "debt_ratio": 33.87,
            "inventory_turnover_ratio": null,
            "account_receivable_turnover_ratio": null,
            "reinvestment_rate": null,
            "research_to_sale_ratio": null,
            "price_fair": 0,
            "eps_avg_yearly": 0,
            "eps_latest_yearly": 0,
            "eps_growth_yearly": 0
        },
        "20142": {
            "year_quarter": 20142,
            "year": 2014,
            "quarter": 2,
            "eps": 0.57,
            "eps_growth_year": null,
            "eps_4q": null,
            "eps_4q_growth_year": null,
            "roe": 2.72,
            "roe_4q": 2.72,
            "gross_profit": 106063,
            "gross_margin": 58.91,
            "gross_margin_4q_avg": 14.73,
            "net_income": 24056,
            "revenue": 180038,
            "common_shares": 352971,
            "book_valuer_per_share": 25.14,
            "book_valuer_per_share_4q_avg": 18.4,
            "equity": 887384,
            "current_ratio": 116.59,
            "debt_ratio": 35.03,
            "inventory_turnover_ratio": 20.12,
            "account_receivable_turnover_ratio": 42.07,
            "reinvestment_rate": null,
            "research_to_sale_ratio": null,
            "price_fair": 0,
            "eps_avg_yearly": 0,
            "eps_latest_yearly": 0,
            "eps_growth_yearly": 0
        },
        "20143": {
            "year_quarter": 20143,
            "year": 2014,
            "quarter": 3,
            "eps": null,
            "eps_growth_year": null,
            "eps_4q": null,
            "eps_4q_growth_year": null,
            "roe": null,
            "roe_4q": 2.72,
            "gross_profit": 134980,
            "gross_margin": null,
            "gross_margin_4q_avg": 14.73,
            "net_income": 46877,
            "revenue": 212405,
            "common_shares": 423565,
            "book_valuer_per_share": 22.06,
            "book_valuer_per_share_4q_avg": 23.91,
            "equity": 934261,
            "current_ratio": 109.13,
            "debt_ratio": 30.65,
            "inventory_turnover_ratio": null,
            "account_receivable_turnover_ratio": null,
            "reinvestment_rate": null,
            "research_to_sale_ratio": null,
            "price_fair": 0,
            "eps_avg_yearly": 0,
            "eps_latest_yearly": 0,
            "eps_growth_yearly": 0
        },
        "20144": {
            "year_quarter": 20144,
            "year": 2014,
            "quarter": 4,
            "eps": null,
            "eps_growth_year": null,
            "eps_4q": null,
            "eps_4q_growth_year": null,
            "roe": null,
            "roe_4q": 2.72,
            "gross_profit": 135712,
            "gross_margin": null,
            "gross_margin_4q_avg": 14.73,
            "net_income": 27144,
            "revenue": 224497,
            "common_shares": 423565,
            "book_valuer_per_share": 22.7,
            "book_valuer_per_share_4q_avg": 23.72,
            "equity": 961405,
            "current_ratio": 126.34,
            "debt_ratio": 43.58,
            "inventory_turnover_ratio": null,
            "account_receivable_turnover_ratio": null,
            "reinvestment_rate": null,
            "research_to_sale_ratio": null,
            "price_fair": 0,
            "eps_avg_yearly": 0,
            "eps_latest_yearly": 0,
            "eps_growth_yearly": 0
        },
        "20151": {
            "year_quarter": 20151,
            "year": 2015,
            "quarter": 1,
            "eps": 1.2,
            "eps_growth_year": null,
            "eps_4q": 1.77,
            "eps_4q_growth_year": null,
            "roe": 5.16,
            "roe_4q": 7.880000000000001,
            "gross_profit": 149253,
            "gross_margin": 64.74,
            "gross_margin_4q_avg": 30.91,
            "net_income": 50949,
            "revenue": 230526,
            "common_shares": 423565,
            "book_valuer_per_share": 23.9,
            "book_valuer_per_share_4q_avg": 23.45,
            "equity": 1012354,
            "current_ratio": 168.78,
            "debt_ratio": 38.99,
            "inventory_turnover_ratio": 23.17,
            "account_receivable_turnover_ratio": 29.34,
            "reinvestment_rate": null,
            "research_to_sale_ratio": null,
            "price_fair": 0,
            "eps_avg_yearly": 0,
            "eps_latest_yearly": 0,
            "eps_growth_yearly": 0
        },
        "20152": {
            "year_quarter": 20152,
            "year": 2015,
            "quarter": 2,
            "eps": 2.93,
            "eps_growth_year": 415.9,
            "eps_4q": 4.08,
            "eps_4q_growth_year": null,
            "roe": 12.22,
            "roe_4q": 17.380000000000003,
            "gross_profit": 109378,
            "gross_margin": 58.43,
            "gross_margin_4q_avg": 30.79,
            "net_income": 130375,
            "revenue": 187192,
            "common_shares": 423565,
            "book_valuer_per_share": 26.48,
            "book_valuer_per_share_4q_avg": 23.79,
            "equity": 1121551,
            "current_ratio": 238.57,
            "debt_ratio": 33.51,
            "inventory_turnover_ratio": 22.91,
            "account_receivable_turnover_ratio": 39.16,
            "reinvestment_rate": null,
            "research_to_sale_ratio": null,
            "price_fair": 410.2,
            "eps_avg_yearly": 11.72,
            "eps_latest_yearly": 11.72,
            "eps_growth_yearly": 576.67
        },
        "20153": {
            "year_quarter": 20153,
            "year": 2015,
            "quarter": 3,
            "eps": 0.75,
            "eps_growth_year": null,
            "eps_4q": 4.82,
            "eps_4q_growth_year": null,
            "roe": 2.91,
            "roe_4q": 20.29,
            "gross_profit": 107663,
            "gross_margin": 55.54,
            "gross_margin_4q_avg": 44.68,
            "net_income": 33144,
            "revenue": 193848,
            "common_shares": 444743,
            "book_valuer_per_share": 25.96,
            "book_valuer_per_share_4q_avg": 24.76,
            "equity": 1154695,
            "current_ratio": 242.43,
            "debt_ratio": 30.85,
            "inventory_turnover_ratio": 26.57,
            "account_receivable_turnover_ratio": 35.91,
            "reinvestment_rate": null,
            "research_to_sale_ratio": null,
            "price_fair": 257.6,
            "eps_avg_yearly": 7.36,
            "eps_latest_yearly": 3,
            "eps_growth_yearly": 139.53
        },
        "20154": {
            "year_quarter": 20154,
            "year": 2015,
            "quarter": 4,
            "eps": 1.03,
            "eps_growth_year": null,
            "eps_4q": 5.55,
            "eps_4q_growth_year": null,
            "roe": 4.11,
            "roe_4q": 24.400000000000002,
            "gross_profit": 123802,
            "gross_margin": 56.86,
            "gross_margin_4q_avg": 58.89,
            "net_income": 49174,
            "revenue": 217723,
            "common_shares": 444743,
            "book_valuer_per_share": 27.36,
            "book_valuer_per_share_4q_avg": 25.93,
            "equity": 1235417,
            "current_ratio": 224.58,
            "debt_ratio": 31.07,
            "inventory_turnover_ratio": 25.92,
            "account_receivable_turnover_ratio": 35.65,
            "reinvestment_rate": null,
            "research_to_sale_ratio": null,
            "price_fair": 219.8,
            "eps_avg_yearly": 6.28,
            "eps_latest_yearly": 4.12,
            "eps_growth_yearly": 142.8
        },
        "20161": {
            "year_quarter": 20161,
            "year": 2016,
            "quarter": 1,
            "eps": 1.22,
            "eps_growth_year": 1.67,
            "eps_4q": 5.56,
            "eps_4q_growth_year": 213.87,
            "roe": 4.41,
            "roe_4q": 23.65,
            "gross_profit": 150195,
            "gross_margin": 62.91,
            "gross_margin_4q_avg": 58.44,
            "net_income": 59610,
            "revenue": 238736,
            "common_shares": 489923,
            "book_valuer_per_share": 29.96,
            "book_valuer_per_share_4q_avg": 27.44,
            "equity": 1467872,
            "current_ratio": 317.69,
            "debt_ratio": 25.16,
            "inventory_turnover_ratio": 22.62,
            "account_receivable_turnover_ratio": 41.22,
            "reinvestment_rate": null,
            "research_to_sale_ratio": null,
            "price_fair": 207.55,
            "eps_avg_yearly": 5.93,
            "eps_latest_yearly": 4.88,
            "eps_growth_yearly": 125.54
        },
        "20162": {
            "year_quarter": 20162,
            "year": 2016,
            "quarter": 2,
            "eps": -0.01,
            "eps_growth_year": -100.34,
            "eps_4q": 2.89,
            "eps_4q_growth_year": -29.08,
            "roe": -0.02,
            "roe_4q": 11.41,
            "gross_profit": 84932,
            "gross_margin": 51.76,
            "gross_margin_4q_avg": 56.77,
            "net_income": -276,
            "revenue": 164093,
            "common_shares": 489923,
            "book_valuer_per_share": 27.46,
            "book_valuer_per_share_4q_avg": 27.69,
            "equity": 1345115,
            "current_ratio": 195.58,
            "debt_ratio": 30.85,
            "inventory_turnover_ratio": 20.73,
            "account_receivable_turnover_ratio": 36.3,
            "reinvestment_rate": null,
            "research_to_sale_ratio": null,
            "price_fair": 207.55,
            "eps_avg_yearly": 5.93,
            "eps_latest_yearly": 4.88,
            "eps_growth_yearly": 125.54
        },
        "20163": {
            "year_quarter": 20163,
            "year": 2016,
            "quarter": 3,
            "eps": -0.17,
            "eps_growth_year": -122.67,
            "eps_4q": 2.05,
            "eps_4q_growth_year": -57.52,
            "roe": -0.61,
            "roe_4q": 7.890000000000001,
            "gross_profit": 68710,
            "gross_margin": 48.17,
            "gross_margin_4q_avg": 54.93,
            "net_income": -8158,
            "revenue": 142639,
            "common_shares": 489923,
            "book_valuer_per_share": 27.29,
            "book_valuer_per_share_4q_avg": 28.02,
            "equity": 1336957,
            "current_ratio": 216.33,
            "debt_ratio": 24.7,
            "inventory_turnover_ratio": 20.95,
            "account_receivable_turnover_ratio": 45.24,
            "reinvestment_rate": null,
            "research_to_sale_ratio": null,
            "price_fair": 207.55,
            "eps_avg_yearly": 5.93,
            "eps_latest_yearly": 4.88,
            "eps_growth_yearly": 125.54
        },
        "20164": {
            "year_quarter": 20164,
            "year": 2016,
            "quarter": 4,
            "eps": -0.15,
            "eps_growth_year": -114.86,
            "eps_4q": 0.89,
            "eps_4q_growth_year": -83.94,
            "roe": -0.57,
            "roe_4q": 3.21,
            "gross_profit": 74714,
            "gross_margin": 48.55,
            "gross_margin_4q_avg": 52.85,
            "net_income": -7536,
            "revenue": 153878,
            "common_shares": 489923,
            "book_valuer_per_share": 27.14,
            "book_valuer_per_share_4q_avg": 27.96,
            "equity": 1329421,
            "current_ratio": 214.99,
            "debt_ratio": 38.67,
            "inventory_turnover_ratio": 21.18,
            "account_receivable_turnover_ratio": 22.96,
            "reinvestment_rate": null,
            "research_to_sale_ratio": null,
            "price_fair": 207.55,
            "eps_avg_yearly": 5.93,
            "eps_latest_yearly": 4.88,
            "eps_growth_yearly": 125.54
        },
        "20171": {
            "year_quarter": 20171,
            "year": 2017,
            "quarter": 1,
            "eps": 0.43,
            "eps_growth_year": -64.75,
            "eps_4q": 0.11,
            "eps_4q_growth_year": -98.09,
            "roe": 1.58,
            "roe_4q": 0.3800000000000002,
            "gross_profit": 116715,
            "gross_margin": 59.66,
            "gross_margin_4q_avg": 52.04,
            "net_income": 21165,
            "revenue": 195633,
            "common_shares": 489923,
            "book_valuer_per_share": 27.57,
            "book_valuer_per_share_4q_avg": 27.37,
            "equity": 1350586,
            "current_ratio": 148.3,
            "debt_ratio": 36.95,
            "inventory_turnover_ratio": 18.74,
            "account_receivable_turnover_ratio": 21.71,
            "reinvestment_rate": null,
            "research_to_sale_ratio": null,
            "price_fair": 207.55,
            "eps_avg_yearly": 5.93,
            "eps_latest_yearly": 4.88,
            "eps_growth_yearly": 125.54
        },
        "20172": {
            "year_quarter": 20172,
            "year": 2017,
            "quarter": 2,
            "eps": -0.36,
            "eps_growth_year": null,
            "eps_4q": -0.25,
            "eps_4q_growth_year": -108.68,
            "roe": -1.33,
            "roe_4q": -0.9299999999999999,
            "gross_profit": 62091,
            "gross_margin": 46.18,
            "gross_margin_4q_avg": 50.64,
            "net_income": -17773,
            "revenue": 134467,
            "common_shares": 489923,
            "book_valuer_per_share": 26.9,
            "book_valuer_per_share_4q_avg": 27.23,
            "equity": 1318115,
            "current_ratio": 204.85,
            "debt_ratio": 43.08,
            "inventory_turnover_ratio": 17.97,
            "account_receivable_turnover_ratio": 24.49,
            "reinvestment_rate": null,
            "research_to_sale_ratio": null,
            "price_fair": 207.55,
            "eps_avg_yearly": 5.93,
            "eps_latest_yearly": 4.88,
            "eps_growth_yearly": 125.54
        },
        "20173": {
            "year_quarter": 20173,
            "year": 2017,
            "quarter": 3,
            "eps": -0.1,
            "eps_growth_year": null,
            "eps_4q": -0.19,
            "eps_4q_growth_year": -109.24,
            "roe": -0.39,
            "roe_4q": -0.7100000000000001,
            "gross_profit": 79023,
            "gross_margin": 51.49,
            "gross_margin_4q_avg": 51.47,
            "net_income": -5125,
            "revenue": 153486,
            "common_shares": 489923,
            "book_valuer_per_share": 26.8,
            "book_valuer_per_share_4q_avg": 27.1,
            "equity": 1312990,
            "current_ratio": 208.29,
            "debt_ratio": 42.18,
            "inventory_turnover_ratio": 19.67,
            "account_receivable_turnover_ratio": 20.4,
            "reinvestment_rate": null,
            "research_to_sale_ratio": null,
            "price_fair": 207.55,
            "eps_avg_yearly": 5.93,
            "eps_latest_yearly": 4.88,
            "eps_growth_yearly": 125.54
        },
        "20174": {
            "year_quarter": 20174,
            "year": 2017,
            "quarter": 4,
            "eps": -0.18,
            "eps_growth_year": null,
            "eps_4q": -0.22,
            "eps_4q_growth_year": -124.4,
            "roe": -0.68,
            "roe_4q": -0.8200000000000003,
            "gross_profit": 83420,
            "gross_margin": 50.17,
            "gross_margin_4q_avg": 51.88,
            "net_income": -8913,
            "revenue": 166262,
            "common_shares": 489923,
            "book_valuer_per_share": 26.62,
            "book_valuer_per_share_4q_avg": 26.97,
            "equity": 1304077,
            "current_ratio": 210.26,
            "debt_ratio": 42.5,
            "inventory_turnover_ratio": 21.16,
            "account_receivable_turnover_ratio": 14.47,
            "reinvestment_rate": 158.26,
            "research_to_sale_ratio": null,
            "price_fair": 207.55,
            "eps_avg_yearly": 5.93,
            "eps_latest_yearly": 4.88,
            "eps_growth_yearly": 125.54
        },
        "20181": {
            "year_quarter": 20181,
            "year": 2018,
            "quarter": 1,
            "eps": -0.07,
            "eps_growth_year": -116.28,
            "eps_4q": -0.72,
            "eps_4q_growth_year": -775.57,
            "roe": -0.25,
            "roe_4q": -2.6500000000000004,
            "gross_profit": 81214,
            "gross_margin": 52.48,
            "gross_margin_4q_avg": 50.08,
            "net_income": -3285,
            "revenue": 154753,
            "common_shares": 489923,
            "book_valuer_per_share": 26.51,
            "book_valuer_per_share_4q_avg": 26.71,
            "equity": 1298947,
            "current_ratio": 159,
            "debt_ratio": 41.64,
            "inventory_turnover_ratio": 17.32,
            "account_receivable_turnover_ratio": 18.91,
            "reinvestment_rate": 172.82,
            "research_to_sale_ratio": null,
            "price_fair": 207.55,
            "eps_avg_yearly": 5.93,
            "eps_latest_yearly": 4.88,
            "eps_growth_yearly": 125.54
        },
        "20182": {
            "year_quarter": 20182,
            "year": 2018,
            "quarter": 2,
            "eps": -0.3,
            "eps_growth_year": null,
            "eps_4q": -0.66,
            "eps_4q_growth_year": null,
            "roe": -1.15,
            "roe_4q": -2.47,
            "gross_profit": 64016,
            "gross_margin": 46.09,
            "gross_margin_4q_avg": 50.06,
            "net_income": -14839,
            "revenue": 138890,
            "common_shares": 489923,
            "book_valuer_per_share": 26.34,
            "book_valuer_per_share_4q_avg": 26.57,
            "equity": 1290332,
            "current_ratio": 145.4,
            "debt_ratio": 41.49,
            "inventory_turnover_ratio": 17.11,
            "account_receivable_turnover_ratio": 21.96,
            "reinvestment_rate": 169.46,
            "research_to_sale_ratio": null,
            "price_fair": 207.55,
            "eps_avg_yearly": 5.93,
            "eps_latest_yearly": 4.88,
            "eps_growth_yearly": 125.54
        },
        "20183": {
            "year_quarter": 20183,
            "year": 2018,
            "quarter": 3,
            "eps": -0.33,
            "eps_growth_year": null,
            "eps_4q": -0.89,
            "eps_4q_growth_year": null,
            "roe": -1.28,
            "roe_4q": -3.36,
            "gross_profit": 67964,
            "gross_margin": 46.61,
            "gross_margin_4q_avg": 48.84,
            "net_income": -16392,
            "revenue": 145800,
            "common_shares": 489923,
            "book_valuer_per_share": 26.01,
            "book_valuer_per_share_4q_avg": 26.37,
            "equity": 1274475,
            "current_ratio": 142.54,
            "debt_ratio": 40.75,
            "inventory_turnover_ratio": 19.23,
            "account_receivable_turnover_ratio": 16.2,
            "reinvestment_rate": 223.15,
            "research_to_sale_ratio": null,
            "price_fair": 207.55,
            "eps_avg_yearly": 5.93,
            "eps_latest_yearly": 4.88,
            "eps_growth_yearly": 125.54
        },
        "20184": {
            "year_quarter": 20184,
            "year": 2018,
            "quarter": 4,
            "eps": 0.08,
            "eps_growth_year": null,
            "eps_4q": -0.62,
            "eps_4q_growth_year": null,
            "roe": 0.32,
            "roe_4q": -2.36,
            "gross_profit": 84258,
            "gross_margin": 47.74,
            "gross_margin_4q_avg": 48.23,
            "net_income": 4112,
            "revenue": 176505,
            "common_shares": 489923,
            "book_valuer_per_share": 26.13,
            "book_valuer_per_share_4q_avg": 26.25,
            "equity": 1280152,
            "current_ratio": 145.22,
            "debt_ratio": 41.49,
            "inventory_turnover_ratio": 23.08,
            "account_receivable_turnover_ratio": 8.43,
            "reinvestment_rate": 197.95,
            "research_to_sale_ratio": null,
            "price_fair": 207.55,
            "eps_avg_yearly": 5.93,
            "eps_latest_yearly": 4.88,
            "eps_growth_yearly": 125.54
        },
        "20191": {
            "year_quarter": 20191,
            "year": 2019,
            "quarter": 1,
            "eps": 0.22,
            "eps_growth_year": null,
            "eps_4q": -0.33,
            "eps_4q_growth_year": null,
            "roe": 0.84,
            "roe_4q": -1.27,
            "gross_profit": 108134,
            "gross_margin": 52.97,
            "gross_margin_4q_avg": 48.35,
            "net_income": 10813,
            "revenue": 204156,
            "common_shares": 489923,
            "book_valuer_per_share": 26.16,
            "book_valuer_per_share_4q_avg": 26.16,
            "equity": 1281864,
            "current_ratio": 106.5,
            "debt_ratio": 52.9,
            "inventory_turnover_ratio": 21.54,
            "account_receivable_turnover_ratio": 6.31,
            "reinvestment_rate": 402.91,
            "research_to_sale_ratio": 0,
            "price_fair": 172.2,
            "eps_avg_yearly": 4.92,
            "eps_latest_yearly": 0.88,
            "eps_growth_yearly": 240.44
        },
        "20192": {
            "year_quarter": 20192,
            "year": 2019,
            "quarter": 2,
            "eps": -0.49,
            "eps_growth_year": null,
            "eps_4q": -0.52,
            "eps_4q_growth_year": null,
            "roe": -1.89,
            "roe_4q": -2.01,
            "gross_profit": 62334,
            "gross_margin": 41.69,
            "gross_margin_4q_avg": 47.25,
            "net_income": -23923,
            "revenue": 149521,
            "common_shares": 489923,
            "book_valuer_per_share": 25.62,
            "book_valuer_per_share_4q_avg": 25.98,
            "equity": 1255017,
            "current_ratio": 94.99,
            "debt_ratio": 52.92,
            "inventory_turnover_ratio": 20.14,
            "account_receivable_turnover_ratio": 5.83,
            "reinvestment_rate": 1163.43,
            "research_to_sale_ratio": null,
            "price_fair": 112.7,
            "eps_avg_yearly": 3.22,
            "eps_latest_yearly": 0.88,
            "eps_growth_yearly": 156.38
        },
        "20193": {
            "year_quarter": 20193,
            "year": 2019,
            "quarter": 3,
            "eps": -0.19,
            "eps_growth_year": null,
            "eps_4q": -0.38,
            "eps_4q_growth_year": null,
            "roe": -0.75,
            "roe_4q": -1.4799999999999998,
            "gross_profit": 66403,
            "gross_margin": 43.28,
            "gross_margin_4q_avg": 46.42,
            "net_income": -9436,
            "revenue": 153416,
            "common_shares": 489923,
            "book_valuer_per_share": 25.42,
            "book_valuer_per_share_4q_avg": 25.83,
            "equity": 1245419,
            "current_ratio": 100.81,
            "debt_ratio": 52.47,
            "inventory_turnover_ratio": 24.04,
            "account_receivable_turnover_ratio": 9.22,
            "reinvestment_rate": 2520.82,
            "research_to_sale_ratio": null,
            "price_fair": 115.27,
            "eps_avg_yearly": 3.29,
            "eps_latest_yearly": 0.88,
            "eps_growth_yearly": 307.71
        },
        "20194": {
            "year_quarter": 20194,
            "year": 2019,
            "quarter": 4,
            "eps": 0.33,
            "eps_growth_year": 289.98,
            "eps_4q": -0.13,
            "eps_4q_growth_year": null,
            "roe": 1.28,
            "roe_4q": -0.5199999999999999,
            "gross_profit": 96992,
            "gross_margin": 53.04,
            "gross_margin_4q_avg": 47.75,
            "net_income": 16036,
            "revenue": 182877,
            "common_shares": 489923,
            "book_valuer_per_share": 25.57,
            "book_valuer_per_share_4q_avg": 25.69,
            "equity": 1252805,
            "current_ratio": 113.95,
            "debt_ratio": 49.86,
            "inventory_turnover_ratio": 22.87,
            "account_receivable_turnover_ratio": 8.15,
            "reinvestment_rate": null,
            "research_to_sale_ratio": null,
            "price_fair": 100.8,
            "eps_avg_yearly": 2.88,
            "eps_latest_yearly": 0.88,
            "eps_growth_yearly": 386.89
        },
        "20201": {
            "year_quarter": 20201,
            "year": 2020,
            "quarter": 1,
            "eps": -0.24,
            "eps_growth_year": -209.09,
            "eps_4q": -0.6,
            "eps_4q_growth_year": null,
            "roe": -0.95,
            "roe_4q": -2.3099999999999996,
            "gross_profit": 79675,
            "gross_margin": 52.69,
            "gross_margin_4q_avg": 47.68,
            "net_income": -11852,
            "revenue": 151202,
            "common_shares": 489923,
            "book_valuer_per_share": 25.37,
            "book_valuer_per_share_4q_avg": 25.5,
            "equity": 1242925,
            "current_ratio": 106.22,
            "debt_ratio": 48.88,
            "inventory_turnover_ratio": 19.4,
            "account_receivable_turnover_ratio": 8.52,
            "reinvestment_rate": null,
            "research_to_sale_ratio": null,
            "price_fair": 30.8,
            "eps_avg_yearly": 0.88,
            "eps_latest_yearly": 0.88,
            "eps_growth_yearly": 700
        },
        "20202": {
            "year_quarter": 20202,
            "year": 2020,
            "quarter": 2,
            "eps": -0.93,
            "eps_growth_year": null,
            "eps_4q": -1.04,
            "eps_4q_growth_year": null,
            "roe": -3.74,
            "roe_4q": -4.16,
            "gross_profit": 27846,
            "gross_margin": 33.56,
            "gross_margin_4q_avg": 45.64,
            "net_income": -45643,
            "revenue": 82962,
            "common_shares": 489923,
            "book_valuer_per_share": 24.45,
            "book_valuer_per_share_4q_avg": 25.2,
            "equity": 1197790,
            "current_ratio": 100.96,
            "debt_ratio": 49.56,
            "inventory_turnover_ratio": 17.31,
            "account_receivable_turnover_ratio": 11.96,
            "reinvestment_rate": null,
            "research_to_sale_ratio": null,
            "price_fair": 30.8,
            "eps_avg_yearly": 0.88,
            "eps_latest_yearly": 0.88,
            "eps_growth_yearly": 700
        },
        "20203": {
            "year_quarter": 20203,
            "year": 2020,
            "quarter": 3,
            "eps": 0.81,
            "eps_growth_year": null,
            "eps_4q": -0.03,
            "eps_4q_growth_year": null,
            "roe": 3.26,
            "roe_4q": -0.15000000000000036,
            "gross_profit": 123219,
            "gross_margin": 60.47,
            "gross_margin_4q_avg": 49.94,
            "net_income": 39781,
            "revenue": 203768,
            "common_shares": 489923,
            "book_valuer_per_share": 25.4,
            "book_valuer_per_share_4q_avg": 25.2,
            "equity": 1244274,
            "current_ratio": 129.5,
            "debt_ratio": 49.23,
            "inventory_turnover_ratio": 22.56,
            "account_receivable_turnover_ratio": 9.71,
            "reinvestment_rate": null,
            "research_to_sale_ratio": null,
            "price_fair": 30.8,
            "eps_avg_yearly": 0.88,
            "eps_latest_yearly": 0.88,
            "eps_growth_yearly": 700
        },
        "20204": {
            "year_quarter": 20204,
            "year": 2020,
            "quarter": 4,
            "eps": 0.54,
            "eps_growth_year": 64.97,
            "eps_4q": 0.18,
            "eps_4q_growth_year": null,
            "roe": 2.11,
            "roe_4q": 0.679999999999999,
            "gross_profit": 115010,
            "gross_margin": 58.61,
            "gross_margin_4q_avg": 51.33,
            "net_income": 26455,
            "revenue": 196224,
            "common_shares": 489923,
            "book_valuer_per_share": 25.75,
            "book_valuer_per_share_4q_avg": 25.24,
            "equity": 1261429,
            "current_ratio": 150.29,
            "debt_ratio": 48.94,
            "inventory_turnover_ratio": 20.79,
            "account_receivable_turnover_ratio": 7.85,
            "reinvestment_rate": null,
            "research_to_sale_ratio": null,
            "price_fair": 53.2,
            "eps_avg_yearly": 1.52,
            "eps_latest_yearly": 2.16,
            "eps_growth_yearly": 283.33
        },
        "20211": {
            "year_quarter": 20211,
            "year": 2021,
            "quarter": 1,
            "eps": 0.46,
            "eps_growth_year": null,
            "eps_4q": 0.88,
            "eps_4q_growth_year": null,
            "roe": 1.8,
            "roe_4q": 3.4299999999999997,
            "gross_profit": 111766,
            "gross_margin": 60.3,
            "gross_margin_4q_avg": 53.24,
            "net_income": 22657,
            "revenue": 185352,
            "common_shares": 489923,
            "book_valuer_per_share": 25.78,
            "book_valuer_per_share_4q_avg": 25.35,
            "equity": 1263023,
            "current_ratio": 160.42,
            "debt_ratio": 48.66,
            "inventory_turnover_ratio": 19.62,
            "account_receivable_turnover_ratio": 13.21,
            "reinvestment_rate": null,
            "research_to_sale_ratio": null,
            "price_fair": 56.93,
            "eps_avg_yearly": 1.63,
            "eps_latest_yearly": 1.84,
            "eps_growth_yearly": 169.14
        },
        "20212": {
            "year_quarter": 20212,
            "year": 2021,
            "quarter": 2,
            "eps": -0.7,
            "eps_growth_year": null,
            "eps_4q": 1.11,
            "eps_4q_growth_year": null,
            "roe": -2.79,
            "roe_4q": 4.38,
            "gross_profit": 24019,
            "gross_margin": 31.99,
            "gross_margin_4q_avg": 52.84,
            "net_income": -34382,
            "revenue": 75085,
            "common_shares": 489923,
            "book_valuer_per_share": 24.59,
            "book_valuer_per_share_4q_avg": 25.38,
            "equity": 1204701,
            "current_ratio": 162.62,
            "debt_ratio": 48.18,
            "inventory_turnover_ratio": 15.07,
            "account_receivable_turnover_ratio": 11.8,
            "reinvestment_rate": null,
            "research_to_sale_ratio": null,
            "price_fair": 56.93,
            "eps_avg_yearly": 1.63,
            "eps_latest_yearly": 1.84,
            "eps_growth_yearly": 169.14
        },
        "20213": {
            "year_quarter": 20213,
            "year": 2021,
            "quarter": 3,
            "eps": -1.04,
            "eps_growth_year": -228.4,
            "eps_4q": -0.74,
            "eps_4q_growth_year": null,
            "roe": -4.38,
            "roe_4q": -3.2600000000000002,
            "gross_profit": 14864,
            "gross_margin": 24.85,
            "gross_margin_4q_avg": 43.94,
            "net_income": -50751,
            "revenue": 59824,
            "common_shares": 489923,
            "book_valuer_per_share": 22.76,
            "book_valuer_per_share_4q_avg": 24.72,
            "equity": 1114984,
            "current_ratio": 141.17,
            "debt_ratio": 50.11,
            "inventory_turnover_ratio": 16.51,
            "account_receivable_turnover_ratio": 19.66,
            "reinvestment_rate": null,
            "research_to_sale_ratio": null,
            "price_fair": 56.93,
            "eps_avg_yearly": 1.63,
            "eps_latest_yearly": 1.84,
            "eps_growth_yearly": 169.14
        },
        "20214": {
            "year_quarter": 20214,
            "year": 2021,
            "quarter": 4,
            "eps": 0.58,
            "eps_growth_year": 7.5,
            "eps_4q": -0.69,
            "eps_4q_growth_year": -489.39,
            "roe": 2.51,
            "roe_4q": -2.8600000000000003,
            "gross_profit": 103772,
            "gross_margin": 59.93,
            "gross_margin_4q_avg": 44.27,
            "net_income": 28439,
            "revenue": 173158,
            "common_shares": 489923,
            "book_valuer_per_share": 23.58,
            "book_valuer_per_share_4q_avg": 24.18,
            "equity": 1155146,
            "current_ratio": 146.35,
            "debt_ratio": 49.62,
            "inventory_turnover_ratio": 22.84,
            "account_receivable_turnover_ratio": 21,
            "reinvestment_rate": null,
            "research_to_sale_ratio": null,
            "price_fair": 56.93,
            "eps_avg_yearly": 1.63,
            "eps_latest_yearly": 1.84,
            "eps_growth_yearly": 169.14
        },
        "20221": {
            "year_quarter": 20221,
            "year": 2022,
            "quarter": 1,
            "eps": 0.48,
            "eps_growth_year": 4.35,
            "eps_4q": -0.67,
            "eps_4q_growth_year": -176.15,
            "roe": 2.03,
            "roe_4q": -2.630000000000001,
            "gross_profit": 107232,
            "gross_margin": 61.25,
            "gross_margin_4q_avg": 44.51,
            "net_income": 23759,
            "revenue": 175079,
            "common_shares": 489923,
            "book_valuer_per_share": 24.2,
            "book_valuer_per_share_4q_avg": 23.78,
            "equity": 1185534,
            "current_ratio": 173.74,
            "debt_ratio": 47.29,
            "inventory_turnover_ratio": 18.06,
            "account_receivable_turnover_ratio": 19.19,
            "reinvestment_rate": null,
            "research_to_sale_ratio": null,
            "price_fair": 59.5,
            "eps_avg_yearly": 1.7,
            "eps_latest_yearly": 1.92,
            "eps_growth_yearly": 109.61
        },
        "20222": {
            "year_quarter": 20222,
            "year": 2022,
            "quarter": 2,
            "eps": -0.74,
            "eps_growth_year": null,
            "eps_4q": -0.71,
            "eps_4q_growth_year": -163.86,
            "roe": -3.1,
            "roe_4q": -2.9400000000000004,
            "gross_profit": 27605,
            "gross_margin": 35.48,
            "gross_margin_4q_avg": 45.38,
            "net_income": -36255,
            "revenue": 77805,
            "common_shares": 489923,
            "book_valuer_per_share": 23.48,
            "book_valuer_per_share_4q_avg": 23.51,
            "equity": 1150234,
            "current_ratio": 110.96,
            "debt_ratio": 46.73,
            "inventory_turnover_ratio": 14.35,
            "account_receivable_turnover_ratio": 14.17,
            "reinvestment_rate": null,
            "research_to_sale_ratio": null,
            "price_fair": 59.5,
            "eps_avg_yearly": 1.7,
            "eps_latest_yearly": 1.92,
            "eps_growth_yearly": 109.61
        },
        "20223": {
            "year_quarter": 20223,
            "year": 2022,
            "quarter": 3,
            "eps": 0.43,
            "eps_growth_year": null,
            "eps_4q": 0.75,
            "eps_4q_growth_year": null,
            "roe": 1.8,
            "roe_4q": 3.2399999999999993,
            "gross_profit": 103748,
            "gross_margin": 58.28,
            "gross_margin_4q_avg": 53.74,
            "net_income": 20881,
            "revenue": 178008,
            "common_shares": 489923,
            "book_valuer_per_share": 23.76,
            "book_valuer_per_share_4q_avg": 23.76,
            "equity": 1163837,
            "current_ratio": 115.6,
            "debt_ratio": 46.5,
            "inventory_turnover_ratio": 21.21,
            "account_receivable_turnover_ratio": 12.99,
            "reinvestment_rate": null,
            "research_to_sale_ratio": null,
            "price_fair": 59.5,
            "eps_avg_yearly": 1.7,
            "eps_latest_yearly": 1.92,
            "eps_growth_yearly": 109.61
        },
        "20224": {
            "year_quarter": 20224,
            "year": 2022,
            "quarter": 4,
            "eps": 0.07,
            "eps_growth_year": -87.87,
            "eps_4q": 0.24,
            "eps_4q_growth_year": null,
            "roe": 0.29,
            "roe_4q": 1.0199999999999996,
            "gross_profit": 91086,
            "gross_margin": 56.54,
            "gross_margin_4q_avg": 52.89,
            "net_income": 3416,
            "revenue": 161096,
            "common_shares": 489923,
            "book_valuer_per_share": 23.7,
            "book_valuer_per_share_4q_avg": 23.79,
            "equity": 1183473,
            "current_ratio": 103.83,
            "debt_ratio": 46.09,
            "inventory_turnover_ratio": 16.64,
            "account_receivable_turnover_ratio": 8.91,
            "reinvestment_rate": null,
            "research_to_sale_ratio": null,
            "price_fair": 43.49,
            "eps_avg_yearly": 1.42,
            "eps_latest_yearly": 0.28,
            "eps_growth_yearly": 20.71
        },
        "20231": {
            "year_quarter": 20231,
            "year": 2023,
            "quarter": 1,
            "eps": 0.79,
            "eps_growth_year": 64.58,
            "eps_4q": 0.54,
            "eps_4q_growth_year": null,
            "roe": 3.15,
            "roe_4q": 2.14,
            "gross_profit": 111021,
            "gross_margin": 61.13,
            "gross_margin_4q_avg": 52.86,
            "net_income": 37897,
            "revenue": 181609,
            "common_shares": 489923,
            "book_valuer_per_share": 24.45,
            "book_valuer_per_share_4q_avg": 23.85,
            "equity": 1219797,
            "current_ratio": 105.72,
            "debt_ratio": 43.72,
            "inventory_turnover_ratio": 15.74,
            "account_receivable_turnover_ratio": 19.42,
            "reinvestment_rate": -5159.05,
            "research_to_sale_ratio": null,
            "price_fair": 65.52,
            "eps_avg_yearly": 1.87,
            "eps_latest_yearly": 3.16,
            "eps_growth_yearly": 703.57
        }
    },
    "months": {
        "2013-12": {
            "month": "2013-12",
            "price": "53.39",
            "revenue": 61201
        },
        "2014-01": {
            "month": "2014-01",
            "price": "53.76",
            "revenue": 59487
        },
        "2014-02": {
            "month": "2014-02",
            "price": "54.58",
            "revenue": 94747
        },
        "2014-03": {
            "month": "2014-03",
            "price": "52.33",
            "revenue": 70648
        },
        "2014-04": {
            "month": "2014-04",
            "price": "51.29",
            "revenue": 62031
        },
        "2014-05": {
            "month": "2014-05",
            "price": "50.72",
            "revenue": 58629
        },
        "2014-06": {
            "month": "2014-06",
            "price": "51.19",
            "revenue": 59378
        },
        "2014-07": {
            "month": "2014-07",
            "price": "51.67",
            "revenue": 78457
        },
        "2014-08": {
            "month": "2014-08",
            "price": "49.05",
            "revenue": 77275
        },
        "2014-09": {
            "month": "2014-09",
            "price": "47.79",
            "revenue": 56673
        },
        "2014-10": {
            "month": "2014-10",
            "price": "47.35",
            "revenue": 73259
        },
        "2014-11": {
            "month": "2014-11",
            "price": "45.42",
            "revenue": 77140
        },
        "2014-12": {
            "month": "2014-12",
            "price": "49.93",
            "revenue": 74098
        },
        "2015-01": {
            "month": "2015-01",
            "price": "56.51",
            "revenue": 74892
        },
        "2015-02": {
            "month": "2015-02",
            "price": "56.06",
            "revenue": 104241
        },
        "2015-03": {
            "month": "2015-03",
            "price": "59.62",
            "revenue": 57027
        },
        "2015-04": {
            "month": "2015-04",
            "price": "57.14",
            "revenue": 64538
        },
        "2015-05": {
            "month": "2015-05",
            "price": "55.10",
            "revenue": 59418
        },
        "2015-06": {
            "month": "2015-06",
            "price": "53.59",
            "revenue": 57602
        },
        "2015-07": {
            "month": "2015-07",
            "price": "54.19",
            "revenue": 78015
        },
        "2015-08": {
            "month": "2015-08",
            "price": "50.98",
            "revenue": 62349
        },
        "2015-09": {
            "month": "2015-09",
            "price": "47.67",
            "revenue": 53484
        },
        "2015-10": {
            "month": "2015-10",
            "price": "49.95",
            "revenue": 75164
        },
        "2015-11": {
            "month": "2015-11",
            "price": "52.67",
            "revenue": 74836
        },
        "2015-12": {
            "month": "2015-12",
            "price": "57.69",
            "revenue": 67723
        },
        "2016-01": {
            "month": "2016-01",
            "price": "42.01",
            "revenue": 62085
        },
        "2016-02": {
            "month": "2016-02",
            "price": "41.36",
            "revenue": 107676
        },
        "2016-03": {
            "month": "2016-03",
            "price": "41.01",
            "revenue": 68975
        },
        "2016-04": {
            "month": "2016-04",
            "price": "39.49",
            "revenue": 65796
        },
        "2016-05": {
            "month": "2016-05",
            "price": "36.63",
            "revenue": 52842
        },
        "2016-06": {
            "month": "2016-06",
            "price": "36.16",
            "revenue": 45455
        },
        "2016-07": {
            "month": "2016-07",
            "price": "34.80",
            "revenue": 64964
        },
        "2016-08": {
            "month": "2016-08",
            "price": "31.39",
            "revenue": 48865
        },
        "2016-09": {
            "month": "2016-09",
            "price": "25.51",
            "revenue": 28810
        },
        "2016-10": {
            "month": "2016-10",
            "price": "22.83",
            "revenue": 41942
        },
        "2016-11": {
            "month": "2016-11",
            "price": "23.49",
            "revenue": 51820
        },
        "2016-12": {
            "month": "2016-12",
            "price": "22.98",
            "revenue": 60116
        },
        "2017-01": {
            "month": "2017-01",
            "price": "22.35",
            "revenue": 67716
        },
        "2017-02": {
            "month": "2017-02",
            "price": "22.65",
            "revenue": 76625
        },
        "2017-03": {
            "month": "2017-03",
            "price": "22.64",
            "revenue": 51292
        },
        "2017-04": {
            "month": "2017-04",
            "price": "20.88",
            "revenue": 57922
        },
        "2017-05": {
            "month": "2017-05",
            "price": "18.34",
            "revenue": 44302
        },
        "2017-06": {
            "month": "2017-06",
            "price": "19.68",
            "revenue": 32243
        },
        "2017-07": {
            "month": "2017-07",
            "price": "18.47",
            "revenue": 55100
        },
        "2017-08": {
            "month": "2017-08",
            "price": "17.30",
            "revenue": 58612
        },
        "2017-09": {
            "month": "2017-09",
            "price": "17.63",
            "revenue": 39774
        },
        "2017-10": {
            "month": "2017-10",
            "price": "16.96",
            "revenue": 49971
        },
        "2017-11": {
            "month": "2017-11",
            "price": "16.76",
            "revenue": 54909
        },
        "2017-12": {
            "month": "2017-12",
            "price": "17.18",
            "revenue": 61382
        },
        "2018-01": {
            "month": "2018-01",
            "price": "17.12",
            "revenue": 38404
        },
        "2018-02": {
            "month": "2018-02",
            "price": "16.56",
            "revenue": 65036
        },
        "2018-03": {
            "month": "2018-03",
            "price": "15.72",
            "revenue": 51313
        },
        "2018-04": {
            "month": "2018-04",
            "price": "14.79",
            "revenue": 54795
        },
        "2018-05": {
            "month": "2018-05",
            "price": "13.73",
            "revenue": 40966
        },
        "2018-06": {
            "month": "2018-06",
            "price": "13.96",
            "revenue": 43129
        },
        "2018-07": {
            "month": "2018-07",
            "price": "14.17",
            "revenue": 54197
        },
        "2018-08": {
            "month": "2018-08",
            "price": "13.94",
            "revenue": 54207
        },
        "2018-09": {
            "month": "2018-09",
            "price": "13.31",
            "revenue": 37396
        },
        "2018-10": {
            "month": "2018-10",
            "price": "12.36",
            "revenue": 46157
        },
        "2018-11": {
            "month": "2018-11",
            "price": "13.41",
            "revenue": 55883
        },
        "2018-12": {
            "month": "2018-12",
            "price": "19.58",
            "revenue": 74465
        },
        "2019-01": {
            "month": "2019-01",
            "price": "17.22",
            "revenue": 60599
        },
        "2019-02": {
            "month": "2019-02",
            "price": "17.02",
            "revenue": 83138
        },
        "2019-03": {
            "month": "2019-03",
            "price": "17.08",
            "revenue": 60419
        },
        "2019-04": {
            "month": "2019-04",
            "price": "16.75",
            "revenue": 54821
        },
        "2019-05": {
            "month": "2019-05",
            "price": "15.92",
            "revenue": 47414
        },
        "2019-06": {
            "month": "2019-06",
            "price": "15.72",
            "revenue": 47286
        },
        "2019-07": {
            "month": "2019-07",
            "price": "15.77",
            "revenue": 61796
        },
        "2019-08": {
            "month": "2019-08",
            "price": "13.50",
            "revenue": 48842
        },
        "2019-09": {
            "month": "2019-09",
            "price": "13.50",
            "revenue": 42779
        },
        "2019-10": {
            "month": "2019-10",
            "price": "13.46",
            "revenue": 56749
        },
        "2019-11": {
            "month": "2019-11",
            "price": "13.30",
            "revenue": 64439
        },
        "2019-12": {
            "month": "2019-12",
            "price": "14.42",
            "revenue": 61688
        },
        "2020-01": {
            "month": "2020-01",
            "price": "15.34",
            "revenue": 67765
        },
        "2020-02": {
            "month": "2020-02",
            "price": "12.35",
            "revenue": 57716
        },
        "2020-03": {
            "month": "2020-03",
            "price": "12.22",
            "revenue": 25722
        },
        "2020-04": {
            "month": "2020-04",
            "price": "11.83",
            "revenue": 17782
        },
        "2020-05": {
            "month": "2020-05",
            "price": "14.45",
            "revenue": 22120
        },
        "2020-06": {
            "month": "2020-06",
            "price": "15.62",
            "revenue": 43059
        },
        "2020-07": {
            "month": "2020-07",
            "price": "15.02",
            "revenue": 71981
        },
        "2020-08": {
            "month": "2020-08",
            "price": "13.55",
            "revenue": 72905
        },
        "2020-09": {
            "month": "2020-09",
            "price": "13.32",
            "revenue": 58882
        },
        "2020-10": {
            "month": "2020-10",
            "price": "12.97",
            "revenue": 73133
        },
        "2020-11": {
            "month": "2020-11",
            "price": "13.52",
            "revenue": 63996
        },
        "2020-12": {
            "month": "2020-12",
            "price": "14.13",
            "revenue": 59095
        },
        "2021-01": {
            "month": "2021-01",
            "price": "13.39",
            "revenue": 50538
        },
        "2021-02": {
            "month": "2021-02",
            "price": "13.25",
            "revenue": 82541
        },
        "2021-03": {
            "month": "2021-03",
            "price": "14.74",
            "revenue": 52273
        },
        "2021-04": {
            "month": "2021-04",
            "price": "16.59",
            "revenue": 50529
        },
        "2021-05": {
            "month": "2021-05",
            "price": "15.43",
            "revenue": 20529
        },
        "2021-06": {
            "month": "2021-06",
            "price": "16.34",
            "revenue": 4027
        },
        "2021-07": {
            "month": "2021-07",
            "price": "18.77",
            "revenue": 10425
        },
        "2021-08": {
            "month": "2021-08",
            "price": "17.34",
            "revenue": 22606
        },
        "2021-09": {
            "month": "2021-09",
            "price": "16.55",
            "revenue": 26794
        },
        "2021-10": {
            "month": "2021-10",
            "price": "16.46",
            "revenue": 43958
        },
        "2021-11": {
            "month": "2021-11",
            "price": "15.74",
            "revenue": 64250
        },
        "2021-12": {
            "month": "2021-12",
            "price": "15.21",
            "revenue": 64949
        },
        "2022-01": {
            "month": "2022-01",
            "price": "15.12",
            "revenue": 52183
        },
        "2022-02": {
            "month": "2022-02",
            "price": "16.01",
            "revenue": 73793
        },
        "2022-03": {
            "month": "2022-03",
            "price": "16.72",
            "revenue": 49104
        },
        "2022-04": {
            "month": "2022-04",
            "price": "16.21",
            "revenue": 36928
        },
        "2022-05": {
            "month": "2022-05",
            "price": "17.31",
            "revenue": 13809
        },
        "2022-06": {
            "month": "2022-06",
            "price": "25.09",
            "revenue": 27069
        },
        "2022-07": {
            "month": "2022-07",
            "price": "24.68",
            "revenue": 64313
        },
        "2022-08": {
            "month": "2022-08",
            "price": "25.97",
            "revenue": 67000
        },
        "2022-09": {
            "month": "2022-09",
            "price": "23.66",
            "revenue": 46694
        },
        "2022-10": {
            "month": "2022-10",
            "price": "20.22",
            "revenue": 46670
        },
        "2022-11": {
            "month": "2022-11",
            "price": "20.33",
            "revenue": 55670
        },
        "2022-12": {
            "month": "2022-12",
            "price": "21.90",
            "revenue": 58756
        },
        "2023-01": {
            "month": "2023-01",
            "price": "22.11",
            "revenue": 70898
        },
        "2023-02": {
            "month": "2023-02",
            "price": "24.02",
            "revenue": 67253
        },
        "2023-03": {
            "month": "2023-03",
            "price": "25.12",
            "revenue": 43459
        },
        "2023-04": {
            "month": "2023-04",
            "price": "22.87",
            "revenue": 52454
        },
        "2023-05": {
            "month": "2023-05",
            "price": "28.85",
            "revenue": 38384
        }
    }
}
