{
    "summary": {
        "stock_name": "寒舍",
        "stock_id": "2739",
        "category": "觀光",
        "main_business": "經營國際觀光旅館<br>附設中西餐廳咖啡廳酒吧會議廳健身房三溫暖美容商店及停車場經營<br>旅館管理諮詢顧問及休閒育樂產業設施經營諮詢診斷分析顧問",
        "website_url": "http://www.mhh-group.com",
        "ceo": "蔡伯翰",
        "pe_ratio": -21,
        "report_year_from": 2012,
        "report_year_to": 2023,
        "age": 11,
        "eps_negative_percentage": 53,
        "eps_growth_avg": {
            "last_all": -11.16,
            "last_2y": -100,
            "last_4y": -31.98,
            "last_8y": null,
            "last_12y": null,
            "last_16y": null,
            "last_20y": null,
            "at_2006_last_3y": null,
            "at_2007_last_3y": null,
            "at_2008_last_3y": null,
            "at_2009_last_3y": null,
            "at_2010_last_3y": null,
            "at_2011_last_3y": null,
            "at_2012_last_3y": null,
            "at_2013_last_3y": null,
            "at_2014_last_3y": null,
            "at_2015_last_3y": null,
            "at_2016_last_3y": null,
            "at_2017_last_3y": null,
            "at_2018_last_3y": null,
            "at_2019_last_3y": 11.06,
            "at_2020_last_3y": -38.94,
            "at_2021_last_3y": -31.98,
            "at_2022_last_3y": -46.08,
            "at_2023_last_3y": -46.08,
            "at_2006_last_all": null,
            "at_2007_last_all": null,
            "at_2008_last_all": null,
            "at_2009_last_all": null,
            "at_2010_last_all": null,
            "at_2011_last_all": null,
            "at_2012_last_all": null,
            "at_2013_last_all": null,
            "at_2014_last_all": null,
            "at_2015_last_all": null,
            "at_2016_last_all": null,
            "at_2017_last_all": 20.08,
            "at_2018_last_all": 12.13,
            "at_2019_last_all": 11.06,
            "at_2020_last_all": -11.16,
            "at_2021_last_all": -11.16,
            "at_2022_last_all": -11.16,
            "at_2023_last_all": -11.16
        },
        "latest_eps": -2.86,
        "latest_price": 60.7,
        "latest_roe": -31.57,
        "latest_gross_margin": 38.26,
        "latest_equity": 803490,
        "latest_revenue": 1195061,
        "latest_gross_profit": 457213,
        "latest_net_income": 81958,
        "latest_debt_ratio": 94.21,
        "latest_current_ratio": 32.99,
        "latest_account_receivable_turnover_ratio": 16.43,
        "latest_inventory_turnover_ratio": 9.2,
        "latest_reinvestment_rate": null,
        "latest_research_to_sale_ratio": null
    },
    "eps_dividends": {
        "2001": {
            "cash": 0,
            "stock": 0,
            "eps": 0
        },
        "2002": {
            "cash": 0,
            "stock": 0,
            "eps": 0
        },
        "2003": {
            "cash": 0,
            "stock": 0,
            "eps": 0
        },
        "2004": {
            "cash": 0,
            "stock": 0,
            "eps": 0
        },
        "2005": {
            "cash": 0,
            "stock": 0,
            "eps": 0
        },
        "2006": {
            "cash": 0,
            "stock": 0,
            "eps": 0
        },
        "2007": {
            "cash": 0,
            "stock": 0,
            "eps": 0
        },
        "2008": {
            "cash": 0,
            "stock": 0,
            "eps": 0
        },
        "2009": {
            "cash": 0,
            "stock": 0,
            "eps": 0
        },
        "2010": {
            "cash": 0,
            "stock": 0,
            "eps": 0
        },
        "2011": {
            "cash": 0,
            "stock": 0,
            "eps": 0
        },
        "2012": {
            "cash": 0,
            "stock": 0,
            "eps": 0
        },
        "2013": {
            "cash": 0,
            "stock": 0,
            "eps": 0
        },
        "2014": {
            "cash": 0,
            "stock": 0,
            "eps": 0
        },
        "2015": {
            "cash": 2,
            "stock": 0,
            "eps": 0.46
        },
        "2016": {
            "cash": 3,
            "stock": 0,
            "eps": 2.64
        },
        "2017": {
            "cash": 2,
            "stock": 0,
            "eps": 1.06
        },
        "2018": {
            "cash": 1,
            "stock": 0,
            "eps": 1.02
        },
        "2019": {
            "cash": 1,
            "stock": 0,
            "eps": 1.1
        },
        "2020": {
            "cash": 1,
            "stock": 0,
            "eps": -3.15
        },
        "2021": {
            "cash": 0,
            "stock": 0,
            "eps": -6.45
        },
        "2022": {
            "cash": 0,
            "stock": 0,
            "eps": -3.71
        },
        "2023": {
            "cash": 0,
            "stock": 0,
            "eps": 0.9
        }
    },
    "dividends": {
        "2015-07-08": {
            "cash": 2.2,
            "stock": 0
        },
        "2016-07-08": {
            "cash": 2.54,
            "stock": 0
        },
        "2017-07-05": {
            "cash": 2.2,
            "stock": 0
        },
        "2018-07-20": {
            "cash": 1,
            "stock": 0
        },
        "2019-07-12": {
            "cash": 1,
            "stock": 0
        },
        "2020-09-08": {
            "cash": 1,
            "stock": 0
        }
    },
    "prices": {
        "200101": "無",
        "200102": "無",
        "200103": "無",
        "200104": "無",
        "200105": "無",
        "200106": "無",
        "200107": "無",
        "200108": "無",
        "200109": "無",
        "200110": "無",
        "200111": "無",
        "200112": "無",
        "200201": "無",
        "200202": "無",
        "200203": "無",
        "200204": "無",
        "200205": "無",
        "200206": "無",
        "200207": "無",
        "200208": "無",
        "200209": "無",
        "200210": "無",
        "200211": "無",
        "200212": "無",
        "200301": "無",
        "200302": "無",
        "200303": "無",
        "200304": "無",
        "200305": "無",
        "200306": "無",
        "200307": "無",
        "200308": "無",
        "200309": "無",
        "200310": "無",
        "200311": "無",
        "200312": "無",
        "200401": "無",
        "200402": "無",
        "200403": "無",
        "200404": "無",
        "200405": "無",
        "200406": "無",
        "200407": "無",
        "200408": "無",
        "200409": "無",
        "200410": "無",
        "200411": "無",
        "200412": "無",
        "200501": "無",
        "200502": "無",
        "200503": "無",
        "200504": "無",
        "200505": "無",
        "200506": "無",
        "200507": "無",
        "200508": "無",
        "200509": "無",
        "200510": "無",
        "200511": "無",
        "200512": "無",
        "200601": "無",
        "200602": "無",
        "200603": "無",
        "200604": "無",
        "200605": "無",
        "200606": "無",
        "200607": "無",
        "200608": "無",
        "200609": "無",
        "200610": "無",
        "200611": "無",
        "200612": "無",
        "200701": "無",
        "200702": "無",
        "200703": "無",
        "200704": "無",
        "200705": "無",
        "200706": "無",
        "200707": "無",
        "200708": "無",
        "200709": "無",
        "200710": "無",
        "200711": "無",
        "200712": "無",
        "200801": "無",
        "200802": "無",
        "200803": "無",
        "200804": "無",
        "200805": "無",
        "200806": "無",
        "200807": "無",
        "200808": "無",
        "200809": "無",
        "200810": "無",
        "200811": "無",
        "200812": "無",
        "200901": "無",
        "200902": "無",
        "200903": "無",
        "200904": "無",
        "200905": "無",
        "200906": "無",
        "200907": "無",
        "200908": "無",
        "200909": "無",
        "200910": "無",
        "200911": "無",
        "200912": "無",
        "201001": "無",
        "201002": "無",
        "201003": "無",
        "201004": "無",
        "201005": "無",
        "201006": "無",
        "201007": "無",
        "201008": "無",
        "201009": "無",
        "201010": "無",
        "201011": "無",
        "201012": "無",
        "201101": "無",
        "201102": "無",
        "201103": "無",
        "201104": "無",
        "201105": "無",
        "201106": "無",
        "201107": "無",
        "201108": "無",
        "201109": "無",
        "201110": "無",
        "201111": "無",
        "201112": "無",
        "201201": "無",
        "201202": "無",
        "201203": "無",
        "201204": "無",
        "201205": "無",
        "201206": "無",
        "201207": "無",
        "201208": "無",
        "201209": "無",
        "201210": "無",
        "201211": "無",
        "201212": "無",
        "201301": "無",
        "201302": "無",
        "201303": "無",
        "201304": "無",
        "201305": "無",
        "201306": "無",
        "201307": "無",
        "201308": "無",
        "201309": "無",
        "201310": "無",
        "201311": "無",
        "201312": "無",
        "201401": "無",
        "201402": "無",
        "201403": "無",
        "201404": "無",
        "201405": "無",
        "201406": "無",
        "201407": "無",
        "201408": "無",
        "201409": "無",
        "201410": "93.23",
        "201411": "91.87",
        "201412": "93.16",
        "201501": "91.63",
        "201502": "90.20",
        "201503": "89.95",
        "201504": "89.76",
        "201505": "83.32",
        "201506": "77.57",
        "201507": "75.30",
        "201508": "69.32",
        "201509": "62.01",
        "201510": "54.09",
        "201511": "49.76",
        "201512": "58.16",
        "201601": "55.98",
        "201602": "55.97",
        "201603": "55.84",
        "201604": "56.84",
        "201605": "50.15",
        "201606": "43.14",
        "201607": "40.78",
        "201608": "38.16",
        "201609": "36.57",
        "201610": "33.58",
        "201611": "32.20",
        "201612": "32.10",
        "201701": "31.87",
        "201702": "33.42",
        "201703": "35.05",
        "201704": "35.92",
        "201705": "35.34",
        "201706": "38.56",
        "201707": "35.71",
        "201708": "37.65",
        "201709": "37.27",
        "201710": "36.93",
        "201711": "38.42",
        "201712": "39.70",
        "201801": "41.65",
        "201802": "40.40",
        "201803": "39.15",
        "201804": "38.94",
        "201805": "34.22",
        "201806": "31.63",
        "201807": "32.02",
        "201808": "29.67",
        "201809": "29.53",
        "201810": "29.61",
        "201811": "29.56",
        "201812": "29.93",
        "201901": "29.53",
        "201902": "29.21",
        "201903": "29.00",
        "201904": "30.60",
        "201905": "29.45",
        "201906": "28.86",
        "201907": "28.35",
        "201908": "26.14",
        "201909": "25.19",
        "201910": "24.94",
        "201911": "24.77",
        "201912": "24.75",
        "202001": "25.46",
        "202002": "22.06",
        "202003": "21.48",
        "202004": "21.20",
        "202005": "23.26",
        "202006": "26.26",
        "202007": "26.40",
        "202008": "26.82",
        "202009": "24.02",
        "202010": "24.87",
        "202011": "24.87",
        "202012": "24.82",
        "202101": "23.19",
        "202102": "23.51",
        "202103": "25.83",
        "202104": "26.32",
        "202105": "23.91",
        "202106": "24.12",
        "202107": "24.54",
        "202108": "23.15",
        "202109": "22.63",
        "202110": "23.06",
        "202111": "23.12",
        "202112": "22.66",
        "202201": "22.15",
        "202202": "23.35",
        "202203": "22.87",
        "202204": "22.14",
        "202205": "22.15",
        "202206": "23.01",
        "202207": "22.40",
        "202208": "24.18",
        "202209": "27.51",
        "202210": "27.59",
        "202211": "27.22",
        "202212": "29.68",
        "202301": "30.37",
        "202302": "35.84",
        "202303": "58.88",
        "202304": "62.15",
        "202305": "62.33"
    },
    "quarters": {
        "20011": {
            "year_quarter": 20011,
            "year": 2001,
            "quarter": 1,
            "eps": null,
            "eps_growth_year": null,
            "eps_4q": null,
            "eps_4q_growth_year": null,
            "roe": null,
            "gross_profit": null,
            "gross_margin": null,
            "net_income": null,
            "revenue": null,
            "common_shares": null,
            "equity": null,
            "current_ratio": null,
            "debt_ratio": null,
            "inventory_turnover_ratio": null,
            "account_receivable_turnover_ratio": null,
            "reinvestment_rate": null,
            "research_to_sale_ratio": null,
            "price_fair": 0,
            "eps_avg_yearly": 0,
            "eps_latest_yearly": 0,
            "eps_growth_yearly": 0
        },
        "20012": {
            "year_quarter": 20012,
            "year": 2001,
            "quarter": 2,
            "eps": null,
            "eps_growth_year": null,
            "eps_4q": null,
            "eps_4q_growth_year": null,
            "roe": null,
            "gross_profit": null,
            "gross_margin": null,
            "net_income": null,
            "revenue": null,
            "common_shares": null,
            "equity": null,
            "current_ratio": null,
            "debt_ratio": null,
            "inventory_turnover_ratio": null,
            "account_receivable_turnover_ratio": null,
            "reinvestment_rate": null,
            "research_to_sale_ratio": null,
            "price_fair": 0,
            "eps_avg_yearly": 0,
            "eps_latest_yearly": 0,
            "eps_growth_yearly": 0
        },
        "20013": {
            "year_quarter": 20013,
            "year": 2001,
            "quarter": 3,
            "eps": null,
            "eps_growth_year": null,
            "eps_4q": null,
            "eps_4q_growth_year": null,
            "roe": null,
            "gross_profit": null,
            "gross_margin": null,
            "net_income": null,
            "revenue": null,
            "common_shares": null,
            "equity": null,
            "current_ratio": null,
            "debt_ratio": null,
            "inventory_turnover_ratio": null,
            "account_receivable_turnover_ratio": null,
            "reinvestment_rate": null,
            "research_to_sale_ratio": null,
            "price_fair": 0,
            "eps_avg_yearly": 0,
            "eps_latest_yearly": 0,
            "eps_growth_yearly": 0
        },
        "20014": {
            "year_quarter": 20014,
            "year": 2001,
            "quarter": 4,
            "eps": null,
            "eps_growth_year": null,
            "eps_4q": null,
            "eps_4q_growth_year": null,
            "roe": null,
            "gross_profit": null,
            "gross_margin": null,
            "net_income": null,
            "revenue": null,
            "common_shares": null,
            "equity": null,
            "current_ratio": null,
            "debt_ratio": null,
            "inventory_turnover_ratio": null,
            "account_receivable_turnover_ratio": null,
            "reinvestment_rate": null,
            "research_to_sale_ratio": null,
            "price_fair": 0,
            "eps_avg_yearly": 0,
            "eps_latest_yearly": 0,
            "eps_growth_yearly": 0
        },
        "20021": {
            "year_quarter": 20021,
            "year": 2002,
            "quarter": 1,
            "eps": null,
            "eps_growth_year": null,
            "eps_4q": null,
            "eps_4q_growth_year": null,
            "roe": null,
            "gross_profit": null,
            "gross_margin": null,
            "net_income": null,
            "revenue": null,
            "common_shares": null,
            "equity": null,
            "current_ratio": null,
            "debt_ratio": null,
            "inventory_turnover_ratio": null,
            "account_receivable_turnover_ratio": null,
            "reinvestment_rate": null,
            "research_to_sale_ratio": null,
            "price_fair": 0,
            "eps_avg_yearly": 0,
            "eps_latest_yearly": 0,
            "eps_growth_yearly": 0
        },
        "20022": {
            "year_quarter": 20022,
            "year": 2002,
            "quarter": 2,
            "eps": null,
            "eps_growth_year": null,
            "eps_4q": null,
            "eps_4q_growth_year": null,
            "roe": null,
            "gross_profit": null,
            "gross_margin": null,
            "net_income": null,
            "revenue": null,
            "common_shares": null,
            "equity": null,
            "current_ratio": null,
            "debt_ratio": null,
            "inventory_turnover_ratio": null,
            "account_receivable_turnover_ratio": null,
            "reinvestment_rate": null,
            "research_to_sale_ratio": null,
            "price_fair": 0,
            "eps_avg_yearly": 0,
            "eps_latest_yearly": 0,
            "eps_growth_yearly": 0
        },
        "20023": {
            "year_quarter": 20023,
            "year": 2002,
            "quarter": 3,
            "eps": null,
            "eps_growth_year": null,
            "eps_4q": null,
            "eps_4q_growth_year": null,
            "roe": null,
            "gross_profit": null,
            "gross_margin": null,
            "net_income": null,
            "revenue": null,
            "common_shares": null,
            "equity": null,
            "current_ratio": null,
            "debt_ratio": null,
            "inventory_turnover_ratio": null,
            "account_receivable_turnover_ratio": null,
            "reinvestment_rate": null,
            "research_to_sale_ratio": null,
            "price_fair": 0,
            "eps_avg_yearly": 0,
            "eps_latest_yearly": 0,
            "eps_growth_yearly": 0
        },
        "20024": {
            "year_quarter": 20024,
            "year": 2002,
            "quarter": 4,
            "eps": null,
            "eps_growth_year": null,
            "eps_4q": null,
            "eps_4q_growth_year": null,
            "roe": null,
            "gross_profit": null,
            "gross_margin": null,
            "net_income": null,
            "revenue": null,
            "common_shares": null,
            "equity": null,
            "current_ratio": null,
            "debt_ratio": null,
            "inventory_turnover_ratio": null,
            "account_receivable_turnover_ratio": null,
            "reinvestment_rate": null,
            "research_to_sale_ratio": null,
            "price_fair": 0,
            "eps_avg_yearly": 0,
            "eps_latest_yearly": 0,
            "eps_growth_yearly": 0
        },
        "20031": {
            "year_quarter": 20031,
            "year": 2003,
            "quarter": 1,
            "eps": null,
            "eps_growth_year": null,
            "eps_4q": null,
            "eps_4q_growth_year": null,
            "roe": null,
            "gross_profit": null,
            "gross_margin": null,
            "net_income": null,
            "revenue": null,
            "common_shares": null,
            "equity": null,
            "current_ratio": null,
            "debt_ratio": null,
            "inventory_turnover_ratio": null,
            "account_receivable_turnover_ratio": null,
            "reinvestment_rate": null,
            "research_to_sale_ratio": null,
            "price_fair": 0,
            "eps_avg_yearly": 0,
            "eps_latest_yearly": 0,
            "eps_growth_yearly": 0
        },
        "20032": {
            "year_quarter": 20032,
            "year": 2003,
            "quarter": 2,
            "eps": null,
            "eps_growth_year": null,
            "eps_4q": null,
            "eps_4q_growth_year": null,
            "roe": null,
            "gross_profit": null,
            "gross_margin": null,
            "net_income": null,
            "revenue": null,
            "common_shares": null,
            "equity": null,
            "current_ratio": null,
            "debt_ratio": null,
            "inventory_turnover_ratio": null,
            "account_receivable_turnover_ratio": null,
            "reinvestment_rate": null,
            "research_to_sale_ratio": null,
            "price_fair": 0,
            "eps_avg_yearly": 0,
            "eps_latest_yearly": 0,
            "eps_growth_yearly": 0
        },
        "20033": {
            "year_quarter": 20033,
            "year": 2003,
            "quarter": 3,
            "eps": null,
            "eps_growth_year": null,
            "eps_4q": null,
            "eps_4q_growth_year": null,
            "roe": null,
            "gross_profit": null,
            "gross_margin": null,
            "net_income": null,
            "revenue": null,
            "common_shares": null,
            "equity": null,
            "current_ratio": null,
            "debt_ratio": null,
            "inventory_turnover_ratio": null,
            "account_receivable_turnover_ratio": null,
            "reinvestment_rate": null,
            "research_to_sale_ratio": null,
            "price_fair": 0,
            "eps_avg_yearly": 0,
            "eps_latest_yearly": 0,
            "eps_growth_yearly": 0
        },
        "20034": {
            "year_quarter": 20034,
            "year": 2003,
            "quarter": 4,
            "eps": null,
            "eps_growth_year": null,
            "eps_4q": null,
            "eps_4q_growth_year": null,
            "roe": null,
            "gross_profit": null,
            "gross_margin": null,
            "net_income": null,
            "revenue": null,
            "common_shares": null,
            "equity": null,
            "current_ratio": null,
            "debt_ratio": null,
            "inventory_turnover_ratio": null,
            "account_receivable_turnover_ratio": null,
            "reinvestment_rate": null,
            "research_to_sale_ratio": null,
            "price_fair": 0,
            "eps_avg_yearly": 0,
            "eps_latest_yearly": 0,
            "eps_growth_yearly": 0
        },
        "20041": {
            "year_quarter": 20041,
            "year": 2004,
            "quarter": 1,
            "eps": null,
            "eps_growth_year": null,
            "eps_4q": null,
            "eps_4q_growth_year": null,
            "roe": null,
            "gross_profit": null,
            "gross_margin": null,
            "net_income": null,
            "revenue": null,
            "common_shares": null,
            "equity": null,
            "current_ratio": null,
            "debt_ratio": null,
            "inventory_turnover_ratio": null,
            "account_receivable_turnover_ratio": null,
            "reinvestment_rate": null,
            "research_to_sale_ratio": null,
            "price_fair": 0,
            "eps_avg_yearly": 0,
            "eps_latest_yearly": 0,
            "eps_growth_yearly": 0
        },
        "20042": {
            "year_quarter": 20042,
            "year": 2004,
            "quarter": 2,
            "eps": null,
            "eps_growth_year": null,
            "eps_4q": null,
            "eps_4q_growth_year": null,
            "roe": null,
            "gross_profit": null,
            "gross_margin": null,
            "net_income": null,
            "revenue": null,
            "common_shares": null,
            "equity": null,
            "current_ratio": null,
            "debt_ratio": null,
            "inventory_turnover_ratio": null,
            "account_receivable_turnover_ratio": null,
            "reinvestment_rate": null,
            "research_to_sale_ratio": null,
            "price_fair": 0,
            "eps_avg_yearly": 0,
            "eps_latest_yearly": 0,
            "eps_growth_yearly": 0
        },
        "20043": {
            "year_quarter": 20043,
            "year": 2004,
            "quarter": 3,
            "eps": null,
            "eps_growth_year": null,
            "eps_4q": null,
            "eps_4q_growth_year": null,
            "roe": null,
            "gross_profit": null,
            "gross_margin": null,
            "net_income": null,
            "revenue": null,
            "common_shares": null,
            "equity": null,
            "current_ratio": null,
            "debt_ratio": null,
            "inventory_turnover_ratio": null,
            "account_receivable_turnover_ratio": null,
            "reinvestment_rate": null,
            "research_to_sale_ratio": null,
            "price_fair": 0,
            "eps_avg_yearly": 0,
            "eps_latest_yearly": 0,
            "eps_growth_yearly": 0
        },
        "20044": {
            "year_quarter": 20044,
            "year": 2004,
            "quarter": 4,
            "eps": null,
            "eps_growth_year": null,
            "eps_4q": null,
            "eps_4q_growth_year": null,
            "roe": null,
            "gross_profit": null,
            "gross_margin": null,
            "net_income": null,
            "revenue": null,
            "common_shares": null,
            "equity": null,
            "current_ratio": null,
            "debt_ratio": null,
            "inventory_turnover_ratio": null,
            "account_receivable_turnover_ratio": null,
            "reinvestment_rate": null,
            "research_to_sale_ratio": null,
            "price_fair": 0,
            "eps_avg_yearly": 0,
            "eps_latest_yearly": 0,
            "eps_growth_yearly": 0
        },
        "20051": {
            "year_quarter": 20051,
            "year": 2005,
            "quarter": 1,
            "eps": null,
            "eps_growth_year": null,
            "eps_4q": null,
            "eps_4q_growth_year": null,
            "roe": null,
            "gross_profit": null,
            "gross_margin": null,
            "net_income": null,
            "revenue": null,
            "common_shares": null,
            "equity": null,
            "current_ratio": null,
            "debt_ratio": null,
            "inventory_turnover_ratio": null,
            "account_receivable_turnover_ratio": null,
            "reinvestment_rate": null,
            "research_to_sale_ratio": null,
            "price_fair": 0,
            "eps_avg_yearly": 0,
            "eps_latest_yearly": 0,
            "eps_growth_yearly": 0
        },
        "20052": {
            "year_quarter": 20052,
            "year": 2005,
            "quarter": 2,
            "eps": null,
            "eps_growth_year": null,
            "eps_4q": null,
            "eps_4q_growth_year": null,
            "roe": null,
            "gross_profit": null,
            "gross_margin": null,
            "net_income": null,
            "revenue": null,
            "common_shares": null,
            "equity": null,
            "current_ratio": null,
            "debt_ratio": null,
            "inventory_turnover_ratio": null,
            "account_receivable_turnover_ratio": null,
            "reinvestment_rate": null,
            "research_to_sale_ratio": null,
            "price_fair": 0,
            "eps_avg_yearly": 0,
            "eps_latest_yearly": 0,
            "eps_growth_yearly": 0
        },
        "20053": {
            "year_quarter": 20053,
            "year": 2005,
            "quarter": 3,
            "eps": null,
            "eps_growth_year": null,
            "eps_4q": null,
            "eps_4q_growth_year": null,
            "roe": null,
            "gross_profit": null,
            "gross_margin": null,
            "net_income": null,
            "revenue": null,
            "common_shares": null,
            "equity": null,
            "current_ratio": null,
            "debt_ratio": null,
            "inventory_turnover_ratio": null,
            "account_receivable_turnover_ratio": null,
            "reinvestment_rate": null,
            "research_to_sale_ratio": null,
            "price_fair": 0,
            "eps_avg_yearly": 0,
            "eps_latest_yearly": 0,
            "eps_growth_yearly": 0
        },
        "20054": {
            "year_quarter": 20054,
            "year": 2005,
            "quarter": 4,
            "eps": null,
            "eps_growth_year": null,
            "eps_4q": null,
            "eps_4q_growth_year": null,
            "roe": null,
            "gross_profit": null,
            "gross_margin": null,
            "net_income": null,
            "revenue": null,
            "common_shares": null,
            "equity": null,
            "current_ratio": null,
            "debt_ratio": null,
            "inventory_turnover_ratio": null,
            "account_receivable_turnover_ratio": null,
            "reinvestment_rate": null,
            "research_to_sale_ratio": null,
            "price_fair": 0,
            "eps_avg_yearly": 0,
            "eps_latest_yearly": 0,
            "eps_growth_yearly": 0
        },
        "20061": {
            "year_quarter": 20061,
            "year": 2006,
            "quarter": 1,
            "eps": null,
            "eps_growth_year": null,
            "eps_4q": null,
            "eps_4q_growth_year": null,
            "roe": null,
            "gross_profit": null,
            "gross_margin": null,
            "net_income": null,
            "revenue": null,
            "common_shares": null,
            "equity": null,
            "current_ratio": null,
            "debt_ratio": null,
            "inventory_turnover_ratio": null,
            "account_receivable_turnover_ratio": null,
            "reinvestment_rate": null,
            "research_to_sale_ratio": null,
            "price_fair": 0,
            "eps_avg_yearly": 0,
            "eps_latest_yearly": 0,
            "eps_growth_yearly": 0
        },
        "20062": {
            "year_quarter": 20062,
            "year": 2006,
            "quarter": 2,
            "eps": null,
            "eps_growth_year": null,
            "eps_4q": null,
            "eps_4q_growth_year": null,
            "roe": null,
            "gross_profit": null,
            "gross_margin": null,
            "net_income": null,
            "revenue": null,
            "common_shares": null,
            "equity": null,
            "current_ratio": null,
            "debt_ratio": null,
            "inventory_turnover_ratio": null,
            "account_receivable_turnover_ratio": null,
            "reinvestment_rate": null,
            "research_to_sale_ratio": null,
            "price_fair": 0,
            "eps_avg_yearly": 0,
            "eps_latest_yearly": 0,
            "eps_growth_yearly": 0
        },
        "20063": {
            "year_quarter": 20063,
            "year": 2006,
            "quarter": 3,
            "eps": null,
            "eps_growth_year": null,
            "eps_4q": null,
            "eps_4q_growth_year": null,
            "roe": null,
            "gross_profit": null,
            "gross_margin": null,
            "net_income": null,
            "revenue": null,
            "common_shares": null,
            "equity": null,
            "current_ratio": null,
            "debt_ratio": null,
            "inventory_turnover_ratio": null,
            "account_receivable_turnover_ratio": null,
            "reinvestment_rate": null,
            "research_to_sale_ratio": null,
            "price_fair": 0,
            "eps_avg_yearly": 0,
            "eps_latest_yearly": 0,
            "eps_growth_yearly": 0
        },
        "20064": {
            "year_quarter": 20064,
            "year": 2006,
            "quarter": 4,
            "eps": null,
            "eps_growth_year": null,
            "eps_4q": null,
            "eps_4q_growth_year": null,
            "roe": null,
            "gross_profit": null,
            "gross_margin": null,
            "net_income": null,
            "revenue": null,
            "common_shares": null,
            "equity": null,
            "current_ratio": null,
            "debt_ratio": null,
            "inventory_turnover_ratio": null,
            "account_receivable_turnover_ratio": null,
            "reinvestment_rate": null,
            "research_to_sale_ratio": null,
            "price_fair": 0,
            "eps_avg_yearly": 0,
            "eps_latest_yearly": 0,
            "eps_growth_yearly": 0
        },
        "20071": {
            "year_quarter": 20071,
            "year": 2007,
            "quarter": 1,
            "eps": null,
            "eps_growth_year": null,
            "eps_4q": null,
            "eps_4q_growth_year": null,
            "roe": null,
            "gross_profit": null,
            "gross_margin": null,
            "net_income": null,
            "revenue": null,
            "common_shares": null,
            "equity": null,
            "current_ratio": null,
            "debt_ratio": null,
            "inventory_turnover_ratio": null,
            "account_receivable_turnover_ratio": null,
            "reinvestment_rate": null,
            "research_to_sale_ratio": null,
            "price_fair": 0,
            "eps_avg_yearly": 0,
            "eps_latest_yearly": 0,
            "eps_growth_yearly": 0
        },
        "20072": {
            "year_quarter": 20072,
            "year": 2007,
            "quarter": 2,
            "eps": null,
            "eps_growth_year": null,
            "eps_4q": null,
            "eps_4q_growth_year": null,
            "roe": null,
            "gross_profit": null,
            "gross_margin": null,
            "net_income": null,
            "revenue": null,
            "common_shares": null,
            "equity": null,
            "current_ratio": null,
            "debt_ratio": null,
            "inventory_turnover_ratio": null,
            "account_receivable_turnover_ratio": null,
            "reinvestment_rate": null,
            "research_to_sale_ratio": null,
            "price_fair": 0,
            "eps_avg_yearly": 0,
            "eps_latest_yearly": 0,
            "eps_growth_yearly": 0
        },
        "20073": {
            "year_quarter": 20073,
            "year": 2007,
            "quarter": 3,
            "eps": null,
            "eps_growth_year": null,
            "eps_4q": null,
            "eps_4q_growth_year": null,
            "roe": null,
            "gross_profit": null,
            "gross_margin": null,
            "net_income": null,
            "revenue": null,
            "common_shares": null,
            "equity": null,
            "current_ratio": null,
            "debt_ratio": null,
            "inventory_turnover_ratio": null,
            "account_receivable_turnover_ratio": null,
            "reinvestment_rate": null,
            "research_to_sale_ratio": null,
            "price_fair": 0,
            "eps_avg_yearly": 0,
            "eps_latest_yearly": 0,
            "eps_growth_yearly": 0
        },
        "20074": {
            "year_quarter": 20074,
            "year": 2007,
            "quarter": 4,
            "eps": null,
            "eps_growth_year": null,
            "eps_4q": null,
            "eps_4q_growth_year": null,
            "roe": null,
            "gross_profit": null,
            "gross_margin": null,
            "net_income": null,
            "revenue": null,
            "common_shares": null,
            "equity": null,
            "current_ratio": null,
            "debt_ratio": null,
            "inventory_turnover_ratio": null,
            "account_receivable_turnover_ratio": null,
            "reinvestment_rate": null,
            "research_to_sale_ratio": null,
            "price_fair": 0,
            "eps_avg_yearly": 0,
            "eps_latest_yearly": 0,
            "eps_growth_yearly": 0
        },
        "20081": {
            "year_quarter": 20081,
            "year": 2008,
            "quarter": 1,
            "eps": null,
            "eps_growth_year": null,
            "eps_4q": null,
            "eps_4q_growth_year": null,
            "roe": null,
            "gross_profit": null,
            "gross_margin": null,
            "net_income": null,
            "revenue": null,
            "common_shares": null,
            "equity": null,
            "current_ratio": null,
            "debt_ratio": null,
            "inventory_turnover_ratio": null,
            "account_receivable_turnover_ratio": null,
            "reinvestment_rate": null,
            "research_to_sale_ratio": null,
            "price_fair": 0,
            "eps_avg_yearly": 0,
            "eps_latest_yearly": 0,
            "eps_growth_yearly": 0
        },
        "20082": {
            "year_quarter": 20082,
            "year": 2008,
            "quarter": 2,
            "eps": null,
            "eps_growth_year": null,
            "eps_4q": null,
            "eps_4q_growth_year": null,
            "roe": null,
            "gross_profit": null,
            "gross_margin": null,
            "net_income": null,
            "revenue": null,
            "common_shares": null,
            "equity": null,
            "current_ratio": null,
            "debt_ratio": null,
            "inventory_turnover_ratio": null,
            "account_receivable_turnover_ratio": null,
            "reinvestment_rate": null,
            "research_to_sale_ratio": null,
            "price_fair": 0,
            "eps_avg_yearly": 0,
            "eps_latest_yearly": 0,
            "eps_growth_yearly": 0
        },
        "20083": {
            "year_quarter": 20083,
            "year": 2008,
            "quarter": 3,
            "eps": null,
            "eps_growth_year": null,
            "eps_4q": null,
            "eps_4q_growth_year": null,
            "roe": null,
            "gross_profit": null,
            "gross_margin": null,
            "net_income": null,
            "revenue": null,
            "common_shares": null,
            "equity": null,
            "current_ratio": null,
            "debt_ratio": null,
            "inventory_turnover_ratio": null,
            "account_receivable_turnover_ratio": null,
            "reinvestment_rate": null,
            "research_to_sale_ratio": null,
            "price_fair": 0,
            "eps_avg_yearly": 0,
            "eps_latest_yearly": 0,
            "eps_growth_yearly": 0
        },
        "20084": {
            "year_quarter": 20084,
            "year": 2008,
            "quarter": 4,
            "eps": null,
            "eps_growth_year": null,
            "eps_4q": null,
            "eps_4q_growth_year": null,
            "roe": null,
            "gross_profit": null,
            "gross_margin": null,
            "net_income": null,
            "revenue": null,
            "common_shares": null,
            "equity": null,
            "current_ratio": null,
            "debt_ratio": null,
            "inventory_turnover_ratio": null,
            "account_receivable_turnover_ratio": null,
            "reinvestment_rate": null,
            "research_to_sale_ratio": null,
            "price_fair": 0,
            "eps_avg_yearly": 0,
            "eps_latest_yearly": 0,
            "eps_growth_yearly": 0
        },
        "20091": {
            "year_quarter": 20091,
            "year": 2009,
            "quarter": 1,
            "eps": null,
            "eps_growth_year": null,
            "eps_4q": null,
            "eps_4q_growth_year": null,
            "roe": null,
            "gross_profit": null,
            "gross_margin": null,
            "net_income": null,
            "revenue": null,
            "common_shares": null,
            "equity": null,
            "current_ratio": null,
            "debt_ratio": null,
            "inventory_turnover_ratio": null,
            "account_receivable_turnover_ratio": null,
            "reinvestment_rate": null,
            "research_to_sale_ratio": null,
            "price_fair": 0,
            "eps_avg_yearly": 0,
            "eps_latest_yearly": 0,
            "eps_growth_yearly": 0
        },
        "20092": {
            "year_quarter": 20092,
            "year": 2009,
            "quarter": 2,
            "eps": null,
            "eps_growth_year": null,
            "eps_4q": null,
            "eps_4q_growth_year": null,
            "roe": null,
            "gross_profit": null,
            "gross_margin": null,
            "net_income": null,
            "revenue": null,
            "common_shares": null,
            "equity": null,
            "current_ratio": null,
            "debt_ratio": null,
            "inventory_turnover_ratio": null,
            "account_receivable_turnover_ratio": null,
            "reinvestment_rate": null,
            "research_to_sale_ratio": null,
            "price_fair": 0,
            "eps_avg_yearly": 0,
            "eps_latest_yearly": 0,
            "eps_growth_yearly": 0
        },
        "20093": {
            "year_quarter": 20093,
            "year": 2009,
            "quarter": 3,
            "eps": null,
            "eps_growth_year": null,
            "eps_4q": null,
            "eps_4q_growth_year": null,
            "roe": null,
            "gross_profit": null,
            "gross_margin": null,
            "net_income": null,
            "revenue": null,
            "common_shares": null,
            "equity": null,
            "current_ratio": null,
            "debt_ratio": null,
            "inventory_turnover_ratio": null,
            "account_receivable_turnover_ratio": null,
            "reinvestment_rate": null,
            "research_to_sale_ratio": null,
            "price_fair": 0,
            "eps_avg_yearly": 0,
            "eps_latest_yearly": 0,
            "eps_growth_yearly": 0
        },
        "20094": {
            "year_quarter": 20094,
            "year": 2009,
            "quarter": 4,
            "eps": null,
            "eps_growth_year": null,
            "eps_4q": null,
            "eps_4q_growth_year": null,
            "roe": null,
            "gross_profit": null,
            "gross_margin": null,
            "net_income": null,
            "revenue": null,
            "common_shares": null,
            "equity": null,
            "current_ratio": null,
            "debt_ratio": null,
            "inventory_turnover_ratio": null,
            "account_receivable_turnover_ratio": null,
            "reinvestment_rate": null,
            "research_to_sale_ratio": null,
            "price_fair": 0,
            "eps_avg_yearly": 0,
            "eps_latest_yearly": 0,
            "eps_growth_yearly": 0
        },
        "20101": {
            "year_quarter": 20101,
            "year": 2010,
            "quarter": 1,
            "eps": null,
            "eps_growth_year": null,
            "eps_4q": null,
            "eps_4q_growth_year": null,
            "roe": null,
            "gross_profit": null,
            "gross_margin": null,
            "net_income": null,
            "revenue": null,
            "common_shares": null,
            "equity": null,
            "current_ratio": null,
            "debt_ratio": null,
            "inventory_turnover_ratio": null,
            "account_receivable_turnover_ratio": null,
            "reinvestment_rate": null,
            "research_to_sale_ratio": null,
            "price_fair": 0,
            "eps_avg_yearly": 0,
            "eps_latest_yearly": 0,
            "eps_growth_yearly": 0
        },
        "20102": {
            "year_quarter": 20102,
            "year": 2010,
            "quarter": 2,
            "eps": null,
            "eps_growth_year": null,
            "eps_4q": null,
            "eps_4q_growth_year": null,
            "roe": null,
            "gross_profit": null,
            "gross_margin": null,
            "net_income": null,
            "revenue": null,
            "common_shares": null,
            "equity": null,
            "current_ratio": null,
            "debt_ratio": null,
            "inventory_turnover_ratio": null,
            "account_receivable_turnover_ratio": null,
            "reinvestment_rate": null,
            "research_to_sale_ratio": null,
            "price_fair": 0,
            "eps_avg_yearly": 0,
            "eps_latest_yearly": 0,
            "eps_growth_yearly": 0
        },
        "20103": {
            "year_quarter": 20103,
            "year": 2010,
            "quarter": 3,
            "eps": null,
            "eps_growth_year": null,
            "eps_4q": null,
            "eps_4q_growth_year": null,
            "roe": null,
            "gross_profit": null,
            "gross_margin": null,
            "net_income": null,
            "revenue": null,
            "common_shares": null,
            "equity": null,
            "current_ratio": null,
            "debt_ratio": null,
            "inventory_turnover_ratio": null,
            "account_receivable_turnover_ratio": null,
            "reinvestment_rate": null,
            "research_to_sale_ratio": null,
            "price_fair": 0,
            "eps_avg_yearly": 0,
            "eps_latest_yearly": 0,
            "eps_growth_yearly": 0
        },
        "20104": {
            "year_quarter": 20104,
            "year": 2010,
            "quarter": 4,
            "eps": null,
            "eps_growth_year": null,
            "eps_4q": null,
            "eps_4q_growth_year": null,
            "roe": null,
            "gross_profit": null,
            "gross_margin": null,
            "net_income": null,
            "revenue": null,
            "common_shares": null,
            "equity": null,
            "current_ratio": null,
            "debt_ratio": null,
            "inventory_turnover_ratio": null,
            "account_receivable_turnover_ratio": null,
            "reinvestment_rate": null,
            "research_to_sale_ratio": null,
            "price_fair": 0,
            "eps_avg_yearly": 0,
            "eps_latest_yearly": 0,
            "eps_growth_yearly": 0
        },
        "20111": {
            "year_quarter": 20111,
            "year": 2011,
            "quarter": 1,
            "eps": null,
            "eps_growth_year": null,
            "eps_4q": null,
            "eps_4q_growth_year": null,
            "roe": null,
            "gross_profit": null,
            "gross_margin": null,
            "net_income": null,
            "revenue": null,
            "common_shares": null,
            "equity": null,
            "current_ratio": null,
            "debt_ratio": null,
            "inventory_turnover_ratio": null,
            "account_receivable_turnover_ratio": null,
            "reinvestment_rate": null,
            "research_to_sale_ratio": null,
            "price_fair": 0,
            "eps_avg_yearly": 0,
            "eps_latest_yearly": 0,
            "eps_growth_yearly": 0
        },
        "20112": {
            "year_quarter": 20112,
            "year": 2011,
            "quarter": 2,
            "eps": null,
            "eps_growth_year": null,
            "eps_4q": null,
            "eps_4q_growth_year": null,
            "roe": null,
            "gross_profit": null,
            "gross_margin": null,
            "net_income": null,
            "revenue": null,
            "common_shares": null,
            "equity": null,
            "current_ratio": null,
            "debt_ratio": null,
            "inventory_turnover_ratio": null,
            "account_receivable_turnover_ratio": null,
            "reinvestment_rate": null,
            "research_to_sale_ratio": null,
            "price_fair": 0,
            "eps_avg_yearly": 0,
            "eps_latest_yearly": 0,
            "eps_growth_yearly": 0
        },
        "20113": {
            "year_quarter": 20113,
            "year": 2011,
            "quarter": 3,
            "eps": null,
            "eps_growth_year": null,
            "eps_4q": null,
            "eps_4q_growth_year": null,
            "roe": null,
            "gross_profit": null,
            "gross_margin": null,
            "net_income": null,
            "revenue": null,
            "common_shares": null,
            "equity": null,
            "current_ratio": null,
            "debt_ratio": null,
            "inventory_turnover_ratio": null,
            "account_receivable_turnover_ratio": null,
            "reinvestment_rate": null,
            "research_to_sale_ratio": null,
            "price_fair": 0,
            "eps_avg_yearly": 0,
            "eps_latest_yearly": 0,
            "eps_growth_yearly": 0
        },
        "20114": {
            "year_quarter": 20114,
            "year": 2011,
            "quarter": 4,
            "eps": null,
            "eps_growth_year": null,
            "eps_4q": null,
            "eps_4q_growth_year": null,
            "roe": null,
            "gross_profit": null,
            "gross_margin": null,
            "net_income": null,
            "revenue": null,
            "common_shares": 1200000,
            "equity": 1252598,
            "current_ratio": 84.02,
            "debt_ratio": 64.9,
            "inventory_turnover_ratio": null,
            "account_receivable_turnover_ratio": null,
            "reinvestment_rate": null,
            "research_to_sale_ratio": null,
            "price_fair": 0,
            "eps_avg_yearly": 0,
            "eps_latest_yearly": 0,
            "eps_growth_yearly": 0
        },
        "20121": {
            "year_quarter": 20121,
            "year": 2012,
            "quarter": 1,
            "eps": null,
            "eps_growth_year": null,
            "eps_4q": null,
            "eps_4q_growth_year": null,
            "roe": null,
            "gross_profit": null,
            "gross_margin": null,
            "net_income": null,
            "revenue": null,
            "common_shares": null,
            "equity": null,
            "current_ratio": null,
            "debt_ratio": null,
            "inventory_turnover_ratio": null,
            "account_receivable_turnover_ratio": null,
            "reinvestment_rate": null,
            "research_to_sale_ratio": null,
            "price_fair": 0,
            "eps_avg_yearly": 0,
            "eps_latest_yearly": 0,
            "eps_growth_yearly": 0
        },
        "20122": {
            "year_quarter": 20122,
            "year": 2012,
            "quarter": 2,
            "eps": null,
            "eps_growth_year": null,
            "eps_4q": null,
            "eps_4q_growth_year": null,
            "roe": null,
            "gross_profit": null,
            "gross_margin": null,
            "net_income": null,
            "revenue": null,
            "common_shares": null,
            "equity": null,
            "current_ratio": null,
            "debt_ratio": null,
            "inventory_turnover_ratio": null,
            "account_receivable_turnover_ratio": null,
            "reinvestment_rate": null,
            "research_to_sale_ratio": null,
            "price_fair": 0,
            "eps_avg_yearly": 0,
            "eps_latest_yearly": 0,
            "eps_growth_yearly": 0
        },
        "20123": {
            "year_quarter": 20123,
            "year": 2012,
            "quarter": 3,
            "eps": null,
            "eps_growth_year": null,
            "eps_4q": null,
            "eps_4q_growth_year": null,
            "roe": null,
            "gross_profit": null,
            "gross_margin": null,
            "net_income": null,
            "revenue": null,
            "common_shares": null,
            "equity": null,
            "current_ratio": null,
            "debt_ratio": null,
            "inventory_turnover_ratio": null,
            "account_receivable_turnover_ratio": null,
            "reinvestment_rate": null,
            "research_to_sale_ratio": null,
            "price_fair": 0,
            "eps_avg_yearly": 0,
            "eps_latest_yearly": 0,
            "eps_growth_yearly": 0
        },
        "20124": {
            "year_quarter": 20124,
            "year": 2012,
            "quarter": 4,
            "eps": null,
            "eps_growth_year": null,
            "eps_4q": null,
            "eps_4q_growth_year": null,
            "roe": null,
            "gross_profit": null,
            "gross_margin": null,
            "net_income": null,
            "revenue": null,
            "common_shares": 1260000,
            "equity": 1627612,
            "current_ratio": 103.79,
            "debt_ratio": 58.1,
            "inventory_turnover_ratio": null,
            "account_receivable_turnover_ratio": null,
            "reinvestment_rate": null,
            "research_to_sale_ratio": null,
            "price_fair": 0,
            "eps_avg_yearly": 0,
            "eps_latest_yearly": 0,
            "eps_growth_yearly": 0
        },
        "20131": {
            "year_quarter": 20131,
            "year": 2013,
            "quarter": 1,
            "eps": null,
            "eps_growth_year": null,
            "eps_4q": null,
            "eps_4q_growth_year": null,
            "roe": null,
            "gross_profit": null,
            "gross_margin": null,
            "net_income": null,
            "revenue": null,
            "common_shares": null,
            "equity": null,
            "current_ratio": null,
            "debt_ratio": null,
            "inventory_turnover_ratio": null,
            "account_receivable_turnover_ratio": null,
            "reinvestment_rate": null,
            "research_to_sale_ratio": null,
            "price_fair": 0,
            "eps_avg_yearly": 0,
            "eps_latest_yearly": 0,
            "eps_growth_yearly": 0
        },
        "20132": {
            "year_quarter": 20132,
            "year": 2013,
            "quarter": 2,
            "eps": null,
            "eps_growth_year": null,
            "eps_4q": null,
            "eps_4q_growth_year": null,
            "roe": null,
            "gross_profit": null,
            "gross_margin": null,
            "net_income": null,
            "revenue": null,
            "common_shares": 1260000,
            "equity": 1275427,
            "current_ratio": null,
            "debt_ratio": null,
            "inventory_turnover_ratio": null,
            "account_receivable_turnover_ratio": null,
            "reinvestment_rate": null,
            "research_to_sale_ratio": null,
            "price_fair": 0,
            "eps_avg_yearly": 0,
            "eps_latest_yearly": 0,
            "eps_growth_yearly": 0
        },
        "20133": {
            "year_quarter": 20133,
            "year": 2013,
            "quarter": 3,
            "eps": null,
            "eps_growth_year": null,
            "eps_4q": null,
            "eps_4q_growth_year": null,
            "roe": null,
            "gross_profit": null,
            "gross_margin": null,
            "net_income": null,
            "revenue": null,
            "common_shares": null,
            "equity": null,
            "current_ratio": null,
            "debt_ratio": null,
            "inventory_turnover_ratio": null,
            "account_receivable_turnover_ratio": null,
            "reinvestment_rate": null,
            "research_to_sale_ratio": null,
            "price_fair": 0,
            "eps_avg_yearly": 0,
            "eps_latest_yearly": 0,
            "eps_growth_yearly": 0
        },
        "20134": {
            "year_quarter": 20134,
            "year": 2013,
            "quarter": 4,
            "eps": null,
            "eps_growth_year": null,
            "eps_4q": null,
            "eps_4q_growth_year": null,
            "roe": null,
            "gross_profit": null,
            "gross_margin": null,
            "net_income": null,
            "revenue": null,
            "common_shares": 1260000,
            "equity": 1363170,
            "current_ratio": null,
            "debt_ratio": null,
            "inventory_turnover_ratio": null,
            "account_receivable_turnover_ratio": null,
            "reinvestment_rate": null,
            "research_to_sale_ratio": null,
            "price_fair": 0,
            "eps_avg_yearly": 0,
            "eps_latest_yearly": 0,
            "eps_growth_yearly": 0
        },
        "20141": {
            "year_quarter": 20141,
            "year": 2014,
            "quarter": 1,
            "eps": null,
            "eps_growth_year": null,
            "eps_4q": null,
            "eps_4q_growth_year": null,
            "roe": null,
            "gross_profit": null,
            "gross_margin": null,
            "net_income": null,
            "revenue": null,
            "common_shares": null,
            "equity": null,
            "current_ratio": null,
            "debt_ratio": null,
            "inventory_turnover_ratio": null,
            "account_receivable_turnover_ratio": null,
            "reinvestment_rate": null,
            "research_to_sale_ratio": null,
            "price_fair": 0,
            "eps_avg_yearly": 0,
            "eps_latest_yearly": 0,
            "eps_growth_yearly": 0
        },
        "20142": {
            "year_quarter": 20142,
            "year": 2014,
            "quarter": 2,
            "eps": null,
            "eps_growth_year": null,
            "eps_4q": null,
            "eps_4q_growth_year": null,
            "roe": null,
            "gross_profit": null,
            "gross_margin": null,
            "net_income": null,
            "revenue": null,
            "common_shares": 1008000,
            "equity": 1219415,
            "current_ratio": 54.96,
            "debt_ratio": 61.29,
            "inventory_turnover_ratio": null,
            "account_receivable_turnover_ratio": null,
            "reinvestment_rate": null,
            "research_to_sale_ratio": null,
            "price_fair": 0,
            "eps_avg_yearly": 0,
            "eps_latest_yearly": 0,
            "eps_growth_yearly": 0
        },
        "20143": {
            "year_quarter": 20143,
            "year": 2014,
            "quarter": 3,
            "eps": null,
            "eps_growth_year": null,
            "eps_4q": null,
            "eps_4q_growth_year": null,
            "roe": null,
            "gross_profit": 405663,
            "gross_margin": null,
            "net_income": 30471,
            "revenue": 1036608,
            "common_shares": 1008000,
            "equity": 1249695,
            "current_ratio": 55.27,
            "debt_ratio": 58.85,
            "inventory_turnover_ratio": null,
            "account_receivable_turnover_ratio": null,
            "reinvestment_rate": null,
            "research_to_sale_ratio": null,
            "price_fair": 0,
            "eps_avg_yearly": 0,
            "eps_latest_yearly": 0,
            "eps_growth_yearly": 0
        },
        "20144": {
            "year_quarter": 20144,
            "year": 2014,
            "quarter": 4,
            "eps": null,
            "eps_growth_year": null,
            "eps_4q": null,
            "eps_4q_growth_year": null,
            "roe": null,
            "gross_profit": 496434,
            "gross_margin": null,
            "net_income": 82688,
            "revenue": 1212097,
            "common_shares": 1008000,
            "equity": 1332543,
            "current_ratio": 57.84,
            "debt_ratio": 57.47,
            "inventory_turnover_ratio": null,
            "account_receivable_turnover_ratio": null,
            "reinvestment_rate": null,
            "research_to_sale_ratio": null,
            "price_fair": 0,
            "eps_avg_yearly": 0,
            "eps_latest_yearly": 0,
            "eps_growth_yearly": 0
        },
        "20151": {
            "year_quarter": 20151,
            "year": 2015,
            "quarter": 1,
            "eps": null,
            "eps_growth_year": null,
            "eps_4q": null,
            "eps_4q_growth_year": null,
            "roe": null,
            "gross_profit": 478927,
            "gross_margin": null,
            "net_income": 92783,
            "revenue": 1184504,
            "common_shares": 1008000,
            "equity": 1416744,
            "current_ratio": 61.51,
            "debt_ratio": 53.36,
            "inventory_turnover_ratio": null,
            "account_receivable_turnover_ratio": null,
            "reinvestment_rate": null,
            "research_to_sale_ratio": null,
            "price_fair": 0,
            "eps_avg_yearly": 0,
            "eps_latest_yearly": 0,
            "eps_growth_yearly": 0
        },
        "20152": {
            "year_quarter": 20152,
            "year": 2015,
            "quarter": 2,
            "eps": 0.46,
            "eps_growth_year": null,
            "eps_4q": 0.46,
            "eps_4q_growth_year": null,
            "roe": 3.47,
            "gross_profit": 410283,
            "gross_margin": 39.16,
            "net_income": 46069,
            "revenue": 1047582,
            "common_shares": 1008000,
            "equity": 1236738,
            "current_ratio": 54.87,
            "debt_ratio": 58.41,
            "inventory_turnover_ratio": 3.99,
            "account_receivable_turnover_ratio": 28.6,
            "reinvestment_rate": null,
            "research_to_sale_ratio": null,
            "price_fair": 0,
            "eps_avg_yearly": 0,
            "eps_latest_yearly": 0,
            "eps_growth_yearly": 0
        },
        "20153": {
            "year_quarter": 20153,
            "year": 2015,
            "quarter": 3,
            "eps": null,
            "eps_growth_year": null,
            "eps_4q": null,
            "eps_4q_growth_year": null,
            "roe": null,
            "gross_profit": 384456,
            "gross_margin": null,
            "net_income": 19655,
            "revenue": 1001180,
            "common_shares": 1008000,
            "equity": 1241145,
            "current_ratio": 49.72,
            "debt_ratio": 54.25,
            "inventory_turnover_ratio": null,
            "account_receivable_turnover_ratio": null,
            "reinvestment_rate": null,
            "research_to_sale_ratio": null,
            "price_fair": 0,
            "eps_avg_yearly": 0,
            "eps_latest_yearly": 0,
            "eps_growth_yearly": 0
        },
        "20154": {
            "year_quarter": 20154,
            "year": 2015,
            "quarter": 4,
            "eps": null,
            "eps_growth_year": null,
            "eps_4q": null,
            "eps_4q_growth_year": null,
            "roe": null,
            "gross_profit": 504183,
            "gross_margin": null,
            "net_income": 144192,
            "revenue": 1214302,
            "common_shares": 1008000,
            "equity": 1391418,
            "current_ratio": 66.69,
            "debt_ratio": 54.71,
            "inventory_turnover_ratio": null,
            "account_receivable_turnover_ratio": null,
            "reinvestment_rate": null,
            "research_to_sale_ratio": null,
            "price_fair": 0,
            "eps_avg_yearly": 0,
            "eps_latest_yearly": 0,
            "eps_growth_yearly": 0
        },
        "20161": {
            "year_quarter": 20161,
            "year": 2016,
            "quarter": 1,
            "eps": 0.97,
            "eps_growth_year": null,
            "eps_4q": 1.43,
            "eps_4q_growth_year": null,
            "roe": 6.84,
            "gross_profit": 456582,
            "gross_margin": 40,
            "net_income": 98240,
            "revenue": 1141510,
            "common_shares": 1008000,
            "equity": 1479341,
            "current_ratio": 71.85,
            "debt_ratio": 50.18,
            "inventory_turnover_ratio": 4.13,
            "account_receivable_turnover_ratio": 11.78,
            "reinvestment_rate": null,
            "research_to_sale_ratio": null,
            "price_fair": 0,
            "eps_avg_yearly": 0,
            "eps_latest_yearly": 0,
            "eps_growth_yearly": 0
        },
        "20162": {
            "year_quarter": 20162,
            "year": 2016,
            "quarter": 2,
            "eps": 0.31,
            "eps_growth_year": -32.17,
            "eps_4q": 1.18,
            "eps_4q_growth_year": 157.9,
            "roe": 2.01,
            "gross_profit": 387798,
            "gross_margin": 39.11,
            "net_income": 33215,
            "revenue": 991606,
            "common_shares": 1115260,
            "equity": 1823339,
            "current_ratio": 100.23,
            "debt_ratio": 48.08,
            "inventory_turnover_ratio": 3.64,
            "account_receivable_turnover_ratio": 11.33,
            "reinvestment_rate": null,
            "research_to_sale_ratio": null,
            "price_fair": 3.72,
            "eps_avg_yearly": 1.24,
            "eps_latest_yearly": 1.24,
            "eps_growth_yearly": -272.16
        },
        "20163": {
            "year_quarter": 20163,
            "year": 2016,
            "quarter": 3,
            "eps": 0.33,
            "eps_growth_year": null,
            "eps_4q": 1.5,
            "eps_4q_growth_year": null,
            "roe": 1.97,
            "gross_profit": 370682,
            "gross_margin": 38.91,
            "net_income": 36321,
            "revenue": 952673,
            "common_shares": 1115260,
            "equity": 1857827,
            "current_ratio": 106.43,
            "debt_ratio": 42.88,
            "inventory_turnover_ratio": 3.54,
            "account_receivable_turnover_ratio": 11.88,
            "reinvestment_rate": null,
            "research_to_sale_ratio": null,
            "price_fair": 3.84,
            "eps_avg_yearly": 1.28,
            "eps_latest_yearly": 1.32,
            "eps_growth_yearly": -123.18
        },
        "20164": {
            "year_quarter": 20164,
            "year": 2016,
            "quarter": 4,
            "eps": 1.03,
            "eps_growth_year": null,
            "eps_4q": 2.53,
            "eps_4q_growth_year": null,
            "roe": 5.99,
            "gross_profit": 490211,
            "gross_margin": 43.33,
            "net_income": 114756,
            "revenue": 1131450,
            "common_shares": 1115260,
            "equity": 1973698,
            "current_ratio": 109.25,
            "debt_ratio": 45.38,
            "inventory_turnover_ratio": 3.87,
            "account_receivable_turnover_ratio": 11.53,
            "reinvestment_rate": null,
            "research_to_sale_ratio": null,
            "price_fair": 77.93,
            "eps_avg_yearly": 2.23,
            "eps_latest_yearly": 4.12,
            "eps_growth_yearly": 200.71
        },
        "20171": {
            "year_quarter": 20171,
            "year": 2017,
            "quarter": 1,
            "eps": 0.71,
            "eps_growth_year": -26.8,
            "eps_4q": 2.36,
            "eps_4q_growth_year": 65.1,
            "roe": 3.94,
            "gross_profit": 412298,
            "gross_margin": 39.17,
            "net_income": 79311,
            "revenue": 1052546,
            "common_shares": 1115260,
            "equity": 2054935,
            "current_ratio": 113.55,
            "debt_ratio": 40.64,
            "inventory_turnover_ratio": 3.86,
            "account_receivable_turnover_ratio": 10.63,
            "reinvestment_rate": null,
            "research_to_sale_ratio": null,
            "price_fair": 83.3,
            "eps_avg_yearly": 2.38,
            "eps_latest_yearly": 2.84,
            "eps_growth_yearly": 119.46
        },
        "20172": {
            "year_quarter": 20172,
            "year": 2017,
            "quarter": 2,
            "eps": 0.43,
            "eps_growth_year": 38.71,
            "eps_4q": 2.5,
            "eps_4q_growth_year": 111.69,
            "roe": 2.44,
            "gross_profit": 366526,
            "gross_margin": 37.26,
            "net_income": 47888,
            "revenue": 983726,
            "common_shares": 1115260,
            "equity": 1864442,
            "current_ratio": 91.5,
            "debt_ratio": 46.62,
            "inventory_turnover_ratio": 4.4,
            "account_receivable_turnover_ratio": 8.98,
            "reinvestment_rate": null,
            "research_to_sale_ratio": null,
            "price_fair": 78.68,
            "eps_avg_yearly": 2.25,
            "eps_latest_yearly": 1.72,
            "eps_growth_yearly": 64.02
        },
        "20173": {
            "year_quarter": 20173,
            "year": 2017,
            "quarter": 3,
            "eps": -0.82,
            "eps_growth_year": -348.48,
            "eps_4q": 1.35,
            "eps_4q_growth_year": -10.32,
            "roe": -5.05,
            "gross_profit": 287805,
            "gross_margin": 32.23,
            "net_income": -91498,
            "revenue": 893057,
            "common_shares": 1115260,
            "equity": 1761598,
            "current_ratio": 69.09,
            "debt_ratio": 45.15,
            "inventory_turnover_ratio": 5.05,
            "account_receivable_turnover_ratio": 7.71,
            "reinvestment_rate": null,
            "research_to_sale_ratio": null,
            "price_fair": 78.68,
            "eps_avg_yearly": 2.25,
            "eps_latest_yearly": 1.72,
            "eps_growth_yearly": 64.02
        },
        "20174": {
            "year_quarter": 20174,
            "year": 2017,
            "quarter": 4,
            "eps": 0.74,
            "eps_growth_year": -27.69,
            "eps_4q": 1.06,
            "eps_4q_growth_year": -57.99,
            "roe": 4.6,
            "gross_profit": 494664,
            "gross_margin": 39.22,
            "net_income": 82984,
            "revenue": 1261380,
            "common_shares": 1115260,
            "equity": 1842875,
            "current_ratio": 68.91,
            "debt_ratio": 48.42,
            "inventory_turnover_ratio": 6.2,
            "account_receivable_turnover_ratio": 11.19,
            "reinvestment_rate": null,
            "research_to_sale_ratio": null,
            "price_fair": 78.68,
            "eps_avg_yearly": 2.25,
            "eps_latest_yearly": 1.72,
            "eps_growth_yearly": 64.02
        },
        "20181": {
            "year_quarter": 20181,
            "year": 2018,
            "quarter": 1,
            "eps": 0.35,
            "eps_growth_year": -50.7,
            "eps_4q": 0.7,
            "eps_4q_growth_year": -70.21,
            "roe": 2.09,
            "gross_profit": 390153,
            "gross_margin": 34.96,
            "net_income": 39147,
            "revenue": 1115846,
            "common_shares": 1115260,
            "equity": 1901533,
            "current_ratio": 62.78,
            "debt_ratio": 42.98,
            "inventory_turnover_ratio": 5.92,
            "account_receivable_turnover_ratio": 10.04,
            "reinvestment_rate": null,
            "research_to_sale_ratio": null,
            "price_fair": 59.44,
            "eps_avg_yearly": 2.11,
            "eps_latest_yearly": 1.4,
            "eps_growth_yearly": 18.22
        },
        "20182": {
            "year_quarter": 20182,
            "year": 2018,
            "quarter": 2,
            "eps": -0.14,
            "eps_growth_year": -132.56,
            "eps_4q": 0.14,
            "eps_4q_growth_year": -94.57,
            "roe": -0.85,
            "gross_profit": 350188,
            "gross_margin": 34.43,
            "net_income": -15530,
            "revenue": 1017019,
            "common_shares": 1115260,
            "equity": 1767202,
            "current_ratio": 56.21,
            "debt_ratio": 46.52,
            "inventory_turnover_ratio": 5.61,
            "account_receivable_turnover_ratio": 10.93,
            "reinvestment_rate": 32.7,
            "research_to_sale_ratio": null,
            "price_fair": 59.44,
            "eps_avg_yearly": 2.11,
            "eps_latest_yearly": 1.4,
            "eps_growth_yearly": 18.22
        },
        "20183": {
            "year_quarter": 20183,
            "year": 2018,
            "quarter": 3,
            "eps": -0.11,
            "eps_growth_year": null,
            "eps_4q": 0.84,
            "eps_4q_growth_year": -37.54,
            "roe": -0.72,
            "gross_profit": 342640,
            "gross_margin": 33.91,
            "net_income": -12618,
            "revenue": 1010552,
            "common_shares": 1115260,
            "equity": 1756364,
            "current_ratio": 50.96,
            "debt_ratio": 46.19,
            "inventory_turnover_ratio": 5.81,
            "account_receivable_turnover_ratio": 10.23,
            "reinvestment_rate": 51.19,
            "research_to_sale_ratio": null,
            "price_fair": 59.44,
            "eps_avg_yearly": 2.11,
            "eps_latest_yearly": 1.4,
            "eps_growth_yearly": 18.22
        },
        "20184": {
            "year_quarter": 20184,
            "year": 2018,
            "quarter": 4,
            "eps": 0.92,
            "eps_growth_year": 23.66,
            "eps_4q": 1.02,
            "eps_4q_growth_year": -4.27,
            "roe": 5.67,
            "gross_profit": 506806,
            "gross_margin": 41.73,
            "net_income": 102620,
            "revenue": 1214503,
            "common_shares": 1115260,
            "equity": 1862480,
            "current_ratio": 58.59,
            "debt_ratio": 49.13,
            "inventory_turnover_ratio": 6.02,
            "account_receivable_turnover_ratio": 9.51,
            "reinvestment_rate": 65.66,
            "research_to_sale_ratio": null,
            "price_fair": 59.44,
            "eps_avg_yearly": 2.11,
            "eps_latest_yearly": 1.4,
            "eps_growth_yearly": 18.22
        },
        "20191": {
            "year_quarter": 20191,
            "year": 2019,
            "quarter": 1,
            "eps": 0.29,
            "eps_growth_year": -17.14,
            "eps_4q": 0.96,
            "eps_4q_growth_year": 36.56,
            "roe": 1.75,
            "gross_profit": 459291,
            "gross_margin": 39.55,
            "net_income": 32760,
            "revenue": 1161272,
            "common_shares": 1115260,
            "equity": 1890005,
            "current_ratio": 42.88,
            "debt_ratio": 88.21,
            "inventory_turnover_ratio": 5.88,
            "account_receivable_turnover_ratio": 8.42,
            "reinvestment_rate": 63.37,
            "research_to_sale_ratio": null,
            "price_fair": 5.91,
            "eps_avg_yearly": 1.97,
            "eps_latest_yearly": 1.16,
            "eps_growth_yearly": -23.52
        },
        "20192": {
            "year_quarter": 20192,
            "year": 2019,
            "quarter": 2,
            "eps": 0.01,
            "eps_growth_year": null,
            "eps_4q": 1.11,
            "eps_4q_growth_year": 722.27,
            "roe": 0.08,
            "gross_profit": 412920,
            "gross_margin": 38.65,
            "net_income": 1425,
            "revenue": 1068235,
            "common_shares": 1115260,
            "equity": 1778826,
            "current_ratio": 44.62,
            "debt_ratio": 88.75,
            "inventory_turnover_ratio": 5.57,
            "account_receivable_turnover_ratio": 9.26,
            "reinvestment_rate": 64.74,
            "research_to_sale_ratio": null,
            "price_fair": 5.19,
            "eps_avg_yearly": 1.73,
            "eps_latest_yearly": 0.04,
            "eps_growth_yearly": -68.85
        },
        "20193": {
            "year_quarter": 20193,
            "year": 2019,
            "quarter": 3,
            "eps": -0.24,
            "eps_growth_year": null,
            "eps_4q": 0.98,
            "eps_4q_growth_year": 16.77,
            "roe": -1.53,
            "gross_profit": 378287,
            "gross_margin": 37.36,
            "net_income": -27057,
            "revenue": 1012579,
            "common_shares": 1115260,
            "equity": 1746860,
            "current_ratio": 42.52,
            "debt_ratio": 88.68,
            "inventory_turnover_ratio": 5.4,
            "account_receivable_turnover_ratio": 9.54,
            "reinvestment_rate": 51.67,
            "research_to_sale_ratio": null,
            "price_fair": 5.19,
            "eps_avg_yearly": 1.73,
            "eps_latest_yearly": 0.04,
            "eps_growth_yearly": -68.85
        },
        "20194": {
            "year_quarter": 20194,
            "year": 2019,
            "quarter": 4,
            "eps": 1.04,
            "eps_growth_year": 13.26,
            "eps_4q": 1.11,
            "eps_4q_growth_year": 8.57,
            "roe": 6.42,
            "gross_profit": 534173,
            "gross_margin": 43.21,
            "net_income": 116223,
            "revenue": 1236365,
            "common_shares": 1115260,
            "equity": 1875066,
            "current_ratio": 58.81,
            "debt_ratio": 87.96,
            "inventory_turnover_ratio": 6.07,
            "account_receivable_turnover_ratio": 11.06,
            "reinvestment_rate": 48.78,
            "research_to_sale_ratio": null,
            "price_fair": 5.19,
            "eps_avg_yearly": 1.73,
            "eps_latest_yearly": 0.04,
            "eps_growth_yearly": -68.85
        },
        "20201": {
            "year_quarter": 20201,
            "year": 2020,
            "quarter": 1,
            "eps": -1.74,
            "eps_growth_year": -700,
            "eps_4q": -0.93,
            "eps_4q_growth_year": -196.69,
            "roe": -10.98,
            "gross_profit": 150205,
            "gross_margin": 20.63,
            "net_income": -194272,
            "revenue": 728045,
            "common_shares": 1115260,
            "equity": 1662122,
            "current_ratio": 48.17,
            "debt_ratio": 88.95,
            "inventory_turnover_ratio": 6.19,
            "account_receivable_turnover_ratio": 9.95,
            "reinvestment_rate": 79.75,
            "research_to_sale_ratio": null,
            "price_fair": 5.19,
            "eps_avg_yearly": 1.73,
            "eps_latest_yearly": 0.04,
            "eps_growth_yearly": -68.85
        },
        "20202": {
            "year_quarter": 20202,
            "year": 2020,
            "quarter": 2,
            "eps": -0.7,
            "eps_growth_year": -7100,
            "eps_4q": -1.64,
            "eps_4q_growth_year": -247.06,
            "roe": -4.9,
            "gross_profit": 33003,
            "gross_margin": 7.2,
            "net_income": -77526,
            "revenue": 458618,
            "common_shares": 1115260,
            "equity": 1504640,
            "current_ratio": 41.5,
            "debt_ratio": 89.71,
            "inventory_turnover_ratio": 5.83,
            "account_receivable_turnover_ratio": 15.12,
            "reinvestment_rate": 126.05,
            "research_to_sale_ratio": null,
            "price_fair": 5.4,
            "eps_avg_yearly": 1.8,
            "eps_latest_yearly": 0.04,
            "eps_growth_yearly": -39.81
        },
        "20203": {
            "year_quarter": 20203,
            "year": 2020,
            "quarter": 3,
            "eps": -0.27,
            "eps_growth_year": null,
            "eps_4q": -1.67,
            "eps_4q_growth_year": -269.48,
            "roe": -2,
            "gross_profit": 191952,
            "gross_margin": 25.53,
            "net_income": -30421,
            "revenue": 751951,
            "common_shares": 1115260,
            "equity": 1535241,
            "current_ratio": 42.69,
            "debt_ratio": 89.36,
            "inventory_turnover_ratio": 7.33,
            "account_receivable_turnover_ratio": 17.94,
            "reinvestment_rate": 227.62,
            "research_to_sale_ratio": null,
            "price_fair": 5.64,
            "eps_avg_yearly": 1.88,
            "eps_latest_yearly": 0.04,
            "eps_growth_yearly": -50.74
        },
        "20204": {
            "year_quarter": 20204,
            "year": 2020,
            "quarter": 4,
            "eps": -0.44,
            "eps_growth_year": -142.37,
            "eps_4q": -3.15,
            "eps_4q_growth_year": -384.93,
            "roe": -3.24,
            "gross_profit": 224209,
            "gross_margin": 25.83,
            "net_income": -49248,
            "revenue": 867936,
            "common_shares": 1115260,
            "equity": 1504949,
            "current_ratio": 50.92,
            "debt_ratio": 89.74,
            "inventory_turnover_ratio": 8.15,
            "account_receivable_turnover_ratio": 17.51,
            "reinvestment_rate": 9762.63,
            "research_to_sale_ratio": null,
            "price_fair": 4.3,
            "eps_avg_yearly": 1.43,
            "eps_latest_yearly": 0.04,
            "eps_growth_yearly": -230.59
        },
        "20211": {
            "year_quarter": 20211,
            "year": 2021,
            "quarter": 1,
            "eps": -0.68,
            "eps_growth_year": null,
            "eps_4q": -2.09,
            "eps_4q_growth_year": null,
            "roe": -5.15,
            "gross_profit": 192933,
            "gross_margin": 23.47,
            "net_income": -75575,
            "revenue": 821936,
            "common_shares": 1115260,
            "equity": 1427652,
            "current_ratio": 51.88,
            "debt_ratio": 90.05,
            "inventory_turnover_ratio": 8.22,
            "account_receivable_turnover_ratio": 18.56,
            "reinvestment_rate": null,
            "research_to_sale_ratio": null,
            "price_fair": 3.24,
            "eps_avg_yearly": 1.08,
            "eps_latest_yearly": 0.04,
            "eps_growth_yearly": -257.17
        },
        "20212": {
            "year_quarter": 20212,
            "year": 2021,
            "quarter": 2,
            "eps": -2.33,
            "eps_growth_year": null,
            "eps_4q": -3.72,
            "eps_4q_growth_year": null,
            "roe": -20.01,
            "gross_profit": -80657,
            "gross_margin": -19.48,
            "net_income": -259965,
            "revenue": 414060,
            "common_shares": 1115260,
            "equity": 1170874,
            "current_ratio": 39.02,
            "debt_ratio": 91.52,
            "inventory_turnover_ratio": 6.62,
            "account_receivable_turnover_ratio": 14.89,
            "reinvestment_rate": null,
            "research_to_sale_ratio": null,
            "price_fair": 2.6,
            "eps_avg_yearly": 0.87,
            "eps_latest_yearly": 0.04,
            "eps_growth_yearly": -290.31
        },
        "20213": {
            "year_quarter": 20213,
            "year": 2021,
            "quarter": 3,
            "eps": -2.18,
            "eps_growth_year": null,
            "eps_4q": -5.63,
            "eps_4q_growth_year": null,
            "roe": -23.05,
            "gross_profit": -82399,
            "gross_margin": -25.74,
            "net_income": -243357,
            "revenue": 320169,
            "common_shares": 1115260,
            "equity": 940988,
            "current_ratio": 33.55,
            "debt_ratio": 93.07,
            "inventory_turnover_ratio": 5.35,
            "account_receivable_turnover_ratio": 22.84,
            "reinvestment_rate": null,
            "research_to_sale_ratio": null,
            "price_fair": 2.6,
            "eps_avg_yearly": 0.87,
            "eps_latest_yearly": 0.04,
            "eps_growth_yearly": -290.31
        },
        "20214": {
            "year_quarter": 20214,
            "year": 2021,
            "quarter": 4,
            "eps": -1.26,
            "eps_growth_year": null,
            "eps_4q": -6.45,
            "eps_4q_growth_year": null,
            "roe": -16.15,
            "gross_profit": 158459,
            "gross_margin": 20.37,
            "net_income": -140698,
            "revenue": 777745,
            "common_shares": 1115260,
            "equity": 801772,
            "current_ratio": 39.09,
            "debt_ratio": 94.12,
            "inventory_turnover_ratio": 8.09,
            "account_receivable_turnover_ratio": 23.45,
            "reinvestment_rate": null,
            "research_to_sale_ratio": null,
            "price_fair": 2.6,
            "eps_avg_yearly": 0.87,
            "eps_latest_yearly": 0.04,
            "eps_growth_yearly": -290.31
        },
        "20221": {
            "year_quarter": 20221,
            "year": 2022,
            "quarter": 1,
            "eps": 0.05,
            "eps_growth_year": null,
            "eps_4q": -5.72,
            "eps_4q_growth_year": null,
            "roe": 0.73,
            "gross_profit": 180137,
            "gross_margin": 22.2,
            "net_income": 6031,
            "revenue": 811247,
            "common_shares": 1115260,
            "equity": 857051,
            "current_ratio": 39.06,
            "debt_ratio": 94.35,
            "inventory_turnover_ratio": 8.04,
            "account_receivable_turnover_ratio": 18.88,
            "reinvestment_rate": null,
            "research_to_sale_ratio": null,
            "price_fair": 1.8,
            "eps_avg_yearly": 0.6,
            "eps_latest_yearly": 0.04,
            "eps_growth_yearly": -330.06
        },
        "20222": {
            "year_quarter": 20222,
            "year": 2022,
            "quarter": 2,
            "eps": -3.28,
            "eps_growth_year": null,
            "eps_4q": -7.41,
            "eps_4q_growth_year": null,
            "roe": -37.27,
            "gross_profit": -17437,
            "gross_margin": -3.32,
            "net_income": -300122,
            "revenue": 524933,
            "common_shares": 915260,
            "equity": 753331,
            "current_ratio": 34.28,
            "debt_ratio": 94.92,
            "inventory_turnover_ratio": 6.87,
            "account_receivable_turnover_ratio": 15.9,
            "reinvestment_rate": null,
            "research_to_sale_ratio": null,
            "price_fair": 1.8,
            "eps_avg_yearly": 0.6,
            "eps_latest_yearly": 0.04,
            "eps_growth_yearly": -330.06
        },
        "20223": {
            "year_quarter": 20223,
            "year": 2022,
            "quarter": 3,
            "eps": -0.94,
            "eps_growth_year": null,
            "eps_4q": -5.69,
            "eps_4q_growth_year": null,
            "roe": -12.15,
            "gross_profit": 246398,
            "gross_margin": 27.49,
            "net_income": -86136,
            "revenue": 896403,
            "common_shares": 915260,
            "equity": 664479,
            "current_ratio": 31.46,
            "debt_ratio": 95.42,
            "inventory_turnover_ratio": 8.32,
            "account_receivable_turnover_ratio": 19.94,
            "reinvestment_rate": null,
            "research_to_sale_ratio": null,
            "price_fair": 1.8,
            "eps_avg_yearly": 0.6,
            "eps_latest_yearly": 0.04,
            "eps_growth_yearly": -330.06
        },
        "20224": {
            "year_quarter": 20224,
            "year": 2022,
            "quarter": 4,
            "eps": 0.46,
            "eps_growth_year": null,
            "eps_4q": -3.69,
            "eps_4q_growth_year": null,
            "roe": 6.1,
            "gross_profit": 440994,
            "gross_margin": 37.07,
            "net_income": 42164,
            "revenue": 1189627,
            "common_shares": 915260,
            "equity": 718845,
            "current_ratio": 35.92,
            "debt_ratio": 94.99,
            "inventory_turnover_ratio": 9.34,
            "account_receivable_turnover_ratio": 17.19,
            "reinvestment_rate": null,
            "research_to_sale_ratio": null,
            "price_fair": 1.8,
            "eps_avg_yearly": 0.6,
            "eps_latest_yearly": 0.04,
            "eps_growth_yearly": -330.06
        },
        "20231": {
            "year_quarter": 20231,
            "year": 2023,
            "quarter": 1,
            "eps": 0.9,
            "eps_growth_year": 1700,
            "eps_4q": -2.86,
            "eps_4q_growth_year": null,
            "roe": 10.77,
            "gross_profit": 457213,
            "gross_margin": 38.26,
            "net_income": 81958,
            "revenue": 1195061,
            "common_shares": 915260,
            "equity": 803490,
            "current_ratio": 32.99,
            "debt_ratio": 94.21,
            "inventory_turnover_ratio": 9.2,
            "account_receivable_turnover_ratio": 16.43,
            "reinvestment_rate": null,
            "research_to_sale_ratio": null,
            "price_fair": 5.46,
            "eps_avg_yearly": 1.82,
            "eps_latest_yearly": 3.6,
            "eps_growth_yearly": -1.8
        }
    },
    "months": {
        "2014-10": {
            "month": "2014-10",
            "price": "93.23",
            "revenue": 382796
        },
        "2014-11": {
            "month": "2014-11",
            "price": "91.87",
            "revenue": 402997
        },
        "2014-12": {
            "month": "2014-12",
            "price": "93.16",
            "revenue": 426263
        },
        "2015-01": {
            "month": "2015-01",
            "price": "91.63",
            "revenue": 396901
        },
        "2015-02": {
            "month": "2015-02",
            "price": "90.20",
            "revenue": 375536
        },
        "2015-03": {
            "month": "2015-03",
            "price": "89.95",
            "revenue": 412068
        },
        "2015-04": {
            "month": "2015-04",
            "price": "89.76",
            "revenue": 331534
        },
        "2015-05": {
            "month": "2015-05",
            "price": "83.32",
            "revenue": 371327
        },
        "2015-06": {
            "month": "2015-06",
            "price": "77.57",
            "revenue": 344721
        },
        "2015-07": {
            "month": "2015-07",
            "price": "75.30",
            "revenue": 332854
        },
        "2015-08": {
            "month": "2015-08",
            "price": "69.32",
            "revenue": 317521
        },
        "2015-09": {
            "month": "2015-09",
            "price": "62.01",
            "revenue": 350804
        },
        "2015-10": {
            "month": "2015-10",
            "price": "54.09",
            "revenue": 400056
        },
        "2015-11": {
            "month": "2015-11",
            "price": "49.76",
            "revenue": 404289
        },
        "2015-12": {
            "month": "2015-12",
            "price": "58.16",
            "revenue": 409957
        },
        "2016-01": {
            "month": "2016-01",
            "price": "55.98",
            "revenue": 427973
        },
        "2016-02": {
            "month": "2016-02",
            "price": "55.97",
            "revenue": 346232
        },
        "2016-03": {
            "month": "2016-03",
            "price": "55.84",
            "revenue": 367306
        },
        "2016-04": {
            "month": "2016-04",
            "price": "56.84",
            "revenue": 317850
        },
        "2016-05": {
            "month": "2016-05",
            "price": "50.15",
            "revenue": 344593
        },
        "2016-06": {
            "month": "2016-06",
            "price": "43.14",
            "revenue": 329163
        },
        "2016-07": {
            "month": "2016-07",
            "price": "40.78",
            "revenue": 337121
        },
        "2016-08": {
            "month": "2016-08",
            "price": "38.16",
            "revenue": 295653
        },
        "2016-09": {
            "month": "2016-09",
            "price": "36.57",
            "revenue": 319898
        },
        "2016-10": {
            "month": "2016-10",
            "price": "33.58",
            "revenue": 364694
        },
        "2016-11": {
            "month": "2016-11",
            "price": "32.20",
            "revenue": 362954
        },
        "2016-12": {
            "month": "2016-12",
            "price": "32.10",
            "revenue": 403803
        },
        "2017-01": {
            "month": "2017-01",
            "price": "31.87",
            "revenue": 430077
        },
        "2017-02": {
            "month": "2017-02",
            "price": "33.42",
            "revenue": 297297
        },
        "2017-03": {
            "month": "2017-03",
            "price": "35.05",
            "revenue": 325172
        },
        "2017-04": {
            "month": "2017-04",
            "price": "35.92",
            "revenue": 304317
        },
        "2017-05": {
            "month": "2017-05",
            "price": "35.34",
            "revenue": 334546
        },
        "2017-06": {
            "month": "2017-06",
            "price": "38.56",
            "revenue": 342188
        },
        "2017-07": {
            "month": "2017-07",
            "price": "35.71",
            "revenue": 286031
        },
        "2017-08": {
            "month": "2017-08",
            "price": "37.65",
            "revenue": 302555
        },
        "2017-09": {
            "month": "2017-09",
            "price": "37.27",
            "revenue": 306836
        },
        "2017-10": {
            "month": "2017-10",
            "price": "36.93",
            "revenue": 415009
        },
        "2017-11": {
            "month": "2017-11",
            "price": "38.42",
            "revenue": 397183
        },
        "2017-12": {
            "month": "2017-12",
            "price": "39.70",
            "revenue": 449497
        },
        "2018-01": {
            "month": "2018-01",
            "price": "41.65",
            "revenue": 382671
        },
        "2018-02": {
            "month": "2018-02",
            "price": "40.40",
            "revenue": 357820
        },
        "2018-03": {
            "month": "2018-03",
            "price": "39.15",
            "revenue": 375397
        },
        "2018-04": {
            "month": "2018-04",
            "price": "38.94",
            "revenue": 320778
        },
        "2018-05": {
            "month": "2018-05",
            "price": "34.22",
            "revenue": 343070
        },
        "2018-06": {
            "month": "2018-06",
            "price": "31.63",
            "revenue": 353129
        },
        "2018-07": {
            "month": "2018-07",
            "price": "32.02",
            "revenue": 320354
        },
        "2018-08": {
            "month": "2018-08",
            "price": "29.67",
            "revenue": 344220
        },
        "2018-09": {
            "month": "2018-09",
            "price": "29.53",
            "revenue": 345978
        },
        "2018-10": {
            "month": "2018-10",
            "price": "29.61",
            "revenue": 382835
        },
        "2018-11": {
            "month": "2018-11",
            "price": "29.56",
            "revenue": 373807
        },
        "2018-12": {
            "month": "2018-12",
            "price": "29.93",
            "revenue": 457861
        },
        "2019-01": {
            "month": "2019-01",
            "price": "29.53",
            "revenue": 438539
        },
        "2019-02": {
            "month": "2019-02",
            "price": "29.21",
            "revenue": 350572
        },
        "2019-03": {
            "month": "2019-03",
            "price": "29.00",
            "revenue": 372161
        },
        "2019-04": {
            "month": "2019-04",
            "price": "30.60",
            "revenue": 322324
        },
        "2019-05": {
            "month": "2019-05",
            "price": "29.45",
            "revenue": 390477
        },
        "2019-06": {
            "month": "2019-06",
            "price": "28.86",
            "revenue": 355434
        },
        "2019-07": {
            "month": "2019-07",
            "price": "28.35",
            "revenue": 334582
        },
        "2019-08": {
            "month": "2019-08",
            "price": "26.14",
            "revenue": 333869
        },
        "2019-09": {
            "month": "2019-09",
            "price": "25.19",
            "revenue": 344128
        },
        "2019-10": {
            "month": "2019-10",
            "price": "24.94",
            "revenue": 376608
        },
        "2019-11": {
            "month": "2019-11",
            "price": "24.77",
            "revenue": 411257
        },
        "2019-12": {
            "month": "2019-12",
            "price": "24.75",
            "revenue": 448501
        },
        "2020-01": {
            "month": "2020-01",
            "price": "25.46",
            "revenue": 433859
        },
        "2020-02": {
            "month": "2020-02",
            "price": "22.06",
            "revenue": 179709
        },
        "2020-03": {
            "month": "2020-03",
            "price": "21.48",
            "revenue": 114476
        },
        "2020-04": {
            "month": "2020-04",
            "price": "21.20",
            "revenue": 100348
        },
        "2020-05": {
            "month": "2020-05",
            "price": "23.26",
            "revenue": 156269
        },
        "2020-06": {
            "month": "2020-06",
            "price": "26.26",
            "revenue": 202002
        },
        "2020-07": {
            "month": "2020-07",
            "price": "26.40",
            "revenue": 241124
        },
        "2020-08": {
            "month": "2020-08",
            "price": "26.82",
            "revenue": 249002
        },
        "2020-09": {
            "month": "2020-09",
            "price": "24.02",
            "revenue": 261824
        },
        "2020-10": {
            "month": "2020-10",
            "price": "24.87",
            "revenue": 278758
        },
        "2020-11": {
            "month": "2020-11",
            "price": "24.87",
            "revenue": 266986
        },
        "2020-12": {
            "month": "2020-12",
            "price": "24.82",
            "revenue": 320893
        },
        "2021-01": {
            "month": "2021-01",
            "price": "23.19",
            "revenue": 286534
        },
        "2021-02": {
            "month": "2021-02",
            "price": "23.51",
            "revenue": 277338
        },
        "2021-03": {
            "month": "2021-03",
            "price": "25.83",
            "revenue": 258064
        },
        "2021-04": {
            "month": "2021-04",
            "price": "26.32",
            "revenue": 242789
        },
        "2021-05": {
            "month": "2021-05",
            "price": "23.91",
            "revenue": 114427
        },
        "2021-06": {
            "month": "2021-06",
            "price": "24.12",
            "revenue": 56824
        },
        "2021-07": {
            "month": "2021-07",
            "price": "24.54",
            "revenue": 71974
        },
        "2021-08": {
            "month": "2021-08",
            "price": "23.15",
            "revenue": 103652
        },
        "2021-09": {
            "month": "2021-09",
            "price": "22.63",
            "revenue": 144543
        },
        "2021-10": {
            "month": "2021-10",
            "price": "23.06",
            "revenue": 192355
        },
        "2021-11": {
            "month": "2021-11",
            "price": "23.12",
            "revenue": 242630
        },
        "2021-12": {
            "month": "2021-12",
            "price": "22.66",
            "revenue": 342759
        },
        "2022-01": {
            "month": "2022-01",
            "price": "22.15",
            "revenue": 308406
        },
        "2022-02": {
            "month": "2022-02",
            "price": "23.35",
            "revenue": 222198
        },
        "2022-03": {
            "month": "2022-03",
            "price": "22.87",
            "revenue": 280642
        },
        "2022-04": {
            "month": "2022-04",
            "price": "22.14",
            "revenue": 207730
        },
        "2022-05": {
            "month": "2022-05",
            "price": "22.15",
            "revenue": 126730
        },
        "2022-06": {
            "month": "2022-06",
            "price": "23.01",
            "revenue": 190473
        },
        "2022-07": {
            "month": "2022-07",
            "price": "22.40",
            "revenue": 279768
        },
        "2022-08": {
            "month": "2022-08",
            "price": "24.18",
            "revenue": 299674
        },
        "2022-09": {
            "month": "2022-09",
            "price": "27.51",
            "revenue": 316961
        },
        "2022-10": {
            "month": "2022-10",
            "price": "27.59",
            "revenue": 337192
        },
        "2022-11": {
            "month": "2022-11",
            "price": "27.22",
            "revenue": 370414
        },
        "2022-12": {
            "month": "2022-12",
            "price": "29.68",
            "revenue": 482021
        },
        "2023-01": {
            "month": "2023-01",
            "price": "30.37",
            "revenue": 457778
        },
        "2023-02": {
            "month": "2023-02",
            "price": "35.84",
            "revenue": 357796
        },
        "2023-03": {
            "month": "2023-03",
            "price": "58.88",
            "revenue": 379487
        },
        "2023-04": {
            "month": "2023-04",
            "price": "62.15",
            "revenue": 358886
        }
    }
}
