{
    "summary": {
        "stock_name": "天蔥",
        "stock_id": "2740",
        "category": "觀光",
        "main_business": "餐飲服務業",
        "website_url": "http://www.mr-onion.com",
        "ceo": "朱溥霖",
        "pe_ratio": -16,
        "report_year_from": 2012,
        "report_year_to": 2023,
        "age": 11,
        "eps_negative_percentage": 89,
        "eps_growth_avg": {
            "last_all": -100,
            "last_2y": null,
            "last_4y": null,
            "last_8y": null,
            "last_12y": null,
            "last_16y": null,
            "last_20y": null,
            "at_2006_last_3y": null,
            "at_2007_last_3y": null,
            "at_2008_last_3y": null,
            "at_2009_last_3y": null,
            "at_2010_last_3y": null,
            "at_2011_last_3y": null,
            "at_2012_last_3y": null,
            "at_2013_last_3y": null,
            "at_2014_last_3y": null,
            "at_2015_last_3y": null,
            "at_2016_last_3y": null,
            "at_2017_last_3y": null,
            "at_2018_last_3y": null,
            "at_2019_last_3y": -100,
            "at_2020_last_3y": null,
            "at_2021_last_3y": null,
            "at_2022_last_3y": null,
            "at_2023_last_3y": null,
            "at_2006_last_all": null,
            "at_2007_last_all": null,
            "at_2008_last_all": null,
            "at_2009_last_all": null,
            "at_2010_last_all": null,
            "at_2011_last_all": null,
            "at_2012_last_all": null,
            "at_2013_last_all": null,
            "at_2014_last_all": null,
            "at_2015_last_all": null,
            "at_2016_last_all": null,
            "at_2017_last_all": -100,
            "at_2018_last_all": -100,
            "at_2019_last_all": -100,
            "at_2020_last_all": -100,
            "at_2021_last_all": -100,
            "at_2022_last_all": -100,
            "at_2023_last_all": -100
        },
        "latest_eps": -2.66,
        "latest_price": 41.8,
        "latest_roe": -61.24,
        "latest_gross_margin": 43.54,
        "latest_equity": 187028,
        "latest_revenue": 39134,
        "latest_gross_profit": 17039,
        "latest_net_income": -9153,
        "latest_debt_ratio": 20.13,
        "latest_current_ratio": 501.56,
        "latest_account_receivable_turnover_ratio": 5.1,
        "latest_inventory_turnover_ratio": 7.83,
        "latest_reinvestment_rate": null,
        "latest_research_to_sale_ratio": 0.1
    },
    "eps_dividends": {
        "2001": {
            "cash": 0,
            "stock": 0,
            "eps": 0
        },
        "2002": {
            "cash": 0,
            "stock": 0,
            "eps": 0
        },
        "2003": {
            "cash": 0,
            "stock": 0,
            "eps": 0
        },
        "2004": {
            "cash": 0,
            "stock": 0,
            "eps": 0
        },
        "2005": {
            "cash": 0,
            "stock": 0,
            "eps": 0
        },
        "2006": {
            "cash": 0,
            "stock": 0,
            "eps": 0
        },
        "2007": {
            "cash": 0,
            "stock": 0,
            "eps": 0
        },
        "2008": {
            "cash": 0,
            "stock": 0,
            "eps": 0
        },
        "2009": {
            "cash": 0,
            "stock": 0,
            "eps": 0
        },
        "2010": {
            "cash": 0,
            "stock": 0,
            "eps": 0
        },
        "2011": {
            "cash": 0,
            "stock": 0,
            "eps": 0
        },
        "2012": {
            "cash": 0,
            "stock": 0,
            "eps": 0
        },
        "2013": {
            "cash": 0,
            "stock": 0,
            "eps": 0
        },
        "2014": {
            "cash": 0,
            "stock": 0,
            "eps": 0
        },
        "2015": {
            "cash": 3,
            "stock": 2,
            "eps": 2.19
        },
        "2016": {
            "cash": 1,
            "stock": 0,
            "eps": -2.62
        },
        "2017": {
            "cash": 0,
            "stock": 0,
            "eps": -4.07
        },
        "2018": {
            "cash": 0,
            "stock": 0,
            "eps": -4.2
        },
        "2019": {
            "cash": 0,
            "stock": 0,
            "eps": -5.18
        },
        "2020": {
            "cash": 0,
            "stock": 0,
            "eps": -3.53
        },
        "2021": {
            "cash": 0,
            "stock": 0,
            "eps": -2.66
        },
        "2022": {
            "cash": 0,
            "stock": 0,
            "eps": -3.27
        },
        "2023": {
            "cash": 0,
            "stock": 0,
            "eps": -0.39
        }
    },
    "dividends": {
        "2015-10-02": {
            "cash": 3.06,
            "stock": 2
        },
        "2016-09-14": {
            "cash": 1.47,
            "stock": 0
        }
    },
    "prices": {
        "200101": "無",
        "200102": "無",
        "200103": "無",
        "200104": "無",
        "200105": "無",
        "200106": "無",
        "200107": "無",
        "200108": "無",
        "200109": "無",
        "200110": "無",
        "200111": "無",
        "200112": "無",
        "200201": "無",
        "200202": "無",
        "200203": "無",
        "200204": "無",
        "200205": "無",
        "200206": "無",
        "200207": "無",
        "200208": "無",
        "200209": "無",
        "200210": "無",
        "200211": "無",
        "200212": "無",
        "200301": "無",
        "200302": "無",
        "200303": "無",
        "200304": "無",
        "200305": "無",
        "200306": "無",
        "200307": "無",
        "200308": "無",
        "200309": "無",
        "200310": "無",
        "200311": "無",
        "200312": "無",
        "200401": "無",
        "200402": "無",
        "200403": "無",
        "200404": "無",
        "200405": "無",
        "200406": "無",
        "200407": "無",
        "200408": "無",
        "200409": "無",
        "200410": "無",
        "200411": "無",
        "200412": "無",
        "200501": "無",
        "200502": "無",
        "200503": "無",
        "200504": "無",
        "200505": "無",
        "200506": "無",
        "200507": "無",
        "200508": "無",
        "200509": "無",
        "200510": "無",
        "200511": "無",
        "200512": "無",
        "200601": "無",
        "200602": "無",
        "200603": "無",
        "200604": "無",
        "200605": "無",
        "200606": "無",
        "200607": "無",
        "200608": "無",
        "200609": "無",
        "200610": "無",
        "200611": "無",
        "200612": "無",
        "200701": "無",
        "200702": "無",
        "200703": "無",
        "200704": "無",
        "200705": "無",
        "200706": "無",
        "200707": "無",
        "200708": "無",
        "200709": "無",
        "200710": "無",
        "200711": "無",
        "200712": "無",
        "200801": "無",
        "200802": "無",
        "200803": "無",
        "200804": "無",
        "200805": "無",
        "200806": "無",
        "200807": "無",
        "200808": "無",
        "200809": "無",
        "200810": "無",
        "200811": "無",
        "200812": "無",
        "200901": "無",
        "200902": "無",
        "200903": "無",
        "200904": "無",
        "200905": "無",
        "200906": "無",
        "200907": "無",
        "200908": "無",
        "200909": "無",
        "200910": "無",
        "200911": "無",
        "200912": "無",
        "201001": "無",
        "201002": "無",
        "201003": "無",
        "201004": "無",
        "201005": "無",
        "201006": "無",
        "201007": "無",
        "201008": "無",
        "201009": "無",
        "201010": "無",
        "201011": "無",
        "201012": "無",
        "201101": "無",
        "201102": "無",
        "201103": "無",
        "201104": "無",
        "201105": "無",
        "201106": "無",
        "201107": "無",
        "201108": "無",
        "201109": "無",
        "201110": "無",
        "201111": "無",
        "201112": "無",
        "201201": "無",
        "201202": "無",
        "201203": "無",
        "201204": "無",
        "201205": "無",
        "201206": "無",
        "201207": "無",
        "201208": "無",
        "201209": "無",
        "201210": "無",
        "201211": "無",
        "201212": "無",
        "201301": "無",
        "201302": "無",
        "201303": "無",
        "201304": "無",
        "201305": "無",
        "201306": "無",
        "201307": "無",
        "201308": "無",
        "201309": "無",
        "201310": "無",
        "201311": "無",
        "201312": "無",
        "201401": "無",
        "201402": "無",
        "201403": "無",
        "201404": "無",
        "201405": "無",
        "201406": "無",
        "201407": "無",
        "201408": "無",
        "201409": "無",
        "201410": "無",
        "201411": "無",
        "201412": "138.91",
        "201501": "130.79",
        "201502": "126.46",
        "201503": "120.12",
        "201504": "119.92",
        "201505": "125.39",
        "201506": "122.62",
        "201507": "123.26",
        "201508": "105.13",
        "201509": "86.00",
        "201510": "81.53",
        "201511": "83.71",
        "201512": "82.33",
        "201601": "68.51",
        "201602": "67.15",
        "201603": "62.13",
        "201604": "50.21",
        "201605": "45.04",
        "201606": "43.91",
        "201607": "39.41",
        "201608": "39.50",
        "201609": "37.74",
        "201610": "32.92",
        "201611": "29.97",
        "201612": "29.68",
        "201701": "28.26",
        "201702": "28.09",
        "201703": "28.39",
        "201704": "26.09",
        "201705": "27.06",
        "201706": "25.91",
        "201707": "23.57",
        "201708": "24.38",
        "201709": "24.92",
        "201710": "31.82",
        "201711": "32.85",
        "201712": "31.26",
        "201801": "38.31",
        "201802": "38.25",
        "201803": "36.12",
        "201804": "33.96",
        "201805": "32.74",
        "201806": "31.64",
        "201807": "31.48",
        "201808": "27.81",
        "201809": "24.03",
        "201810": "25.29",
        "201811": "28.25",
        "201812": "27.59",
        "201901": "26.48",
        "201902": "26.53",
        "201903": "23.28",
        "201904": "19.68",
        "201905": "18.76",
        "201906": "15.94",
        "201907": "13.54",
        "201908": "12.61",
        "201909": "12.34",
        "201910": "10.65",
        "201911": "8.81",
        "201912": "7.54",
        "202001": "8.02",
        "202002": "9.91",
        "202003": "11.53",
        "202004": "9.89",
        "202005": "13.14",
        "202006": "22.80",
        "202007": "21.68",
        "202008": "18.40",
        "202009": "18.26",
        "202010": "18.07",
        "202011": "20.81",
        "202012": "20.91",
        "202101": "18.04",
        "202102": "19.78",
        "202103": "21.90",
        "202104": "21.78",
        "202105": "22.19",
        "202106": "22.48",
        "202107": "22.97",
        "202108": "21.17",
        "202109": "20.18",
        "202110": "20.15",
        "202111": "22.03",
        "202112": "22.62",
        "202201": "23.25",
        "202202": "27.24",
        "202203": "23.99",
        "202204": "25.50",
        "202205": "27.21",
        "202206": "30.31",
        "202207": "32.78",
        "202208": "39.06",
        "202209": "46.38",
        "202210": "49.64",
        "202211": "49.99",
        "202212": "50.34",
        "202301": "49.19",
        "202302": "46.49",
        "202303": "47.46",
        "202304": "47.00",
        "202305": "43.98"
    },
    "quarters": {
        "20011": {
            "year_quarter": 20011,
            "year": 2001,
            "quarter": 1,
            "eps": null,
            "eps_growth_year": null,
            "eps_4q": null,
            "eps_4q_growth_year": null,
            "roe": null,
            "roe_4q": 0,
            "gross_profit": null,
            "gross_margin": null,
            "gross_margin_4q_avg": 0,
            "net_income": null,
            "revenue": null,
            "common_shares": null,
            "book_valuer_per_share": null,
            "book_valuer_per_share_4q_avg": 0,
            "equity": null,
            "current_ratio": null,
            "debt_ratio": null,
            "inventory_turnover_ratio": null,
            "account_receivable_turnover_ratio": null,
            "reinvestment_rate": null,
            "research_to_sale_ratio": null,
            "price_fair": 0,
            "eps_avg_yearly": 0,
            "eps_latest_yearly": 0,
            "eps_growth_yearly": 0
        },
        "20012": {
            "year_quarter": 20012,
            "year": 2001,
            "quarter": 2,
            "eps": null,
            "eps_growth_year": null,
            "eps_4q": null,
            "eps_4q_growth_year": null,
            "roe": null,
            "roe_4q": 0,
            "gross_profit": null,
            "gross_margin": null,
            "gross_margin_4q_avg": 0,
            "net_income": null,
            "revenue": null,
            "common_shares": null,
            "book_valuer_per_share": null,
            "book_valuer_per_share_4q_avg": 0,
            "equity": null,
            "current_ratio": null,
            "debt_ratio": null,
            "inventory_turnover_ratio": null,
            "account_receivable_turnover_ratio": null,
            "reinvestment_rate": null,
            "research_to_sale_ratio": null,
            "price_fair": 0,
            "eps_avg_yearly": 0,
            "eps_latest_yearly": 0,
            "eps_growth_yearly": 0
        },
        "20013": {
            "year_quarter": 20013,
            "year": 2001,
            "quarter": 3,
            "eps": null,
            "eps_growth_year": null,
            "eps_4q": null,
            "eps_4q_growth_year": null,
            "roe": null,
            "roe_4q": 0,
            "gross_profit": null,
            "gross_margin": null,
            "gross_margin_4q_avg": 0,
            "net_income": null,
            "revenue": null,
            "common_shares": null,
            "book_valuer_per_share": null,
            "book_valuer_per_share_4q_avg": 0,
            "equity": null,
            "current_ratio": null,
            "debt_ratio": null,
            "inventory_turnover_ratio": null,
            "account_receivable_turnover_ratio": null,
            "reinvestment_rate": null,
            "research_to_sale_ratio": null,
            "price_fair": 0,
            "eps_avg_yearly": 0,
            "eps_latest_yearly": 0,
            "eps_growth_yearly": 0
        },
        "20014": {
            "year_quarter": 20014,
            "year": 2001,
            "quarter": 4,
            "eps": null,
            "eps_growth_year": null,
            "eps_4q": null,
            "eps_4q_growth_year": null,
            "roe": null,
            "roe_4q": 0,
            "gross_profit": null,
            "gross_margin": null,
            "gross_margin_4q_avg": 0,
            "net_income": null,
            "revenue": null,
            "common_shares": null,
            "book_valuer_per_share": null,
            "book_valuer_per_share_4q_avg": 0,
            "equity": null,
            "current_ratio": null,
            "debt_ratio": null,
            "inventory_turnover_ratio": null,
            "account_receivable_turnover_ratio": null,
            "reinvestment_rate": null,
            "research_to_sale_ratio": null,
            "price_fair": 0,
            "eps_avg_yearly": 0,
            "eps_latest_yearly": 0,
            "eps_growth_yearly": 0
        },
        "20021": {
            "year_quarter": 20021,
            "year": 2002,
            "quarter": 1,
            "eps": null,
            "eps_growth_year": null,
            "eps_4q": null,
            "eps_4q_growth_year": null,
            "roe": null,
            "roe_4q": 0,
            "gross_profit": null,
            "gross_margin": null,
            "gross_margin_4q_avg": 0,
            "net_income": null,
            "revenue": null,
            "common_shares": null,
            "book_valuer_per_share": null,
            "book_valuer_per_share_4q_avg": 0,
            "equity": null,
            "current_ratio": null,
            "debt_ratio": null,
            "inventory_turnover_ratio": null,
            "account_receivable_turnover_ratio": null,
            "reinvestment_rate": null,
            "research_to_sale_ratio": null,
            "price_fair": 0,
            "eps_avg_yearly": 0,
            "eps_latest_yearly": 0,
            "eps_growth_yearly": 0
        },
        "20022": {
            "year_quarter": 20022,
            "year": 2002,
            "quarter": 2,
            "eps": null,
            "eps_growth_year": null,
            "eps_4q": null,
            "eps_4q_growth_year": null,
            "roe": null,
            "roe_4q": 0,
            "gross_profit": null,
            "gross_margin": null,
            "gross_margin_4q_avg": 0,
            "net_income": null,
            "revenue": null,
            "common_shares": null,
            "book_valuer_per_share": null,
            "book_valuer_per_share_4q_avg": 0,
            "equity": null,
            "current_ratio": null,
            "debt_ratio": null,
            "inventory_turnover_ratio": null,
            "account_receivable_turnover_ratio": null,
            "reinvestment_rate": null,
            "research_to_sale_ratio": null,
            "price_fair": 0,
            "eps_avg_yearly": 0,
            "eps_latest_yearly": 0,
            "eps_growth_yearly": 0
        },
        "20023": {
            "year_quarter": 20023,
            "year": 2002,
            "quarter": 3,
            "eps": null,
            "eps_growth_year": null,
            "eps_4q": null,
            "eps_4q_growth_year": null,
            "roe": null,
            "roe_4q": 0,
            "gross_profit": null,
            "gross_margin": null,
            "gross_margin_4q_avg": 0,
            "net_income": null,
            "revenue": null,
            "common_shares": null,
            "book_valuer_per_share": null,
            "book_valuer_per_share_4q_avg": 0,
            "equity": null,
            "current_ratio": null,
            "debt_ratio": null,
            "inventory_turnover_ratio": null,
            "account_receivable_turnover_ratio": null,
            "reinvestment_rate": null,
            "research_to_sale_ratio": null,
            "price_fair": 0,
            "eps_avg_yearly": 0,
            "eps_latest_yearly": 0,
            "eps_growth_yearly": 0
        },
        "20024": {
            "year_quarter": 20024,
            "year": 2002,
            "quarter": 4,
            "eps": null,
            "eps_growth_year": null,
            "eps_4q": null,
            "eps_4q_growth_year": null,
            "roe": null,
            "roe_4q": 0,
            "gross_profit": null,
            "gross_margin": null,
            "gross_margin_4q_avg": 0,
            "net_income": null,
            "revenue": null,
            "common_shares": null,
            "book_valuer_per_share": null,
            "book_valuer_per_share_4q_avg": 0,
            "equity": null,
            "current_ratio": null,
            "debt_ratio": null,
            "inventory_turnover_ratio": null,
            "account_receivable_turnover_ratio": null,
            "reinvestment_rate": null,
            "research_to_sale_ratio": null,
            "price_fair": 0,
            "eps_avg_yearly": 0,
            "eps_latest_yearly": 0,
            "eps_growth_yearly": 0
        },
        "20031": {
            "year_quarter": 20031,
            "year": 2003,
            "quarter": 1,
            "eps": null,
            "eps_growth_year": null,
            "eps_4q": null,
            "eps_4q_growth_year": null,
            "roe": null,
            "roe_4q": 0,
            "gross_profit": null,
            "gross_margin": null,
            "gross_margin_4q_avg": 0,
            "net_income": null,
            "revenue": null,
            "common_shares": null,
            "book_valuer_per_share": null,
            "book_valuer_per_share_4q_avg": 0,
            "equity": null,
            "current_ratio": null,
            "debt_ratio": null,
            "inventory_turnover_ratio": null,
            "account_receivable_turnover_ratio": null,
            "reinvestment_rate": null,
            "research_to_sale_ratio": null,
            "price_fair": 0,
            "eps_avg_yearly": 0,
            "eps_latest_yearly": 0,
            "eps_growth_yearly": 0
        },
        "20032": {
            "year_quarter": 20032,
            "year": 2003,
            "quarter": 2,
            "eps": null,
            "eps_growth_year": null,
            "eps_4q": null,
            "eps_4q_growth_year": null,
            "roe": null,
            "roe_4q": 0,
            "gross_profit": null,
            "gross_margin": null,
            "gross_margin_4q_avg": 0,
            "net_income": null,
            "revenue": null,
            "common_shares": null,
            "book_valuer_per_share": null,
            "book_valuer_per_share_4q_avg": 0,
            "equity": null,
            "current_ratio": null,
            "debt_ratio": null,
            "inventory_turnover_ratio": null,
            "account_receivable_turnover_ratio": null,
            "reinvestment_rate": null,
            "research_to_sale_ratio": null,
            "price_fair": 0,
            "eps_avg_yearly": 0,
            "eps_latest_yearly": 0,
            "eps_growth_yearly": 0
        },
        "20033": {
            "year_quarter": 20033,
            "year": 2003,
            "quarter": 3,
            "eps": null,
            "eps_growth_year": null,
            "eps_4q": null,
            "eps_4q_growth_year": null,
            "roe": null,
            "roe_4q": 0,
            "gross_profit": null,
            "gross_margin": null,
            "gross_margin_4q_avg": 0,
            "net_income": null,
            "revenue": null,
            "common_shares": null,
            "book_valuer_per_share": null,
            "book_valuer_per_share_4q_avg": 0,
            "equity": null,
            "current_ratio": null,
            "debt_ratio": null,
            "inventory_turnover_ratio": null,
            "account_receivable_turnover_ratio": null,
            "reinvestment_rate": null,
            "research_to_sale_ratio": null,
            "price_fair": 0,
            "eps_avg_yearly": 0,
            "eps_latest_yearly": 0,
            "eps_growth_yearly": 0
        },
        "20034": {
            "year_quarter": 20034,
            "year": 2003,
            "quarter": 4,
            "eps": null,
            "eps_growth_year": null,
            "eps_4q": null,
            "eps_4q_growth_year": null,
            "roe": null,
            "roe_4q": 0,
            "gross_profit": null,
            "gross_margin": null,
            "gross_margin_4q_avg": 0,
            "net_income": null,
            "revenue": null,
            "common_shares": null,
            "book_valuer_per_share": null,
            "book_valuer_per_share_4q_avg": 0,
            "equity": null,
            "current_ratio": null,
            "debt_ratio": null,
            "inventory_turnover_ratio": null,
            "account_receivable_turnover_ratio": null,
            "reinvestment_rate": null,
            "research_to_sale_ratio": null,
            "price_fair": 0,
            "eps_avg_yearly": 0,
            "eps_latest_yearly": 0,
            "eps_growth_yearly": 0
        },
        "20041": {
            "year_quarter": 20041,
            "year": 2004,
            "quarter": 1,
            "eps": null,
            "eps_growth_year": null,
            "eps_4q": null,
            "eps_4q_growth_year": null,
            "roe": null,
            "roe_4q": 0,
            "gross_profit": null,
            "gross_margin": null,
            "gross_margin_4q_avg": 0,
            "net_income": null,
            "revenue": null,
            "common_shares": null,
            "book_valuer_per_share": null,
            "book_valuer_per_share_4q_avg": 0,
            "equity": null,
            "current_ratio": null,
            "debt_ratio": null,
            "inventory_turnover_ratio": null,
            "account_receivable_turnover_ratio": null,
            "reinvestment_rate": null,
            "research_to_sale_ratio": null,
            "price_fair": 0,
            "eps_avg_yearly": 0,
            "eps_latest_yearly": 0,
            "eps_growth_yearly": 0
        },
        "20042": {
            "year_quarter": 20042,
            "year": 2004,
            "quarter": 2,
            "eps": null,
            "eps_growth_year": null,
            "eps_4q": null,
            "eps_4q_growth_year": null,
            "roe": null,
            "roe_4q": 0,
            "gross_profit": null,
            "gross_margin": null,
            "gross_margin_4q_avg": 0,
            "net_income": null,
            "revenue": null,
            "common_shares": null,
            "book_valuer_per_share": null,
            "book_valuer_per_share_4q_avg": 0,
            "equity": null,
            "current_ratio": null,
            "debt_ratio": null,
            "inventory_turnover_ratio": null,
            "account_receivable_turnover_ratio": null,
            "reinvestment_rate": null,
            "research_to_sale_ratio": null,
            "price_fair": 0,
            "eps_avg_yearly": 0,
            "eps_latest_yearly": 0,
            "eps_growth_yearly": 0
        },
        "20043": {
            "year_quarter": 20043,
            "year": 2004,
            "quarter": 3,
            "eps": null,
            "eps_growth_year": null,
            "eps_4q": null,
            "eps_4q_growth_year": null,
            "roe": null,
            "roe_4q": 0,
            "gross_profit": null,
            "gross_margin": null,
            "gross_margin_4q_avg": 0,
            "net_income": null,
            "revenue": null,
            "common_shares": null,
            "book_valuer_per_share": null,
            "book_valuer_per_share_4q_avg": 0,
            "equity": null,
            "current_ratio": null,
            "debt_ratio": null,
            "inventory_turnover_ratio": null,
            "account_receivable_turnover_ratio": null,
            "reinvestment_rate": null,
            "research_to_sale_ratio": null,
            "price_fair": 0,
            "eps_avg_yearly": 0,
            "eps_latest_yearly": 0,
            "eps_growth_yearly": 0
        },
        "20044": {
            "year_quarter": 20044,
            "year": 2004,
            "quarter": 4,
            "eps": null,
            "eps_growth_year": null,
            "eps_4q": null,
            "eps_4q_growth_year": null,
            "roe": null,
            "roe_4q": 0,
            "gross_profit": null,
            "gross_margin": null,
            "gross_margin_4q_avg": 0,
            "net_income": null,
            "revenue": null,
            "common_shares": null,
            "book_valuer_per_share": null,
            "book_valuer_per_share_4q_avg": 0,
            "equity": null,
            "current_ratio": null,
            "debt_ratio": null,
            "inventory_turnover_ratio": null,
            "account_receivable_turnover_ratio": null,
            "reinvestment_rate": null,
            "research_to_sale_ratio": null,
            "price_fair": 0,
            "eps_avg_yearly": 0,
            "eps_latest_yearly": 0,
            "eps_growth_yearly": 0
        },
        "20051": {
            "year_quarter": 20051,
            "year": 2005,
            "quarter": 1,
            "eps": null,
            "eps_growth_year": null,
            "eps_4q": null,
            "eps_4q_growth_year": null,
            "roe": null,
            "roe_4q": 0,
            "gross_profit": null,
            "gross_margin": null,
            "gross_margin_4q_avg": 0,
            "net_income": null,
            "revenue": null,
            "common_shares": null,
            "book_valuer_per_share": null,
            "book_valuer_per_share_4q_avg": 0,
            "equity": null,
            "current_ratio": null,
            "debt_ratio": null,
            "inventory_turnover_ratio": null,
            "account_receivable_turnover_ratio": null,
            "reinvestment_rate": null,
            "research_to_sale_ratio": null,
            "price_fair": 0,
            "eps_avg_yearly": 0,
            "eps_latest_yearly": 0,
            "eps_growth_yearly": 0
        },
        "20052": {
            "year_quarter": 20052,
            "year": 2005,
            "quarter": 2,
            "eps": null,
            "eps_growth_year": null,
            "eps_4q": null,
            "eps_4q_growth_year": null,
            "roe": null,
            "roe_4q": 0,
            "gross_profit": null,
            "gross_margin": null,
            "gross_margin_4q_avg": 0,
            "net_income": null,
            "revenue": null,
            "common_shares": null,
            "book_valuer_per_share": null,
            "book_valuer_per_share_4q_avg": 0,
            "equity": null,
            "current_ratio": null,
            "debt_ratio": null,
            "inventory_turnover_ratio": null,
            "account_receivable_turnover_ratio": null,
            "reinvestment_rate": null,
            "research_to_sale_ratio": null,
            "price_fair": 0,
            "eps_avg_yearly": 0,
            "eps_latest_yearly": 0,
            "eps_growth_yearly": 0
        },
        "20053": {
            "year_quarter": 20053,
            "year": 2005,
            "quarter": 3,
            "eps": null,
            "eps_growth_year": null,
            "eps_4q": null,
            "eps_4q_growth_year": null,
            "roe": null,
            "roe_4q": 0,
            "gross_profit": null,
            "gross_margin": null,
            "gross_margin_4q_avg": 0,
            "net_income": null,
            "revenue": null,
            "common_shares": null,
            "book_valuer_per_share": null,
            "book_valuer_per_share_4q_avg": 0,
            "equity": null,
            "current_ratio": null,
            "debt_ratio": null,
            "inventory_turnover_ratio": null,
            "account_receivable_turnover_ratio": null,
            "reinvestment_rate": null,
            "research_to_sale_ratio": null,
            "price_fair": 0,
            "eps_avg_yearly": 0,
            "eps_latest_yearly": 0,
            "eps_growth_yearly": 0
        },
        "20054": {
            "year_quarter": 20054,
            "year": 2005,
            "quarter": 4,
            "eps": null,
            "eps_growth_year": null,
            "eps_4q": null,
            "eps_4q_growth_year": null,
            "roe": null,
            "roe_4q": 0,
            "gross_profit": null,
            "gross_margin": null,
            "gross_margin_4q_avg": 0,
            "net_income": null,
            "revenue": null,
            "common_shares": null,
            "book_valuer_per_share": null,
            "book_valuer_per_share_4q_avg": 0,
            "equity": null,
            "current_ratio": null,
            "debt_ratio": null,
            "inventory_turnover_ratio": null,
            "account_receivable_turnover_ratio": null,
            "reinvestment_rate": null,
            "research_to_sale_ratio": null,
            "price_fair": 0,
            "eps_avg_yearly": 0,
            "eps_latest_yearly": 0,
            "eps_growth_yearly": 0
        },
        "20061": {
            "year_quarter": 20061,
            "year": 2006,
            "quarter": 1,
            "eps": null,
            "eps_growth_year": null,
            "eps_4q": null,
            "eps_4q_growth_year": null,
            "roe": null,
            "roe_4q": 0,
            "gross_profit": null,
            "gross_margin": null,
            "gross_margin_4q_avg": 0,
            "net_income": null,
            "revenue": null,
            "common_shares": null,
            "book_valuer_per_share": null,
            "book_valuer_per_share_4q_avg": 0,
            "equity": null,
            "current_ratio": null,
            "debt_ratio": null,
            "inventory_turnover_ratio": null,
            "account_receivable_turnover_ratio": null,
            "reinvestment_rate": null,
            "research_to_sale_ratio": null,
            "price_fair": 0,
            "eps_avg_yearly": 0,
            "eps_latest_yearly": 0,
            "eps_growth_yearly": 0
        },
        "20062": {
            "year_quarter": 20062,
            "year": 2006,
            "quarter": 2,
            "eps": null,
            "eps_growth_year": null,
            "eps_4q": null,
            "eps_4q_growth_year": null,
            "roe": null,
            "roe_4q": 0,
            "gross_profit": null,
            "gross_margin": null,
            "gross_margin_4q_avg": 0,
            "net_income": null,
            "revenue": null,
            "common_shares": null,
            "book_valuer_per_share": null,
            "book_valuer_per_share_4q_avg": 0,
            "equity": null,
            "current_ratio": null,
            "debt_ratio": null,
            "inventory_turnover_ratio": null,
            "account_receivable_turnover_ratio": null,
            "reinvestment_rate": null,
            "research_to_sale_ratio": null,
            "price_fair": 0,
            "eps_avg_yearly": 0,
            "eps_latest_yearly": 0,
            "eps_growth_yearly": 0
        },
        "20063": {
            "year_quarter": 20063,
            "year": 2006,
            "quarter": 3,
            "eps": null,
            "eps_growth_year": null,
            "eps_4q": null,
            "eps_4q_growth_year": null,
            "roe": null,
            "roe_4q": 0,
            "gross_profit": null,
            "gross_margin": null,
            "gross_margin_4q_avg": 0,
            "net_income": null,
            "revenue": null,
            "common_shares": null,
            "book_valuer_per_share": null,
            "book_valuer_per_share_4q_avg": 0,
            "equity": null,
            "current_ratio": null,
            "debt_ratio": null,
            "inventory_turnover_ratio": null,
            "account_receivable_turnover_ratio": null,
            "reinvestment_rate": null,
            "research_to_sale_ratio": null,
            "price_fair": 0,
            "eps_avg_yearly": 0,
            "eps_latest_yearly": 0,
            "eps_growth_yearly": 0
        },
        "20064": {
            "year_quarter": 20064,
            "year": 2006,
            "quarter": 4,
            "eps": null,
            "eps_growth_year": null,
            "eps_4q": null,
            "eps_4q_growth_year": null,
            "roe": null,
            "roe_4q": 0,
            "gross_profit": null,
            "gross_margin": null,
            "gross_margin_4q_avg": 0,
            "net_income": null,
            "revenue": null,
            "common_shares": null,
            "book_valuer_per_share": null,
            "book_valuer_per_share_4q_avg": 0,
            "equity": null,
            "current_ratio": null,
            "debt_ratio": null,
            "inventory_turnover_ratio": null,
            "account_receivable_turnover_ratio": null,
            "reinvestment_rate": null,
            "research_to_sale_ratio": null,
            "price_fair": 0,
            "eps_avg_yearly": 0,
            "eps_latest_yearly": 0,
            "eps_growth_yearly": 0
        },
        "20071": {
            "year_quarter": 20071,
            "year": 2007,
            "quarter": 1,
            "eps": null,
            "eps_growth_year": null,
            "eps_4q": null,
            "eps_4q_growth_year": null,
            "roe": null,
            "roe_4q": 0,
            "gross_profit": null,
            "gross_margin": null,
            "gross_margin_4q_avg": 0,
            "net_income": null,
            "revenue": null,
            "common_shares": null,
            "book_valuer_per_share": null,
            "book_valuer_per_share_4q_avg": 0,
            "equity": null,
            "current_ratio": null,
            "debt_ratio": null,
            "inventory_turnover_ratio": null,
            "account_receivable_turnover_ratio": null,
            "reinvestment_rate": null,
            "research_to_sale_ratio": null,
            "price_fair": 0,
            "eps_avg_yearly": 0,
            "eps_latest_yearly": 0,
            "eps_growth_yearly": 0
        },
        "20072": {
            "year_quarter": 20072,
            "year": 2007,
            "quarter": 2,
            "eps": null,
            "eps_growth_year": null,
            "eps_4q": null,
            "eps_4q_growth_year": null,
            "roe": null,
            "roe_4q": 0,
            "gross_profit": null,
            "gross_margin": null,
            "gross_margin_4q_avg": 0,
            "net_income": null,
            "revenue": null,
            "common_shares": null,
            "book_valuer_per_share": null,
            "book_valuer_per_share_4q_avg": 0,
            "equity": null,
            "current_ratio": null,
            "debt_ratio": null,
            "inventory_turnover_ratio": null,
            "account_receivable_turnover_ratio": null,
            "reinvestment_rate": null,
            "research_to_sale_ratio": null,
            "price_fair": 0,
            "eps_avg_yearly": 0,
            "eps_latest_yearly": 0,
            "eps_growth_yearly": 0
        },
        "20073": {
            "year_quarter": 20073,
            "year": 2007,
            "quarter": 3,
            "eps": null,
            "eps_growth_year": null,
            "eps_4q": null,
            "eps_4q_growth_year": null,
            "roe": null,
            "roe_4q": 0,
            "gross_profit": null,
            "gross_margin": null,
            "gross_margin_4q_avg": 0,
            "net_income": null,
            "revenue": null,
            "common_shares": null,
            "book_valuer_per_share": null,
            "book_valuer_per_share_4q_avg": 0,
            "equity": null,
            "current_ratio": null,
            "debt_ratio": null,
            "inventory_turnover_ratio": null,
            "account_receivable_turnover_ratio": null,
            "reinvestment_rate": null,
            "research_to_sale_ratio": null,
            "price_fair": 0,
            "eps_avg_yearly": 0,
            "eps_latest_yearly": 0,
            "eps_growth_yearly": 0
        },
        "20074": {
            "year_quarter": 20074,
            "year": 2007,
            "quarter": 4,
            "eps": null,
            "eps_growth_year": null,
            "eps_4q": null,
            "eps_4q_growth_year": null,
            "roe": null,
            "roe_4q": 0,
            "gross_profit": null,
            "gross_margin": null,
            "gross_margin_4q_avg": 0,
            "net_income": null,
            "revenue": null,
            "common_shares": null,
            "book_valuer_per_share": null,
            "book_valuer_per_share_4q_avg": 0,
            "equity": null,
            "current_ratio": null,
            "debt_ratio": null,
            "inventory_turnover_ratio": null,
            "account_receivable_turnover_ratio": null,
            "reinvestment_rate": null,
            "research_to_sale_ratio": null,
            "price_fair": 0,
            "eps_avg_yearly": 0,
            "eps_latest_yearly": 0,
            "eps_growth_yearly": 0
        },
        "20081": {
            "year_quarter": 20081,
            "year": 2008,
            "quarter": 1,
            "eps": null,
            "eps_growth_year": null,
            "eps_4q": null,
            "eps_4q_growth_year": null,
            "roe": null,
            "roe_4q": 0,
            "gross_profit": null,
            "gross_margin": null,
            "gross_margin_4q_avg": 0,
            "net_income": null,
            "revenue": null,
            "common_shares": null,
            "book_valuer_per_share": null,
            "book_valuer_per_share_4q_avg": 0,
            "equity": null,
            "current_ratio": null,
            "debt_ratio": null,
            "inventory_turnover_ratio": null,
            "account_receivable_turnover_ratio": null,
            "reinvestment_rate": null,
            "research_to_sale_ratio": null,
            "price_fair": 0,
            "eps_avg_yearly": 0,
            "eps_latest_yearly": 0,
            "eps_growth_yearly": 0
        },
        "20082": {
            "year_quarter": 20082,
            "year": 2008,
            "quarter": 2,
            "eps": null,
            "eps_growth_year": null,
            "eps_4q": null,
            "eps_4q_growth_year": null,
            "roe": null,
            "roe_4q": 0,
            "gross_profit": null,
            "gross_margin": null,
            "gross_margin_4q_avg": 0,
            "net_income": null,
            "revenue": null,
            "common_shares": null,
            "book_valuer_per_share": null,
            "book_valuer_per_share_4q_avg": 0,
            "equity": null,
            "current_ratio": null,
            "debt_ratio": null,
            "inventory_turnover_ratio": null,
            "account_receivable_turnover_ratio": null,
            "reinvestment_rate": null,
            "research_to_sale_ratio": null,
            "price_fair": 0,
            "eps_avg_yearly": 0,
            "eps_latest_yearly": 0,
            "eps_growth_yearly": 0
        },
        "20083": {
            "year_quarter": 20083,
            "year": 2008,
            "quarter": 3,
            "eps": null,
            "eps_growth_year": null,
            "eps_4q": null,
            "eps_4q_growth_year": null,
            "roe": null,
            "roe_4q": 0,
            "gross_profit": null,
            "gross_margin": null,
            "gross_margin_4q_avg": 0,
            "net_income": null,
            "revenue": null,
            "common_shares": null,
            "book_valuer_per_share": null,
            "book_valuer_per_share_4q_avg": 0,
            "equity": null,
            "current_ratio": null,
            "debt_ratio": null,
            "inventory_turnover_ratio": null,
            "account_receivable_turnover_ratio": null,
            "reinvestment_rate": null,
            "research_to_sale_ratio": null,
            "price_fair": 0,
            "eps_avg_yearly": 0,
            "eps_latest_yearly": 0,
            "eps_growth_yearly": 0
        },
        "20084": {
            "year_quarter": 20084,
            "year": 2008,
            "quarter": 4,
            "eps": null,
            "eps_growth_year": null,
            "eps_4q": null,
            "eps_4q_growth_year": null,
            "roe": null,
            "roe_4q": 0,
            "gross_profit": null,
            "gross_margin": null,
            "gross_margin_4q_avg": 0,
            "net_income": null,
            "revenue": null,
            "common_shares": null,
            "book_valuer_per_share": null,
            "book_valuer_per_share_4q_avg": 0,
            "equity": null,
            "current_ratio": null,
            "debt_ratio": null,
            "inventory_turnover_ratio": null,
            "account_receivable_turnover_ratio": null,
            "reinvestment_rate": null,
            "research_to_sale_ratio": null,
            "price_fair": 0,
            "eps_avg_yearly": 0,
            "eps_latest_yearly": 0,
            "eps_growth_yearly": 0
        },
        "20091": {
            "year_quarter": 20091,
            "year": 2009,
            "quarter": 1,
            "eps": null,
            "eps_growth_year": null,
            "eps_4q": null,
            "eps_4q_growth_year": null,
            "roe": null,
            "roe_4q": 0,
            "gross_profit": null,
            "gross_margin": null,
            "gross_margin_4q_avg": 0,
            "net_income": null,
            "revenue": null,
            "common_shares": null,
            "book_valuer_per_share": null,
            "book_valuer_per_share_4q_avg": 0,
            "equity": null,
            "current_ratio": null,
            "debt_ratio": null,
            "inventory_turnover_ratio": null,
            "account_receivable_turnover_ratio": null,
            "reinvestment_rate": null,
            "research_to_sale_ratio": null,
            "price_fair": 0,
            "eps_avg_yearly": 0,
            "eps_latest_yearly": 0,
            "eps_growth_yearly": 0
        },
        "20092": {
            "year_quarter": 20092,
            "year": 2009,
            "quarter": 2,
            "eps": null,
            "eps_growth_year": null,
            "eps_4q": null,
            "eps_4q_growth_year": null,
            "roe": null,
            "roe_4q": 0,
            "gross_profit": null,
            "gross_margin": null,
            "gross_margin_4q_avg": 0,
            "net_income": null,
            "revenue": null,
            "common_shares": null,
            "book_valuer_per_share": null,
            "book_valuer_per_share_4q_avg": 0,
            "equity": null,
            "current_ratio": null,
            "debt_ratio": null,
            "inventory_turnover_ratio": null,
            "account_receivable_turnover_ratio": null,
            "reinvestment_rate": null,
            "research_to_sale_ratio": null,
            "price_fair": 0,
            "eps_avg_yearly": 0,
            "eps_latest_yearly": 0,
            "eps_growth_yearly": 0
        },
        "20093": {
            "year_quarter": 20093,
            "year": 2009,
            "quarter": 3,
            "eps": null,
            "eps_growth_year": null,
            "eps_4q": null,
            "eps_4q_growth_year": null,
            "roe": null,
            "roe_4q": 0,
            "gross_profit": null,
            "gross_margin": null,
            "gross_margin_4q_avg": 0,
            "net_income": null,
            "revenue": null,
            "common_shares": null,
            "book_valuer_per_share": null,
            "book_valuer_per_share_4q_avg": 0,
            "equity": null,
            "current_ratio": null,
            "debt_ratio": null,
            "inventory_turnover_ratio": null,
            "account_receivable_turnover_ratio": null,
            "reinvestment_rate": null,
            "research_to_sale_ratio": null,
            "price_fair": 0,
            "eps_avg_yearly": 0,
            "eps_latest_yearly": 0,
            "eps_growth_yearly": 0
        },
        "20094": {
            "year_quarter": 20094,
            "year": 2009,
            "quarter": 4,
            "eps": null,
            "eps_growth_year": null,
            "eps_4q": null,
            "eps_4q_growth_year": null,
            "roe": null,
            "roe_4q": 0,
            "gross_profit": null,
            "gross_margin": null,
            "gross_margin_4q_avg": 0,
            "net_income": null,
            "revenue": null,
            "common_shares": null,
            "book_valuer_per_share": null,
            "book_valuer_per_share_4q_avg": 0,
            "equity": null,
            "current_ratio": null,
            "debt_ratio": null,
            "inventory_turnover_ratio": null,
            "account_receivable_turnover_ratio": null,
            "reinvestment_rate": null,
            "research_to_sale_ratio": null,
            "price_fair": 0,
            "eps_avg_yearly": 0,
            "eps_latest_yearly": 0,
            "eps_growth_yearly": 0
        },
        "20101": {
            "year_quarter": 20101,
            "year": 2010,
            "quarter": 1,
            "eps": null,
            "eps_growth_year": null,
            "eps_4q": null,
            "eps_4q_growth_year": null,
            "roe": null,
            "roe_4q": 0,
            "gross_profit": null,
            "gross_margin": null,
            "gross_margin_4q_avg": 0,
            "net_income": null,
            "revenue": null,
            "common_shares": null,
            "book_valuer_per_share": null,
            "book_valuer_per_share_4q_avg": 0,
            "equity": null,
            "current_ratio": null,
            "debt_ratio": null,
            "inventory_turnover_ratio": null,
            "account_receivable_turnover_ratio": null,
            "reinvestment_rate": null,
            "research_to_sale_ratio": null,
            "price_fair": 0,
            "eps_avg_yearly": 0,
            "eps_latest_yearly": 0,
            "eps_growth_yearly": 0
        },
        "20102": {
            "year_quarter": 20102,
            "year": 2010,
            "quarter": 2,
            "eps": null,
            "eps_growth_year": null,
            "eps_4q": null,
            "eps_4q_growth_year": null,
            "roe": null,
            "roe_4q": 0,
            "gross_profit": null,
            "gross_margin": null,
            "gross_margin_4q_avg": 0,
            "net_income": null,
            "revenue": null,
            "common_shares": null,
            "book_valuer_per_share": null,
            "book_valuer_per_share_4q_avg": 0,
            "equity": null,
            "current_ratio": null,
            "debt_ratio": null,
            "inventory_turnover_ratio": null,
            "account_receivable_turnover_ratio": null,
            "reinvestment_rate": null,
            "research_to_sale_ratio": null,
            "price_fair": 0,
            "eps_avg_yearly": 0,
            "eps_latest_yearly": 0,
            "eps_growth_yearly": 0
        },
        "20103": {
            "year_quarter": 20103,
            "year": 2010,
            "quarter": 3,
            "eps": null,
            "eps_growth_year": null,
            "eps_4q": null,
            "eps_4q_growth_year": null,
            "roe": null,
            "roe_4q": 0,
            "gross_profit": null,
            "gross_margin": null,
            "gross_margin_4q_avg": 0,
            "net_income": null,
            "revenue": null,
            "common_shares": null,
            "book_valuer_per_share": null,
            "book_valuer_per_share_4q_avg": 0,
            "equity": null,
            "current_ratio": null,
            "debt_ratio": null,
            "inventory_turnover_ratio": null,
            "account_receivable_turnover_ratio": null,
            "reinvestment_rate": null,
            "research_to_sale_ratio": null,
            "price_fair": 0,
            "eps_avg_yearly": 0,
            "eps_latest_yearly": 0,
            "eps_growth_yearly": 0
        },
        "20104": {
            "year_quarter": 20104,
            "year": 2010,
            "quarter": 4,
            "eps": null,
            "eps_growth_year": null,
            "eps_4q": null,
            "eps_4q_growth_year": null,
            "roe": null,
            "roe_4q": 0,
            "gross_profit": null,
            "gross_margin": null,
            "gross_margin_4q_avg": 0,
            "net_income": null,
            "revenue": null,
            "common_shares": null,
            "book_valuer_per_share": null,
            "book_valuer_per_share_4q_avg": 0,
            "equity": null,
            "current_ratio": null,
            "debt_ratio": null,
            "inventory_turnover_ratio": null,
            "account_receivable_turnover_ratio": null,
            "reinvestment_rate": null,
            "research_to_sale_ratio": null,
            "price_fair": 0,
            "eps_avg_yearly": 0,
            "eps_latest_yearly": 0,
            "eps_growth_yearly": 0
        },
        "20111": {
            "year_quarter": 20111,
            "year": 2011,
            "quarter": 1,
            "eps": null,
            "eps_growth_year": null,
            "eps_4q": null,
            "eps_4q_growth_year": null,
            "roe": null,
            "roe_4q": 0,
            "gross_profit": null,
            "gross_margin": null,
            "gross_margin_4q_avg": 0,
            "net_income": null,
            "revenue": null,
            "common_shares": null,
            "book_valuer_per_share": null,
            "book_valuer_per_share_4q_avg": 0,
            "equity": null,
            "current_ratio": null,
            "debt_ratio": null,
            "inventory_turnover_ratio": null,
            "account_receivable_turnover_ratio": null,
            "reinvestment_rate": null,
            "research_to_sale_ratio": null,
            "price_fair": 0,
            "eps_avg_yearly": 0,
            "eps_latest_yearly": 0,
            "eps_growth_yearly": 0
        },
        "20112": {
            "year_quarter": 20112,
            "year": 2011,
            "quarter": 2,
            "eps": null,
            "eps_growth_year": null,
            "eps_4q": null,
            "eps_4q_growth_year": null,
            "roe": null,
            "roe_4q": 0,
            "gross_profit": null,
            "gross_margin": null,
            "gross_margin_4q_avg": 0,
            "net_income": null,
            "revenue": null,
            "common_shares": null,
            "book_valuer_per_share": null,
            "book_valuer_per_share_4q_avg": 0,
            "equity": null,
            "current_ratio": null,
            "debt_ratio": null,
            "inventory_turnover_ratio": null,
            "account_receivable_turnover_ratio": null,
            "reinvestment_rate": null,
            "research_to_sale_ratio": null,
            "price_fair": 0,
            "eps_avg_yearly": 0,
            "eps_latest_yearly": 0,
            "eps_growth_yearly": 0
        },
        "20113": {
            "year_quarter": 20113,
            "year": 2011,
            "quarter": 3,
            "eps": null,
            "eps_growth_year": null,
            "eps_4q": null,
            "eps_4q_growth_year": null,
            "roe": null,
            "roe_4q": 0,
            "gross_profit": null,
            "gross_margin": null,
            "gross_margin_4q_avg": 0,
            "net_income": null,
            "revenue": null,
            "common_shares": null,
            "book_valuer_per_share": null,
            "book_valuer_per_share_4q_avg": 0,
            "equity": null,
            "current_ratio": null,
            "debt_ratio": null,
            "inventory_turnover_ratio": null,
            "account_receivable_turnover_ratio": null,
            "reinvestment_rate": null,
            "research_to_sale_ratio": null,
            "price_fair": 0,
            "eps_avg_yearly": 0,
            "eps_latest_yearly": 0,
            "eps_growth_yearly": 0
        },
        "20114": {
            "year_quarter": 20114,
            "year": 2011,
            "quarter": 4,
            "eps": null,
            "eps_growth_year": null,
            "eps_4q": null,
            "eps_4q_growth_year": null,
            "roe": null,
            "roe_4q": 0,
            "gross_profit": null,
            "gross_margin": null,
            "gross_margin_4q_avg": 0,
            "net_income": null,
            "revenue": null,
            "common_shares": 15000,
            "book_valuer_per_share": 12.92,
            "book_valuer_per_share_4q_avg": 3.23,
            "equity": 19373,
            "current_ratio": 252.37,
            "debt_ratio": 27.92,
            "inventory_turnover_ratio": null,
            "account_receivable_turnover_ratio": null,
            "reinvestment_rate": null,
            "research_to_sale_ratio": null,
            "price_fair": 0,
            "eps_avg_yearly": 0,
            "eps_latest_yearly": 0,
            "eps_growth_yearly": 0
        },
        "20121": {
            "year_quarter": 20121,
            "year": 2012,
            "quarter": 1,
            "eps": null,
            "eps_growth_year": null,
            "eps_4q": null,
            "eps_4q_growth_year": null,
            "roe": null,
            "roe_4q": 0,
            "gross_profit": null,
            "gross_margin": null,
            "gross_margin_4q_avg": 0,
            "net_income": null,
            "revenue": null,
            "common_shares": null,
            "book_valuer_per_share": null,
            "book_valuer_per_share_4q_avg": 3.23,
            "equity": null,
            "current_ratio": null,
            "debt_ratio": null,
            "inventory_turnover_ratio": null,
            "account_receivable_turnover_ratio": null,
            "reinvestment_rate": null,
            "research_to_sale_ratio": null,
            "price_fair": 0,
            "eps_avg_yearly": 0,
            "eps_latest_yearly": 0,
            "eps_growth_yearly": 0
        },
        "20122": {
            "year_quarter": 20122,
            "year": 2012,
            "quarter": 2,
            "eps": null,
            "eps_growth_year": null,
            "eps_4q": null,
            "eps_4q_growth_year": null,
            "roe": null,
            "roe_4q": 0,
            "gross_profit": null,
            "gross_margin": null,
            "gross_margin_4q_avg": 0,
            "net_income": null,
            "revenue": null,
            "common_shares": null,
            "book_valuer_per_share": null,
            "book_valuer_per_share_4q_avg": 3.23,
            "equity": null,
            "current_ratio": null,
            "debt_ratio": null,
            "inventory_turnover_ratio": null,
            "account_receivable_turnover_ratio": null,
            "reinvestment_rate": null,
            "research_to_sale_ratio": null,
            "price_fair": 0,
            "eps_avg_yearly": 0,
            "eps_latest_yearly": 0,
            "eps_growth_yearly": 0
        },
        "20123": {
            "year_quarter": 20123,
            "year": 2012,
            "quarter": 3,
            "eps": null,
            "eps_growth_year": null,
            "eps_4q": null,
            "eps_4q_growth_year": null,
            "roe": null,
            "roe_4q": 0,
            "gross_profit": null,
            "gross_margin": null,
            "gross_margin_4q_avg": 0,
            "net_income": null,
            "revenue": null,
            "common_shares": null,
            "book_valuer_per_share": null,
            "book_valuer_per_share_4q_avg": 3.23,
            "equity": null,
            "current_ratio": null,
            "debt_ratio": null,
            "inventory_turnover_ratio": null,
            "account_receivable_turnover_ratio": null,
            "reinvestment_rate": null,
            "research_to_sale_ratio": null,
            "price_fair": 0,
            "eps_avg_yearly": 0,
            "eps_latest_yearly": 0,
            "eps_growth_yearly": 0
        },
        "20124": {
            "year_quarter": 20124,
            "year": 2012,
            "quarter": 4,
            "eps": null,
            "eps_growth_year": null,
            "eps_4q": null,
            "eps_4q_growth_year": null,
            "roe": null,
            "roe_4q": 0,
            "gross_profit": null,
            "gross_margin": null,
            "gross_margin_4q_avg": 0,
            "net_income": null,
            "revenue": null,
            "common_shares": 35000,
            "book_valuer_per_share": 13.03,
            "book_valuer_per_share_4q_avg": 3.26,
            "equity": 45609,
            "current_ratio": 85.04,
            "debt_ratio": 61.55,
            "inventory_turnover_ratio": null,
            "account_receivable_turnover_ratio": null,
            "reinvestment_rate": null,
            "research_to_sale_ratio": null,
            "price_fair": 0,
            "eps_avg_yearly": 0,
            "eps_latest_yearly": 0,
            "eps_growth_yearly": 0
        },
        "20131": {
            "year_quarter": 20131,
            "year": 2013,
            "quarter": 1,
            "eps": null,
            "eps_growth_year": null,
            "eps_4q": null,
            "eps_4q_growth_year": null,
            "roe": null,
            "roe_4q": 0,
            "gross_profit": null,
            "gross_margin": null,
            "gross_margin_4q_avg": 0,
            "net_income": null,
            "revenue": null,
            "common_shares": null,
            "book_valuer_per_share": null,
            "book_valuer_per_share_4q_avg": 3.26,
            "equity": null,
            "current_ratio": null,
            "debt_ratio": null,
            "inventory_turnover_ratio": null,
            "account_receivable_turnover_ratio": null,
            "reinvestment_rate": null,
            "research_to_sale_ratio": null,
            "price_fair": 0,
            "eps_avg_yearly": 0,
            "eps_latest_yearly": 0,
            "eps_growth_yearly": 0
        },
        "20132": {
            "year_quarter": 20132,
            "year": 2013,
            "quarter": 2,
            "eps": null,
            "eps_growth_year": null,
            "eps_4q": null,
            "eps_4q_growth_year": null,
            "roe": null,
            "roe_4q": 0,
            "gross_profit": null,
            "gross_margin": null,
            "gross_margin_4q_avg": 0,
            "net_income": null,
            "revenue": null,
            "common_shares": null,
            "book_valuer_per_share": null,
            "book_valuer_per_share_4q_avg": 3.26,
            "equity": null,
            "current_ratio": null,
            "debt_ratio": null,
            "inventory_turnover_ratio": null,
            "account_receivable_turnover_ratio": null,
            "reinvestment_rate": null,
            "research_to_sale_ratio": null,
            "price_fair": 0,
            "eps_avg_yearly": 0,
            "eps_latest_yearly": 0,
            "eps_growth_yearly": 0
        },
        "20133": {
            "year_quarter": 20133,
            "year": 2013,
            "quarter": 3,
            "eps": null,
            "eps_growth_year": null,
            "eps_4q": null,
            "eps_4q_growth_year": null,
            "roe": null,
            "roe_4q": 0,
            "gross_profit": null,
            "gross_margin": null,
            "gross_margin_4q_avg": 0,
            "net_income": null,
            "revenue": null,
            "common_shares": null,
            "book_valuer_per_share": null,
            "book_valuer_per_share_4q_avg": 3.26,
            "equity": null,
            "current_ratio": null,
            "debt_ratio": null,
            "inventory_turnover_ratio": null,
            "account_receivable_turnover_ratio": null,
            "reinvestment_rate": null,
            "research_to_sale_ratio": null,
            "price_fair": 0,
            "eps_avg_yearly": 0,
            "eps_latest_yearly": 0,
            "eps_growth_yearly": 0
        },
        "20134": {
            "year_quarter": 20134,
            "year": 2013,
            "quarter": 4,
            "eps": null,
            "eps_growth_year": null,
            "eps_4q": null,
            "eps_4q_growth_year": null,
            "roe": null,
            "roe_4q": 0,
            "gross_profit": null,
            "gross_margin": null,
            "gross_margin_4q_avg": 0,
            "net_income": null,
            "revenue": null,
            "common_shares": 90225,
            "book_valuer_per_share": null,
            "book_valuer_per_share_4q_avg": 0,
            "equity": 162327,
            "current_ratio": null,
            "debt_ratio": null,
            "inventory_turnover_ratio": null,
            "account_receivable_turnover_ratio": null,
            "reinvestment_rate": null,
            "research_to_sale_ratio": null,
            "price_fair": 0,
            "eps_avg_yearly": 0,
            "eps_latest_yearly": 0,
            "eps_growth_yearly": 0
        },
        "20141": {
            "year_quarter": 20141,
            "year": 2014,
            "quarter": 1,
            "eps": null,
            "eps_growth_year": null,
            "eps_4q": null,
            "eps_4q_growth_year": null,
            "roe": null,
            "roe_4q": 0,
            "gross_profit": 109406,
            "gross_margin": null,
            "gross_margin_4q_avg": 0,
            "net_income": 20229,
            "revenue": 220296,
            "common_shares": 90225,
            "book_valuer_per_share": null,
            "book_valuer_per_share_4q_avg": 0,
            "equity": 182513,
            "current_ratio": null,
            "debt_ratio": null,
            "inventory_turnover_ratio": null,
            "account_receivable_turnover_ratio": null,
            "reinvestment_rate": null,
            "research_to_sale_ratio": null,
            "price_fair": 0,
            "eps_avg_yearly": 0,
            "eps_latest_yearly": 0,
            "eps_growth_yearly": 0
        },
        "20142": {
            "year_quarter": 20142,
            "year": 2014,
            "quarter": 2,
            "eps": null,
            "eps_growth_year": null,
            "eps_4q": null,
            "eps_4q_growth_year": null,
            "roe": null,
            "roe_4q": 0,
            "gross_profit": 113975,
            "gross_margin": null,
            "gross_margin_4q_avg": 0,
            "net_income": 15420,
            "revenue": 216767,
            "common_shares": 121102,
            "book_valuer_per_share": null,
            "book_valuer_per_share_4q_avg": 0,
            "equity": 176093,
            "current_ratio": null,
            "debt_ratio": null,
            "inventory_turnover_ratio": null,
            "account_receivable_turnover_ratio": null,
            "reinvestment_rate": null,
            "research_to_sale_ratio": null,
            "price_fair": 0,
            "eps_avg_yearly": 0,
            "eps_latest_yearly": 0,
            "eps_growth_yearly": 0
        },
        "20143": {
            "year_quarter": 20143,
            "year": 2014,
            "quarter": 3,
            "eps": null,
            "eps_growth_year": null,
            "eps_4q": null,
            "eps_4q_growth_year": null,
            "roe": null,
            "roe_4q": 0,
            "gross_profit": 128939,
            "gross_margin": null,
            "gross_margin_4q_avg": 0,
            "net_income": 28873,
            "revenue": 242720,
            "common_shares": 121102,
            "book_valuer_per_share": null,
            "book_valuer_per_share_4q_avg": 0,
            "equity": 204960,
            "current_ratio": null,
            "debt_ratio": null,
            "inventory_turnover_ratio": null,
            "account_receivable_turnover_ratio": null,
            "reinvestment_rate": null,
            "research_to_sale_ratio": null,
            "price_fair": 0,
            "eps_avg_yearly": 0,
            "eps_latest_yearly": 0,
            "eps_growth_yearly": 0
        },
        "20144": {
            "year_quarter": 20144,
            "year": 2014,
            "quarter": 4,
            "eps": null,
            "eps_growth_year": null,
            "eps_4q": null,
            "eps_4q_growth_year": null,
            "roe": null,
            "roe_4q": 0,
            "gross_profit": 95846,
            "gross_margin": null,
            "gross_margin_4q_avg": 0,
            "net_income": 6105,
            "revenue": 195785,
            "common_shares": 121102,
            "book_valuer_per_share": 17.45,
            "book_valuer_per_share_4q_avg": 4.36,
            "equity": 211266,
            "current_ratio": 112.45,
            "debt_ratio": 34.1,
            "inventory_turnover_ratio": null,
            "account_receivable_turnover_ratio": null,
            "reinvestment_rate": null,
            "research_to_sale_ratio": null,
            "price_fair": 0,
            "eps_avg_yearly": 0,
            "eps_latest_yearly": 0,
            "eps_growth_yearly": 0
        },
        "20151": {
            "year_quarter": 20151,
            "year": 2015,
            "quarter": 1,
            "eps": 0.9,
            "eps_growth_year": null,
            "eps_4q": 0.9,
            "eps_4q_growth_year": null,
            "roe": 5,
            "roe_4q": 5,
            "gross_profit": 111507,
            "gross_margin": 51.56,
            "gross_margin_4q_avg": 12.89,
            "net_income": 10843,
            "revenue": 216271,
            "common_shares": 121102,
            "book_valuer_per_share": 18.34,
            "book_valuer_per_share_4q_avg": 8.95,
            "equity": 222059,
            "current_ratio": 121.09,
            "debt_ratio": 37.27,
            "inventory_turnover_ratio": 18.95,
            "account_receivable_turnover_ratio": 5.08,
            "reinvestment_rate": null,
            "research_to_sale_ratio": 0.45,
            "price_fair": 0,
            "eps_avg_yearly": 0,
            "eps_latest_yearly": 0,
            "eps_growth_yearly": 0
        },
        "20152": {
            "year_quarter": 20152,
            "year": 2015,
            "quarter": 2,
            "eps": 1.11,
            "eps_growth_year": null,
            "eps_4q": 1.67,
            "eps_4q_growth_year": null,
            "roe": 6.39,
            "roe_4q": 11.39,
            "gross_profit": 123594,
            "gross_margin": 53.22,
            "gross_margin_4q_avg": 26.2,
            "net_income": 13435,
            "revenue": 232218,
            "common_shares": 121102,
            "book_valuer_per_share": 16.37,
            "book_valuer_per_share_4q_avg": 13.04,
            "equity": 198281,
            "current_ratio": 101.91,
            "debt_ratio": 46.47,
            "inventory_turnover_ratio": 20.75,
            "account_receivable_turnover_ratio": 5.1,
            "reinvestment_rate": null,
            "research_to_sale_ratio": 0.56,
            "price_fair": 155.4,
            "eps_avg_yearly": 4.44,
            "eps_latest_yearly": 4.44,
            "eps_growth_yearly": 93.33
        },
        "20153": {
            "year_quarter": 20153,
            "year": 2015,
            "quarter": 3,
            "eps": 0.68,
            "eps_growth_year": null,
            "eps_4q": 2.35,
            "eps_4q_growth_year": null,
            "roe": 4.85,
            "roe_4q": 16.24,
            "gross_profit": 119437,
            "gross_margin": 50.79,
            "gross_margin_4q_avg": 38.89,
            "net_income": 9864,
            "revenue": 235170,
            "common_shares": 145322,
            "book_valuer_per_share": 14.35,
            "book_valuer_per_share_4q_avg": 16.63,
            "equity": 208514,
            "current_ratio": 109.16,
            "debt_ratio": 38.68,
            "inventory_turnover_ratio": 24.33,
            "account_receivable_turnover_ratio": 4.94,
            "reinvestment_rate": null,
            "research_to_sale_ratio": 0.61,
            "price_fair": 10.74,
            "eps_avg_yearly": 3.58,
            "eps_latest_yearly": 2.72,
            "eps_growth_yearly": -30.81
        },
        "20154": {
            "year_quarter": 20154,
            "year": 2015,
            "quarter": 4,
            "eps": -0.5,
            "eps_growth_year": null,
            "eps_4q": 1.64,
            "eps_4q_growth_year": null,
            "roe": -3.19,
            "roe_4q": 13.049999999999999,
            "gross_profit": 90972,
            "gross_margin": 46.75,
            "gross_margin_4q_avg": 50.58,
            "net_income": -7951,
            "revenue": 194580,
            "common_shares": 159782,
            "book_valuer_per_share": 18.1,
            "book_valuer_per_share_4q_avg": 16.79,
            "equity": 289259,
            "current_ratio": 178.57,
            "debt_ratio": 31.41,
            "inventory_turnover_ratio": 19.62,
            "account_receivable_turnover_ratio": 4.23,
            "reinvestment_rate": null,
            "research_to_sale_ratio": 0.93,
            "price_fair": 10.74,
            "eps_avg_yearly": 3.58,
            "eps_latest_yearly": 2.72,
            "eps_growth_yearly": -30.81
        },
        "20161": {
            "year_quarter": 20161,
            "year": 2016,
            "quarter": 1,
            "eps": -0.5,
            "eps_growth_year": -155.56,
            "eps_4q": 0.46,
            "eps_4q_growth_year": -48.42,
            "roe": -2.79,
            "roe_4q": 5.259999999999999,
            "gross_profit": 98996,
            "gross_margin": 45.25,
            "gross_margin_4q_avg": 49,
            "net_income": -7969,
            "revenue": 218773,
            "common_shares": 159782,
            "book_valuer_per_share": 17.6,
            "book_valuer_per_share_4q_avg": 16.61,
            "equity": 281257,
            "current_ratio": 183.04,
            "debt_ratio": 31.02,
            "inventory_turnover_ratio": 19.87,
            "account_receivable_turnover_ratio": 4.9,
            "reinvestment_rate": null,
            "research_to_sale_ratio": 1.03,
            "price_fair": 10.74,
            "eps_avg_yearly": 3.58,
            "eps_latest_yearly": 2.72,
            "eps_growth_yearly": -30.81
        },
        "20162": {
            "year_quarter": 20162,
            "year": 2016,
            "quarter": 2,
            "eps": -0.44,
            "eps_growth_year": -139.64,
            "eps_4q": -0.82,
            "eps_4q_growth_year": -149.14,
            "roe": -2.66,
            "roe_4q": -3.790000000000001,
            "gross_profit": 91325,
            "gross_margin": 46.66,
            "gross_margin_4q_avg": 47.36,
            "net_income": -7062,
            "revenue": 195718,
            "common_shares": 159782,
            "book_valuer_per_share": 15.68,
            "book_valuer_per_share_4q_avg": 16.43,
            "equity": 250470,
            "current_ratio": 138.69,
            "debt_ratio": 45.04,
            "inventory_turnover_ratio": 20,
            "account_receivable_turnover_ratio": 4.23,
            "reinvestment_rate": null,
            "research_to_sale_ratio": 0.85,
            "price_fair": 10.74,
            "eps_avg_yearly": 3.58,
            "eps_latest_yearly": 2.72,
            "eps_growth_yearly": -30.81
        },
        "20163": {
            "year_quarter": 20163,
            "year": 2016,
            "quarter": 3,
            "eps": -0.45,
            "eps_growth_year": -166.18,
            "eps_4q": -1.89,
            "eps_4q_growth_year": -180.56,
            "roe": -2.94,
            "roe_4q": -11.58,
            "gross_profit": 84979,
            "gross_margin": 47.86,
            "gross_margin_4q_avg": 46.63,
            "net_income": -7259,
            "revenue": 177572,
            "common_shares": 159782,
            "book_valuer_per_share": 15.2,
            "book_valuer_per_share_4q_avg": 16.65,
            "equity": 242940,
            "current_ratio": 166.33,
            "debt_ratio": 40.03,
            "inventory_turnover_ratio": 20.06,
            "account_receivable_turnover_ratio": 4.51,
            "reinvestment_rate": null,
            "research_to_sale_ratio": 0.77,
            "price_fair": 10.74,
            "eps_avg_yearly": 3.58,
            "eps_latest_yearly": 2.72,
            "eps_growth_yearly": -30.81
        },
        "20164": {
            "year_quarter": 20164,
            "year": 2016,
            "quarter": 4,
            "eps": -1.23,
            "eps_growth_year": null,
            "eps_4q": -2.63,
            "eps_4q_growth_year": -260.32,
            "roe": -8.87,
            "roe_4q": -17.259999999999998,
            "gross_profit": 66009,
            "gross_margin": 45.82,
            "gross_margin_4q_avg": 46.4,
            "net_income": -21014,
            "revenue": 144062,
            "common_shares": 159782,
            "book_valuer_per_share": 13.96,
            "book_valuer_per_share_4q_avg": 15.61,
            "equity": 231122,
            "current_ratio": 141.01,
            "debt_ratio": 42.38,
            "inventory_turnover_ratio": 13.52,
            "account_receivable_turnover_ratio": 3.36,
            "reinvestment_rate": null,
            "research_to_sale_ratio": 0.32,
            "price_fair": 10.74,
            "eps_avg_yearly": 3.58,
            "eps_latest_yearly": 2.72,
            "eps_growth_yearly": -30.81
        },
        "20171": {
            "year_quarter": 20171,
            "year": 2017,
            "quarter": 1,
            "eps": -1.9,
            "eps_growth_year": null,
            "eps_4q": -4.03,
            "eps_4q_growth_year": -971.8,
            "roe": -14.76,
            "roe_4q": -29.23,
            "gross_profit": 66088,
            "gross_margin": 43.22,
            "gross_margin_4q_avg": 45.89,
            "net_income": -32073,
            "revenue": 152906,
            "common_shares": 159782,
            "book_valuer_per_share": 12.04,
            "book_valuer_per_share_4q_avg": 14.22,
            "equity": 203554,
            "current_ratio": 145.02,
            "debt_ratio": 46.49,
            "inventory_turnover_ratio": 11.34,
            "account_receivable_turnover_ratio": 3.32,
            "reinvestment_rate": null,
            "research_to_sale_ratio": 0.03,
            "price_fair": 10.74,
            "eps_avg_yearly": 3.58,
            "eps_latest_yearly": 2.72,
            "eps_growth_yearly": -30.81
        },
        "20172": {
            "year_quarter": 20172,
            "year": 2017,
            "quarter": 2,
            "eps": -0.89,
            "eps_growth_year": null,
            "eps_4q": -4.48,
            "eps_4q_growth_year": null,
            "roe": -8.41,
            "roe_4q": -34.98,
            "gross_profit": 68029,
            "gross_margin": 46.48,
            "gross_margin_4q_avg": 45.85,
            "net_income": -16432,
            "revenue": 146352,
            "common_shares": 159782,
            "book_valuer_per_share": 11.16,
            "book_valuer_per_share_4q_avg": 13.09,
            "equity": 187273,
            "current_ratio": 136.86,
            "debt_ratio": 51.62,
            "inventory_turnover_ratio": 10.36,
            "account_receivable_turnover_ratio": 3.45,
            "reinvestment_rate": null,
            "research_to_sale_ratio": 0.16,
            "price_fair": 10.74,
            "eps_avg_yearly": 3.58,
            "eps_latest_yearly": 2.72,
            "eps_growth_yearly": -30.81
        },
        "20173": {
            "year_quarter": 20173,
            "year": 2017,
            "quarter": 3,
            "eps": -0.46,
            "eps_growth_year": null,
            "eps_4q": -4.48,
            "eps_4q_growth_year": null,
            "roe": -3.83,
            "roe_4q": -35.87,
            "gross_profit": 70095,
            "gross_margin": 47,
            "gross_margin_4q_avg": 45.63,
            "net_income": -6957,
            "revenue": 149125,
            "common_shares": 159782,
            "book_valuer_per_share": 10.71,
            "book_valuer_per_share_4q_avg": 11.97,
            "equity": 175684,
            "current_ratio": 150.48,
            "debt_ratio": 49.33,
            "inventory_turnover_ratio": 10.59,
            "account_receivable_turnover_ratio": 2.88,
            "reinvestment_rate": null,
            "research_to_sale_ratio": 0.23,
            "price_fair": 10.74,
            "eps_avg_yearly": 3.58,
            "eps_latest_yearly": 2.72,
            "eps_growth_yearly": -30.81
        },
        "20174": {
            "year_quarter": 20174,
            "year": 2017,
            "quarter": 4,
            "eps": -0.82,
            "eps_growth_year": null,
            "eps_4q": -4.07,
            "eps_4q_growth_year": null,
            "roe": -10.59,
            "roe_4q": -37.589999999999996,
            "gross_profit": 63756,
            "gross_margin": 45.44,
            "gross_margin_4q_avg": 45.54,
            "net_income": -17886,
            "revenue": 140315,
            "common_shares": 159782,
            "book_valuer_per_share": 9.89,
            "book_valuer_per_share_4q_avg": 10.95,
            "equity": 162262,
            "current_ratio": 160.68,
            "debt_ratio": 49.64,
            "inventory_turnover_ratio": 10.38,
            "account_receivable_turnover_ratio": 2.56,
            "reinvestment_rate": null,
            "research_to_sale_ratio": 0.27,
            "price_fair": 10.74,
            "eps_avg_yearly": 3.58,
            "eps_latest_yearly": 2.72,
            "eps_growth_yearly": -30.81
        },
        "20181": {
            "year_quarter": 20181,
            "year": 2018,
            "quarter": 1,
            "eps": -0.32,
            "eps_growth_year": null,
            "eps_4q": -2.49,
            "eps_4q_growth_year": null,
            "roe": -4.07,
            "roe_4q": -26.900000000000002,
            "gross_profit": 51561,
            "gross_margin": 46.84,
            "gross_margin_4q_avg": 46.44,
            "net_income": -6404,
            "revenue": 110086,
            "common_shares": 159782,
            "book_valuer_per_share": 9.55,
            "book_valuer_per_share_4q_avg": 10.33,
            "equity": 152535,
            "current_ratio": 201.86,
            "debt_ratio": 44.38,
            "inventory_turnover_ratio": 11.42,
            "account_receivable_turnover_ratio": 3,
            "reinvestment_rate": null,
            "research_to_sale_ratio": 0.31,
            "price_fair": 10.74,
            "eps_avg_yearly": 3.58,
            "eps_latest_yearly": 2.72,
            "eps_growth_yearly": -30.81
        },
        "20182": {
            "year_quarter": 20182,
            "year": 2018,
            "quarter": 2,
            "eps": -0.69,
            "eps_growth_year": null,
            "eps_4q": -2.29,
            "eps_4q_growth_year": null,
            "roe": -7.46,
            "roe_4q": -25.950000000000003,
            "gross_profit": 43266,
            "gross_margin": 46.73,
            "gross_margin_4q_avg": 46.5,
            "net_income": -10961,
            "revenue": 92592,
            "common_shares": 159782,
            "book_valuer_per_share": 8.85,
            "book_valuer_per_share_4q_avg": 9.75,
            "equity": 141462,
            "current_ratio": 218.64,
            "debt_ratio": 44.37,
            "inventory_turnover_ratio": 15.34,
            "account_receivable_turnover_ratio": 5.09,
            "reinvestment_rate": null,
            "research_to_sale_ratio": 0.05,
            "price_fair": 10.74,
            "eps_avg_yearly": 3.58,
            "eps_latest_yearly": 2.72,
            "eps_growth_yearly": -30.81
        },
        "20183": {
            "year_quarter": 20183,
            "year": 2018,
            "quarter": 3,
            "eps": -1.03,
            "eps_growth_year": null,
            "eps_4q": -2.7,
            "eps_4q_growth_year": null,
            "roe": -12.2,
            "roe_4q": -34.32,
            "gross_profit": 35730,
            "gross_margin": 45.61,
            "gross_margin_4q_avg": 46.16,
            "net_income": -17979,
            "revenue": 78333,
            "common_shares": 174782,
            "book_valuer_per_share": 8.76,
            "book_valuer_per_share_4q_avg": 9.26,
            "equity": 153186,
            "current_ratio": 270.5,
            "debt_ratio": 41.55,
            "inventory_turnover_ratio": 16.38,
            "account_receivable_turnover_ratio": 4.45,
            "reinvestment_rate": null,
            "research_to_sale_ratio": 0.14,
            "price_fair": 10.74,
            "eps_avg_yearly": 3.58,
            "eps_latest_yearly": 2.72,
            "eps_growth_yearly": -30.81
        },
        "20184": {
            "year_quarter": 20184,
            "year": 2018,
            "quarter": 4,
            "eps": -2.16,
            "eps_growth_year": null,
            "eps_4q": -4.08,
            "eps_4q_growth_year": null,
            "roe": -28.13,
            "roe_4q": -51.86,
            "gross_profit": 18453,
            "gross_margin": 38.9,
            "gross_margin_4q_avg": 44.52,
            "net_income": -38462,
            "revenue": 47442,
            "common_shares": 177782,
            "book_valuer_per_share": 6.77,
            "book_valuer_per_share_4q_avg": 8.48,
            "equity": 120301,
            "current_ratio": 228.03,
            "debt_ratio": 46.24,
            "inventory_turnover_ratio": 12.57,
            "account_receivable_turnover_ratio": 3.62,
            "reinvestment_rate": null,
            "research_to_sale_ratio": 0.49,
            "price_fair": 10.74,
            "eps_avg_yearly": 3.58,
            "eps_latest_yearly": 2.72,
            "eps_growth_yearly": -30.81
        },
        "20191": {
            "year_quarter": 20191,
            "year": 2019,
            "quarter": 1,
            "eps": -1.43,
            "eps_growth_year": null,
            "eps_4q": -5.13,
            "eps_4q_growth_year": null,
            "roe": -22.56,
            "roe_4q": -70.35,
            "gross_profit": 15058,
            "gross_margin": 34.57,
            "gross_margin_4q_avg": 41.45,
            "net_income": -25038,
            "revenue": 43556,
            "common_shares": 180282,
            "book_valuer_per_share": 5.64,
            "book_valuer_per_share_4q_avg": 7.51,
            "equity": 101685,
            "current_ratio": 139.94,
            "debt_ratio": 61.51,
            "inventory_turnover_ratio": 12.59,
            "account_receivable_turnover_ratio": 5.29,
            "reinvestment_rate": null,
            "research_to_sale_ratio": 2.01,
            "price_fair": 10.74,
            "eps_avg_yearly": 3.58,
            "eps_latest_yearly": 2.72,
            "eps_growth_yearly": -30.81
        },
        "20192": {
            "year_quarter": 20192,
            "year": 2019,
            "quarter": 2,
            "eps": -1.17,
            "eps_growth_year": null,
            "eps_4q": -5.65,
            "eps_4q_growth_year": null,
            "roe": -22.29,
            "roe_4q": -85.17999999999999,
            "gross_profit": 12365,
            "gross_margin": 30.62,
            "gross_margin_4q_avg": 37.43,
            "net_income": -20437,
            "revenue": 40387,
            "common_shares": 180282,
            "book_valuer_per_share": 4.53,
            "book_valuer_per_share_4q_avg": 6.43,
            "equity": 81674,
            "current_ratio": 116.62,
            "debt_ratio": 65.47,
            "inventory_turnover_ratio": 13.03,
            "account_receivable_turnover_ratio": 5.68,
            "reinvestment_rate": null,
            "research_to_sale_ratio": 0.97,
            "price_fair": 8.16,
            "eps_avg_yearly": 2.72,
            "eps_latest_yearly": 2.72,
            "eps_growth_yearly": -154.95
        },
        "20193": {
            "year_quarter": 20193,
            "year": 2019,
            "quarter": 3,
            "eps": -1.12,
            "eps_growth_year": null,
            "eps_4q": -5.77,
            "eps_4q_growth_year": null,
            "roe": -27.78,
            "roe_4q": -100.75999999999999,
            "gross_profit": 15470,
            "gross_margin": 33.61,
            "gross_margin_4q_avg": 34.43,
            "net_income": -19540,
            "revenue": 46032,
            "common_shares": 179282,
            "book_valuer_per_share": 3.29,
            "book_valuer_per_share_4q_avg": 5.06,
            "equity": 59000,
            "current_ratio": 77.44,
            "debt_ratio": 71.92,
            "inventory_turnover_ratio": 12.88,
            "account_receivable_turnover_ratio": 4.76,
            "reinvestment_rate": null,
            "research_to_sale_ratio": 0.42,
            "price_fair": 0,
            "eps_avg_yearly": 0,
            "eps_latest_yearly": 0,
            "eps_growth_yearly": 0
        },
        "20194": {
            "year_quarter": 20194,
            "year": 2019,
            "quarter": 4,
            "eps": -1.46,
            "eps_growth_year": null,
            "eps_4q": -8.32,
            "eps_4q_growth_year": null,
            "roe": -25.95,
            "roe_4q": -98.58000000000001,
            "gross_profit": 15513,
            "gross_margin": 37.53,
            "gross_margin_4q_avg": 34.08,
            "net_income": -13858,
            "revenue": 41335,
            "common_shares": 94764,
            "book_valuer_per_share": 5.04,
            "book_valuer_per_share_4q_avg": 4.63,
            "equity": 47789,
            "current_ratio": 172.38,
            "debt_ratio": 74.94,
            "inventory_turnover_ratio": 9.64,
            "account_receivable_turnover_ratio": 3.62,
            "reinvestment_rate": null,
            "research_to_sale_ratio": 0.15,
            "price_fair": 0,
            "eps_avg_yearly": 0,
            "eps_latest_yearly": 0,
            "eps_growth_yearly": 0
        },
        "20201": {
            "year_quarter": 20201,
            "year": 2020,
            "quarter": 1,
            "eps": -1.58,
            "eps_growth_year": null,
            "eps_4q": -5.57,
            "eps_4q_growth_year": null,
            "roe": -27.45,
            "roe_4q": -103.47,
            "gross_profit": 15575,
            "gross_margin": 39.67,
            "gross_margin_4q_avg": 35.36,
            "net_income": -15205,
            "revenue": 39262,
            "common_shares": 123980,
            "book_valuer_per_share": 5.08,
            "book_valuer_per_share_4q_avg": 4.49,
            "equity": 63010,
            "current_ratio": 121.03,
            "debt_ratio": 52.58,
            "inventory_turnover_ratio": 10.08,
            "account_receivable_turnover_ratio": 4.75,
            "reinvestment_rate": null,
            "research_to_sale_ratio": 0.19,
            "price_fair": 0,
            "eps_avg_yearly": 0,
            "eps_latest_yearly": 0,
            "eps_growth_yearly": 0
        },
        "20202": {
            "year_quarter": 20202,
            "year": 2020,
            "quarter": 2,
            "eps": -0.54,
            "eps_growth_year": null,
            "eps_4q": -4.07,
            "eps_4q_growth_year": null,
            "roe": -10.18,
            "roe_4q": -91.36,
            "gross_profit": 17332,
            "gross_margin": 42.66,
            "gross_margin_4q_avg": 38.37,
            "net_income": -6680,
            "revenue": 40624,
            "common_shares": 123980,
            "book_valuer_per_share": 5.23,
            "book_valuer_per_share_4q_avg": 4.66,
            "equity": 68198,
            "current_ratio": 122.86,
            "debt_ratio": 50.99,
            "inventory_turnover_ratio": 11.14,
            "account_receivable_turnover_ratio": 5.75,
            "reinvestment_rate": null,
            "research_to_sale_ratio": 0.1,
            "price_fair": 0,
            "eps_avg_yearly": 0,
            "eps_latest_yearly": 0,
            "eps_growth_yearly": 0
        },
        "20203": {
            "year_quarter": 20203,
            "year": 2020,
            "quarter": 3,
            "eps": -0.54,
            "eps_growth_year": null,
            "eps_4q": -3.19,
            "eps_4q_growth_year": null,
            "roe": -10.61,
            "roe_4q": -74.19,
            "gross_profit": 18362,
            "gross_margin": 44.67,
            "gross_margin_4q_avg": 41.13,
            "net_income": -7100,
            "revenue": 41105,
            "common_shares": 130166,
            "book_valuer_per_share": 5.01,
            "book_valuer_per_share_4q_avg": 5.09,
            "equity": 65687,
            "current_ratio": 163.31,
            "debt_ratio": 57.88,
            "inventory_turnover_ratio": 7.98,
            "account_receivable_turnover_ratio": 5.63,
            "reinvestment_rate": null,
            "research_to_sale_ratio": 0.05,
            "price_fair": 0,
            "eps_avg_yearly": 0,
            "eps_latest_yearly": 0,
            "eps_growth_yearly": 0
        },
        "20204": {
            "year_quarter": 20204,
            "year": 2020,
            "quarter": 4,
            "eps": -0.87,
            "eps_growth_year": null,
            "eps_4q": -3.07,
            "eps_4q_growth_year": null,
            "roe": -18.92,
            "roe_4q": -67.16,
            "gross_profit": 15446,
            "gross_margin": 41.64,
            "gross_margin_4q_avg": 42.16,
            "net_income": -11455,
            "revenue": 37097,
            "common_shares": 131855,
            "book_valuer_per_share": 4.2,
            "book_valuer_per_share_4q_avg": 4.88,
            "equity": 55425,
            "current_ratio": 142.26,
            "debt_ratio": 60.15,
            "inventory_turnover_ratio": 8.07,
            "account_receivable_turnover_ratio": 6.66,
            "reinvestment_rate": null,
            "research_to_sale_ratio": 0.05,
            "price_fair": 0,
            "eps_avg_yearly": 0,
            "eps_latest_yearly": 0,
            "eps_growth_yearly": 0
        },
        "20211": {
            "year_quarter": 20211,
            "year": 2021,
            "quarter": 1,
            "eps": -0.65,
            "eps_growth_year": null,
            "eps_4q": -2.56,
            "eps_4q_growth_year": null,
            "roe": -16.58,
            "roe_4q": -56.29,
            "gross_profit": 19029,
            "gross_margin": 47.8,
            "gross_margin_4q_avg": 44.19,
            "net_income": -8505,
            "revenue": 39813,
            "common_shares": 131855,
            "book_valuer_per_share": 3.58,
            "book_valuer_per_share_4q_avg": 4.51,
            "equity": 47185,
            "current_ratio": 100.3,
            "debt_ratio": 67.4,
            "inventory_turnover_ratio": 9.64,
            "account_receivable_turnover_ratio": 5.86,
            "reinvestment_rate": null,
            "research_to_sale_ratio": 0.44,
            "price_fair": 0,
            "eps_avg_yearly": 0,
            "eps_latest_yearly": 0,
            "eps_growth_yearly": 0
        },
        "20212": {
            "year_quarter": 20212,
            "year": 2021,
            "quarter": 2,
            "eps": -0.64,
            "eps_growth_year": null,
            "eps_4q": -2.69,
            "eps_4q_growth_year": null,
            "roe": -19.18,
            "roe_4q": -65.28999999999999,
            "gross_profit": 8583,
            "gross_margin": 35.61,
            "gross_margin_4q_avg": 42.43,
            "net_income": -8384,
            "revenue": 24103,
            "common_shares": 131855,
            "book_valuer_per_share": 3.05,
            "book_valuer_per_share_4q_avg": 3.96,
            "equity": 40250,
            "current_ratio": 81.68,
            "debt_ratio": 67.26,
            "inventory_turnover_ratio": 6.08,
            "account_receivable_turnover_ratio": 5.28,
            "reinvestment_rate": null,
            "research_to_sale_ratio": 1.36,
            "price_fair": 0,
            "eps_avg_yearly": 0,
            "eps_latest_yearly": 0,
            "eps_growth_yearly": 0
        },
        "20213": {
            "year_quarter": 20213,
            "year": 2021,
            "quarter": 3,
            "eps": -0.91,
            "eps_growth_year": null,
            "eps_4q": -3.06,
            "eps_4q_growth_year": null,
            "roe": -34.74,
            "roe_4q": -89.42,
            "gross_profit": 5913,
            "gross_margin": 33.09,
            "gross_margin_4q_avg": 39.54,
            "net_income": -11966,
            "revenue": 17870,
            "common_shares": 131855,
            "book_valuer_per_share": 2.17,
            "book_valuer_per_share_4q_avg": 3.25,
            "equity": 28647,
            "current_ratio": 89.18,
            "debt_ratio": 73.76,
            "inventory_turnover_ratio": 3.77,
            "account_receivable_turnover_ratio": 6.04,
            "reinvestment_rate": null,
            "research_to_sale_ratio": 0.45,
            "price_fair": 0,
            "eps_avg_yearly": 0,
            "eps_latest_yearly": 0,
            "eps_growth_yearly": 0
        },
        "20214": {
            "year_quarter": 20214,
            "year": 2021,
            "quarter": 4,
            "eps": -0.46,
            "eps_growth_year": null,
            "eps_4q": -2.65,
            "eps_4q_growth_year": null,
            "roe": -23.68,
            "roe_4q": -94.17999999999999,
            "gross_profit": 13112,
            "gross_margin": 46.93,
            "gross_margin_4q_avg": 40.86,
            "net_income": -6077,
            "revenue": 27941,
            "common_shares": 131855,
            "book_valuer_per_share": 1.72,
            "book_valuer_per_share_4q_avg": 2.63,
            "equity": 22687,
            "current_ratio": 68.37,
            "debt_ratio": 77.03,
            "inventory_turnover_ratio": 3.79,
            "account_receivable_turnover_ratio": 5.08,
            "reinvestment_rate": null,
            "research_to_sale_ratio": 0.01,
            "price_fair": 0,
            "eps_avg_yearly": 0,
            "eps_latest_yearly": 0,
            "eps_growth_yearly": 0
        },
        "20221": {
            "year_quarter": 20221,
            "year": 2022,
            "quarter": 1,
            "eps": -0.65,
            "eps_growth_year": null,
            "eps_4q": -2.65,
            "eps_4q_growth_year": null,
            "roe": -46.32,
            "roe_4q": -123.92000000000002,
            "gross_profit": 11104,
            "gross_margin": 43.31,
            "gross_margin_4q_avg": 39.74,
            "net_income": -8541,
            "revenue": 25640,
            "common_shares": 131855,
            "book_valuer_per_share": 1.08,
            "book_valuer_per_share_4q_avg": 2.01,
            "equity": 14192,
            "current_ratio": 35.79,
            "debt_ratio": 83.04,
            "inventory_turnover_ratio": 4.53,
            "account_receivable_turnover_ratio": 3.77,
            "reinvestment_rate": null,
            "research_to_sale_ratio": 0,
            "price_fair": 0,
            "eps_avg_yearly": 0,
            "eps_latest_yearly": 0,
            "eps_growth_yearly": 0
        },
        "20222": {
            "year_quarter": 20222,
            "year": 2022,
            "quarter": 2,
            "eps": -0.92,
            "eps_growth_year": null,
            "eps_4q": -2.05,
            "eps_4q_growth_year": null,
            "roe": -18.72,
            "roe_4q": -123.46000000000001,
            "gross_profit": 3922,
            "gross_margin": 27.67,
            "gross_margin_4q_avg": 37.75,
            "net_income": -14772,
            "revenue": 14174,
            "common_shares": 201855,
            "book_valuer_per_share": 7.12,
            "book_valuer_per_share_4q_avg": 3.02,
            "equity": 143659,
            "current_ratio": 427.6,
            "debt_ratio": 28.82,
            "inventory_turnover_ratio": 5.23,
            "account_receivable_turnover_ratio": 2.72,
            "reinvestment_rate": null,
            "research_to_sale_ratio": 0.02,
            "price_fair": 0,
            "eps_avg_yearly": 0,
            "eps_latest_yearly": 0,
            "eps_growth_yearly": 0
        },
        "20223": {
            "year_quarter": 20223,
            "year": 2022,
            "quarter": 3,
            "eps": -0.67,
            "eps_growth_year": null,
            "eps_4q": -1.86,
            "eps_4q_growth_year": null,
            "roe": -7.58,
            "roe_4q": -96.30000000000001,
            "gross_profit": 9720,
            "gross_margin": 40.91,
            "gross_margin_4q_avg": 39.71,
            "net_income": -13751,
            "revenue": 23758,
            "common_shares": 231855,
            "book_valuer_per_share": 9.44,
            "book_valuer_per_share_4q_avg": 4.84,
            "equity": 218954,
            "current_ratio": 778.68,
            "debt_ratio": 13.45,
            "inventory_turnover_ratio": 9.07,
            "account_receivable_turnover_ratio": 4.93,
            "reinvestment_rate": null,
            "research_to_sale_ratio": 0.16,
            "price_fair": 0,
            "eps_avg_yearly": 0,
            "eps_latest_yearly": 0,
            "eps_growth_yearly": 0
        },
        "20224": {
            "year_quarter": 20224,
            "year": 2022,
            "quarter": 4,
            "eps": -1.03,
            "eps_growth_year": null,
            "eps_4q": -2.63,
            "eps_4q_growth_year": null,
            "roe": -11.53,
            "roe_4q": -84.15,
            "gross_profit": 8871,
            "gross_margin": 36.2,
            "gross_margin_4q_avg": 37.02,
            "net_income": -23941,
            "revenue": 24503,
            "common_shares": 231855,
            "book_valuer_per_share": 8.46,
            "book_valuer_per_share_4q_avg": 6.53,
            "equity": 196164,
            "current_ratio": 487.77,
            "debt_ratio": 20.75,
            "inventory_turnover_ratio": 7.3,
            "account_receivable_turnover_ratio": 3.92,
            "reinvestment_rate": null,
            "research_to_sale_ratio": 0.44,
            "price_fair": 0,
            "eps_avg_yearly": 0,
            "eps_latest_yearly": 0,
            "eps_growth_yearly": 0
        },
        "20231": {
            "year_quarter": 20231,
            "year": 2023,
            "quarter": 1,
            "eps": -0.39,
            "eps_growth_year": null,
            "eps_4q": -2.66,
            "eps_4q_growth_year": null,
            "roe": -4.78,
            "roe_4q": -42.61,
            "gross_profit": 17039,
            "gross_margin": 43.54,
            "gross_margin_4q_avg": 37.08,
            "net_income": -9153,
            "revenue": 39134,
            "common_shares": 231855,
            "book_valuer_per_share": 8.07,
            "book_valuer_per_share_4q_avg": 8.27,
            "equity": 187028,
            "current_ratio": 501.56,
            "debt_ratio": 20.13,
            "inventory_turnover_ratio": 7.83,
            "account_receivable_turnover_ratio": 5.1,
            "reinvestment_rate": null,
            "research_to_sale_ratio": 0.1,
            "price_fair": 0,
            "eps_avg_yearly": 0,
            "eps_latest_yearly": 0,
            "eps_growth_yearly": 0
        }
    },
    "months": {
        "2014-12": {
            "month": "2014-12",
            "price": "138.91",
            "revenue": 69357
        },
        "2015-01": {
            "month": "2015-01",
            "price": "130.79",
            "revenue": 66372
        },
        "2015-02": {
            "month": "2015-02",
            "price": "126.46",
            "revenue": 86023
        },
        "2015-03": {
            "month": "2015-03",
            "price": "120.12",
            "revenue": 63876
        },
        "2015-04": {
            "month": "2015-04",
            "price": "119.92",
            "revenue": 68356
        },
        "2015-05": {
            "month": "2015-05",
            "price": "125.39",
            "revenue": 86710
        },
        "2015-06": {
            "month": "2015-06",
            "price": "122.62",
            "revenue": 77154
        },
        "2015-07": {
            "month": "2015-07",
            "price": "123.26",
            "revenue": 81895
        },
        "2015-08": {
            "month": "2015-08",
            "price": "105.13",
            "revenue": 93161
        },
        "2015-09": {
            "month": "2015-09",
            "price": "86.00",
            "revenue": 60109
        },
        "2015-10": {
            "month": "2015-10",
            "price": "81.53",
            "revenue": 62244
        },
        "2015-11": {
            "month": "2015-11",
            "price": "83.71",
            "revenue": 60160
        },
        "2015-12": {
            "month": "2015-12",
            "price": "82.33",
            "revenue": 72168
        },
        "2016-01": {
            "month": "2016-01",
            "price": "68.51",
            "revenue": 70768
        },
        "2016-02": {
            "month": "2016-02",
            "price": "67.15",
            "revenue": 89466
        },
        "2016-03": {
            "month": "2016-03",
            "price": "62.13",
            "revenue": 58548
        },
        "2016-04": {
            "month": "2016-04",
            "price": "50.21",
            "revenue": 58175
        },
        "2016-05": {
            "month": "2016-05",
            "price": "45.04",
            "revenue": 73634
        },
        "2016-06": {
            "month": "2016-06",
            "price": "43.91",
            "revenue": 64305
        },
        "2016-07": {
            "month": "2016-07",
            "price": "39.41",
            "revenue": 68571
        },
        "2016-08": {
            "month": "2016-08",
            "price": "39.50",
            "revenue": 66044
        },
        "2016-09": {
            "month": "2016-09",
            "price": "37.74",
            "revenue": 42913
        },
        "2016-10": {
            "month": "2016-10",
            "price": "32.92",
            "revenue": 52286
        },
        "2016-11": {
            "month": "2016-11",
            "price": "29.97",
            "revenue": 40276
        },
        "2016-12": {
            "month": "2016-12",
            "price": "29.68",
            "revenue": 52079
        },
        "2017-01": {
            "month": "2017-01",
            "price": "28.26",
            "revenue": 67042
        },
        "2017-02": {
            "month": "2017-02",
            "price": "28.09",
            "revenue": 52794
        },
        "2017-03": {
            "month": "2017-03",
            "price": "28.39",
            "revenue": 38154
        },
        "2017-04": {
            "month": "2017-04",
            "price": "26.09",
            "revenue": 42248
        },
        "2017-05": {
            "month": "2017-05",
            "price": "27.06",
            "revenue": 64160
        },
        "2017-06": {
            "month": "2017-06",
            "price": "25.91",
            "revenue": 53053
        },
        "2017-07": {
            "month": "2017-07",
            "price": "23.57",
            "revenue": 37642
        },
        "2017-08": {
            "month": "2017-08",
            "price": "24.38",
            "revenue": 58125
        },
        "2017-09": {
            "month": "2017-09",
            "price": "24.92",
            "revenue": 38826
        },
        "2017-10": {
            "month": "2017-10",
            "price": "31.82",
            "revenue": 41572
        },
        "2017-11": {
            "month": "2017-11",
            "price": "32.85",
            "revenue": 33446
        },
        "2017-12": {
            "month": "2017-12",
            "price": "31.26",
            "revenue": 53019
        },
        "2018-01": {
            "month": "2018-01",
            "price": "38.31",
            "revenue": 34822
        },
        "2018-02": {
            "month": "2018-02",
            "price": "38.25",
            "revenue": 46630
        },
        "2018-03": {
            "month": "2018-03",
            "price": "36.12",
            "revenue": 28661
        },
        "2018-04": {
            "month": "2018-04",
            "price": "33.96",
            "revenue": 29199
        },
        "2018-05": {
            "month": "2018-05",
            "price": "32.74",
            "revenue": 33163
        },
        "2018-06": {
            "month": "2018-06",
            "price": "31.64",
            "revenue": 30226
        },
        "2018-07": {
            "month": "2018-07",
            "price": "31.48",
            "revenue": 28284
        },
        "2018-08": {
            "month": "2018-08",
            "price": "27.81",
            "revenue": 30768
        },
        "2018-09": {
            "month": "2018-09",
            "price": "24.03",
            "revenue": 19265
        },
        "2018-10": {
            "month": "2018-10",
            "price": "25.29",
            "revenue": 16828
        },
        "2018-11": {
            "month": "2018-11",
            "price": "28.25",
            "revenue": 13356
        },
        "2018-12": {
            "month": "2018-12",
            "price": "27.59",
            "revenue": 19124
        },
        "2019-01": {
            "month": "2019-01",
            "price": "26.48",
            "revenue": 14192
        },
        "2019-02": {
            "month": "2019-02",
            "price": "26.53",
            "revenue": 17916
        },
        "2019-03": {
            "month": "2019-03",
            "price": "23.28",
            "revenue": 11448
        },
        "2019-04": {
            "month": "2019-04",
            "price": "19.68",
            "revenue": 11130
        },
        "2019-05": {
            "month": "2019-05",
            "price": "18.76",
            "revenue": 15176
        },
        "2019-06": {
            "month": "2019-06",
            "price": "15.94",
            "revenue": 14081
        },
        "2019-07": {
            "month": "2019-07",
            "price": "13.54",
            "revenue": 13318
        },
        "2019-08": {
            "month": "2019-08",
            "price": "12.61",
            "revenue": 18588
        },
        "2019-09": {
            "month": "2019-09",
            "price": "12.34",
            "revenue": 13507
        },
        "2019-10": {
            "month": "2019-10",
            "price": "10.65",
            "revenue": 14568
        },
        "2019-11": {
            "month": "2019-11",
            "price": "8.81",
            "revenue": 12670
        },
        "2019-12": {
            "month": "2019-12",
            "price": "7.54",
            "revenue": 14716
        },
        "2020-01": {
            "month": "2020-01",
            "price": "8.02",
            "revenue": 18547
        },
        "2020-02": {
            "month": "2020-02",
            "price": "9.91",
            "revenue": 11327
        },
        "2020-03": {
            "month": "2020-03",
            "price": "11.53",
            "revenue": 9386
        },
        "2020-04": {
            "month": "2020-04",
            "price": "9.89",
            "revenue": 11608
        },
        "2020-05": {
            "month": "2020-05",
            "price": "13.14",
            "revenue": 14449
        },
        "2020-06": {
            "month": "2020-06",
            "price": "22.80",
            "revenue": 14569
        },
        "2020-07": {
            "month": "2020-07",
            "price": "21.68",
            "revenue": 14008
        },
        "2020-08": {
            "month": "2020-08",
            "price": "18.40",
            "revenue": 16266
        },
        "2020-09": {
            "month": "2020-09",
            "price": "18.26",
            "revenue": 10831
        },
        "2020-10": {
            "month": "2020-10",
            "price": "18.07",
            "revenue": 13389
        },
        "2020-11": {
            "month": "2020-11",
            "price": "20.81",
            "revenue": 12201
        },
        "2020-12": {
            "month": "2020-12",
            "price": "20.91",
            "revenue": 11506
        },
        "2021-01": {
            "month": "2021-01",
            "price": "18.04",
            "revenue": 10349
        },
        "2021-02": {
            "month": "2021-02",
            "price": "19.78",
            "revenue": 16623
        },
        "2021-03": {
            "month": "2021-03",
            "price": "21.90",
            "revenue": 12841
        },
        "2021-04": {
            "month": "2021-04",
            "price": "21.78",
            "revenue": 13367
        },
        "2021-05": {
            "month": "2021-05",
            "price": "22.19",
            "revenue": 7281
        },
        "2021-06": {
            "month": "2021-06",
            "price": "22.48",
            "revenue": 3455
        },
        "2021-07": {
            "month": "2021-07",
            "price": "22.97",
            "revenue": 4113
        },
        "2021-08": {
            "month": "2021-08",
            "price": "21.17",
            "revenue": 6749
        },
        "2021-09": {
            "month": "2021-09",
            "price": "20.18",
            "revenue": 7009
        },
        "2021-10": {
            "month": "2021-10",
            "price": "20.15",
            "revenue": 10599
        },
        "2021-11": {
            "month": "2021-11",
            "price": "22.03",
            "revenue": 7938
        },
        "2021-12": {
            "month": "2021-12",
            "price": "22.62",
            "revenue": 9403
        },
        "2022-01": {
            "month": "2022-01",
            "price": "23.25",
            "revenue": 9665
        },
        "2022-02": {
            "month": "2022-02",
            "price": "27.24",
            "revenue": 8730
        },
        "2022-03": {
            "month": "2022-03",
            "price": "23.99",
            "revenue": 7246
        },
        "2022-04": {
            "month": "2022-04",
            "price": "25.50",
            "revenue": 4959
        },
        "2022-05": {
            "month": "2022-05",
            "price": "27.21",
            "revenue": 4040
        },
        "2022-06": {
            "month": "2022-06",
            "price": "30.31",
            "revenue": 5175
        },
        "2022-07": {
            "month": "2022-07",
            "price": "32.78",
            "revenue": 7328
        },
        "2022-08": {
            "month": "2022-08",
            "price": "39.06",
            "revenue": 8990
        },
        "2022-09": {
            "month": "2022-09",
            "price": "46.38",
            "revenue": 7440
        },
        "2022-10": {
            "month": "2022-10",
            "price": "49.64",
            "revenue": 7845
        },
        "2022-11": {
            "month": "2022-11",
            "price": "49.99",
            "revenue": 7319
        },
        "2022-12": {
            "month": "2022-12",
            "price": "50.34",
            "revenue": 9340
        },
        "2023-01": {
            "month": "2023-01",
            "price": "49.19",
            "revenue": 14671
        },
        "2023-02": {
            "month": "2023-02",
            "price": "46.49",
            "revenue": 12084
        },
        "2023-03": {
            "month": "2023-03",
            "price": "47.46",
            "revenue": 12344
        },
        "2023-04": {
            "month": "2023-04",
            "price": "47.00",
            "revenue": 13947
        }
    }
}
