{
    "summary": {
        "stock_name": "彰銀",
        "stock_id": "2801",
        "category": "金融",
        "main_business": "存、放款、外匯及其他銀行業可辦業務",
        "website_url": "http://www.bankchb.com",
        "ceo": "周朝崇",
        "pe_ratio": 15,
        "report_year_from": 2001,
        "report_year_to": 2023,
        "age": 23,
        "eps_negative_percentage": 0,
        "eps_growth_avg": {
            "last_all": -0.53,
            "last_2y": 12.62,
            "last_4y": -2.63,
            "last_8y": -2.19,
            "last_12y": -0.53,
            "last_16y": null,
            "last_20y": null,
            "at_2006_last_3y": null,
            "at_2007_last_3y": null,
            "at_2008_last_3y": null,
            "at_2009_last_3y": null,
            "at_2010_last_3y": null,
            "at_2011_last_3y": null,
            "at_2012_last_3y": null,
            "at_2013_last_3y": null,
            "at_2014_last_3y": 3.2,
            "at_2015_last_3y": 1.2,
            "at_2016_last_3y": 3.77,
            "at_2017_last_3y": 3.32,
            "at_2018_last_3y": -1.63,
            "at_2019_last_3y": -4.31,
            "at_2020_last_3y": -14.03,
            "at_2021_last_3y": -7.32,
            "at_2022_last_3y": -1.37,
            "at_2023_last_3y": -0.79,
            "at_2024_last_3y": -0.79,
            "at_2006_last_all": null,
            "at_2007_last_all": null,
            "at_2008_last_all": null,
            "at_2009_last_all": null,
            "at_2010_last_all": null,
            "at_2011_last_all": null,
            "at_2012_last_all": -1.84,
            "at_2013_last_all": -2.34,
            "at_2014_last_all": 3.2,
            "at_2015_last_all": 2.71,
            "at_2016_last_all": 1.9,
            "at_2017_last_all": 0.9,
            "at_2018_last_all": 0.79,
            "at_2019_last_all": -0.41,
            "at_2020_last_all": -4.47,
            "at_2021_last_all": -2.09,
            "at_2022_last_all": 0.07,
            "at_2023_last_all": -0.53,
            "at_2024_last_all": -0.53
        },
        "latest_eps": 1.17,
        "latest_price": 17.65,
        "latest_roe": 7.3,
        "latest_gross_margin": null,
        "latest_equity": 180914314,
        "latest_revenue": 9654348,
        "latest_gross_profit": null,
        "latest_net_income": 3226374,
        "latest_debt_ratio": 93.51,
        "latest_current_ratio": null,
        "latest_account_receivable_turnover_ratio": 6.65,
        "latest_inventory_turnover_ratio": null,
        "latest_reinvestment_rate": 0.96,
        "latest_research_to_sale_ratio": 0.01
    },
    "eps_dividends": {
        "1990": {
            "cash": 1.5,
            "stock": 4.5,
            "eps": 0
        },
        "1991": {
            "cash": 1.5,
            "stock": 0,
            "eps": 0
        },
        "1992": {
            "cash": 0,
            "stock": 5.5,
            "eps": 0
        },
        "1993": {
            "cash": 0,
            "stock": 2.5,
            "eps": 0
        },
        "1994": {
            "cash": 1.2,
            "stock": 3,
            "eps": 0
        },
        "1995": {
            "cash": 1,
            "stock": 0,
            "eps": 0
        },
        "1996": {
            "cash": 1,
            "stock": 0,
            "eps": 0
        },
        "1998": {
            "cash": 1,
            "stock": 0.35,
            "eps": 0
        },
        "2000": {
            "cash": 1,
            "stock": 1,
            "eps": 0
        },
        "2001": {
            "cash": 0.3,
            "stock": 0.3,
            "eps": 0
        },
        "2002": {
            "cash": 0.2,
            "stock": 0.2,
            "eps": 0
        },
        "2003": {
            "cash": 0,
            "stock": 0,
            "eps": 0
        },
        "2004": {
            "cash": 0,
            "stock": 0,
            "eps": 0
        },
        "2005": {
            "cash": 0.3,
            "stock": 0,
            "eps": 0
        },
        "2006": {
            "cash": 0,
            "stock": 0,
            "eps": 0
        },
        "2007": {
            "cash": 1,
            "stock": 0,
            "eps": 0
        },
        "2008": {
            "cash": 0.9,
            "stock": 0,
            "eps": 0
        },
        "2009": {
            "cash": 0.6,
            "stock": 0,
            "eps": 0
        },
        "2010": {
            "cash": 0.3,
            "stock": 0,
            "eps": 1.26
        },
        "2011": {
            "cash": 0.48000000000000004,
            "stock": 1.6,
            "eps": 1.37
        },
        "2012": {
            "cash": 0,
            "stock": 0,
            "eps": 1.2
        },
        "2013": {
            "cash": 0.1,
            "stock": 0.7,
            "eps": 1.16
        },
        "2014": {
            "cash": 0.6,
            "stock": 0.2,
            "eps": 1.39
        },
        "2015": {
            "cash": 0.2,
            "stock": 0.7,
            "eps": 1.4
        },
        "2016": {
            "cash": 0.35,
            "stock": 0.6,
            "eps": 1.37
        },
        "2017": {
            "cash": 0.42,
            "stock": 0.5,
            "eps": 1.3
        },
        "2018": {
            "cash": 0.45,
            "stock": 0.4,
            "eps": 1.3
        },
        "2019": {
            "cash": 0.64,
            "stock": 0.2,
            "eps": 1.17
        },
        "2020": {
            "cash": 0.4,
            "stock": 0.4,
            "eps": 0.69
        },
        "2021": {
            "cash": 0.36,
            "stock": 0.1,
            "eps": 0.84
        },
        "2022": {
            "cash": 0.5,
            "stock": 0.1,
            "eps": 1.04
        },
        "2023": {
            "cash": 0.55,
            "stock": 0.25,
            "eps": 0.96
        }
    },
    "dividends": {
        "1990-09-27": {
            "cash": 1.5,
            "stock": 4.5
        },
        "1991-10-22": {
            "cash": 1.5,
            "stock": 0
        },
        "1992-11-23": {
            "cash": 0,
            "stock": 5.5
        },
        "1993-12-01": {
            "cash": 0,
            "stock": 2.5
        },
        "1994-10-15": {
            "cash": 1.2,
            "stock": 3
        },
        "1995-10-28": {
            "cash": 1,
            "stock": 0
        },
        "1996-11-16": {
            "cash": 1,
            "stock": 0
        },
        "1998-10-17": {
            "cash": 1,
            "stock": 0.35
        },
        "2000-06-03": {
            "cash": 1,
            "stock": 1
        },
        "2001-05-18": {
            "cash": 0.3,
            "stock": 0.3
        },
        "2002-05-24": {
            "cash": 0.2,
            "stock": 0.2
        },
        "2005-03-22": {
            "cash": 0.3,
            "stock": 0
        },
        "2007-04-27": {
            "cash": 1,
            "stock": 0
        },
        "2008-04-29": {
            "cash": 0.9,
            "stock": 0
        },
        "2009-04-17": {
            "cash": 0.6,
            "stock": 0
        },
        "2010-03-12": {
            "cash": 0.3,
            "stock": 0
        },
        "2011-01-01": {
            "cash": 0.2,
            "stock": 0.7
        },
        "2011-04-21": {
            "cash": 0.28,
            "stock": 0.9
        },
        "2013-03-29": {
            "cash": 0.1,
            "stock": 0.7
        },
        "2014-09-03": {
            "cash": 0.6,
            "stock": 0.2
        },
        "2015-09-07": {
            "cash": 0.2,
            "stock": 0.7
        },
        "2016-09-07": {
            "cash": 0.35,
            "stock": 0.6
        },
        "2017-09-06": {
            "cash": 0.42,
            "stock": 0.5
        },
        "2018-09-28": {
            "cash": 0.45,
            "stock": 0.4
        },
        "2019-09-06": {
            "cash": 0.64,
            "stock": 0.2
        },
        "2020-09-11": {
            "cash": 0.4,
            "stock": 0.4
        },
        "2021-09-30": {
            "cash": 0.36,
            "stock": 0.1
        },
        "2022-09-08": {
            "cash": 0.5,
            "stock": 0.1
        },
        "2023-09-13": {
            "cash": 0.55,
            "stock": 0.25
        }
    },
    "prices": {
        "200101": "17.42",
        "200102": "20.51",
        "200103": "19.19",
        "200104": "17.32",
        "200105": "16.19",
        "200106": "16.74",
        "200107": "13.53",
        "200108": "13.10",
        "200109": "12.53",
        "200110": "12.43",
        "200111": "12.48",
        "200112": "14.05",
        "200201": "14.20",
        "200202": "13.51",
        "200203": "13.62",
        "200204": "18.13",
        "200205": "17.45",
        "200206": "17.98",
        "200207": "16.30",
        "200208": "14.78",
        "200209": "12.61",
        "200210": "12.57",
        "200211": "15.36",
        "200212": "16.85",
        "200301": "18.00",
        "200302": "16.21",
        "200303": "15.15",
        "200304": "14.83",
        "200305": "13.80",
        "200306": "15.15",
        "200307": "16.30",
        "200308": "16.26",
        "200309": "16.40",
        "200310": "16.92",
        "200311": "16.08",
        "200312": "15.81",
        "200401": "17.71",
        "200402": "20.62",
        "200403": "21.70",
        "200404": "21.22",
        "200405": "18.21",
        "200406": "18.73",
        "200407": "17.92",
        "200408": "17.54",
        "200409": "19.01",
        "200410": "20.35",
        "200411": "20.83",
        "200412": "20.53",
        "200501": "21.06",
        "200502": "21.31",
        "200503": "20.12",
        "200504": "17.49",
        "200505": "17.58",
        "200506": "17.87",
        "200507": "18.21",
        "200508": "17.99",
        "200509": "16.77",
        "200510": "16.04",
        "200511": "15.42",
        "200512": "16.46",
        "200601": "16.69",
        "200602": "18.81",
        "200603": "17.71",
        "200604": "18.97",
        "200605": "22.10",
        "200606": "22.27",
        "200607": "22.30",
        "200608": "20.15",
        "200609": "19.44",
        "200610": "20.39",
        "200611": "21.21",
        "200612": "22.45",
        "200701": "22.48",
        "200702": "22.75",
        "200703": "20.05",
        "200704": "19.93",
        "200705": "19.20",
        "200706": "19.86",
        "200707": "22.04",
        "200708": "19.86",
        "200709": "21.06",
        "200710": "21.90",
        "200711": "19.73",
        "200712": "18.18",
        "200801": "18.11",
        "200802": "18.34",
        "200803": "20.70",
        "200804": "24.30",
        "200805": "23.65",
        "200806": "22.50",
        "200807": "19.08",
        "200808": "18.74",
        "200809": "16.56",
        "200810": "12.68",
        "200811": "12.02",
        "200812": "12.39",
        "200901": "11.79",
        "200902": "10.16",
        "200903": "10.64",
        "200904": "13.18",
        "200905": "14.65",
        "200906": "14.65",
        "200907": "14.72",
        "200908": "14.00",
        "200909": "14.45",
        "200910": "15.05",
        "200911": "15.03",
        "200912": "14.99",
        "201001": "15.10",
        "201002": "13.97",
        "201003": "14.34",
        "201004": "14.47",
        "201005": "13.34",
        "201006": "13.32",
        "201007": "16.16",
        "201008": "18.45",
        "201009": "19.66",
        "201010": "20.66",
        "201011": "20.61",
        "201012": "23.53",
        "201101": "24.71",
        "201102": "22.56",
        "201103": "22.41",
        "201104": "24.36",
        "201105": "24.74",
        "201106": "23.45",
        "201107": "24.19",
        "201108": "22.02",
        "201109": "18.89",
        "201110": "18.27",
        "201111": "17.61",
        "201112": "16.37",
        "201201": "16.14",
        "201202": "17.86",
        "201203": "17.30",
        "201204": "16.24",
        "201205": "15.77",
        "201206": "15.35",
        "201207": "15.91",
        "201208": "15.92",
        "201209": "15.73",
        "201210": "15.41",
        "201211": "15.01",
        "201212": "15.88",
        "201301": "15.96",
        "201302": "16.98",
        "201303": "17.39",
        "201304": "16.96",
        "201305": "17.15",
        "201306": "16.50",
        "201307": "17.12",
        "201308": "16.66",
        "201309": "17.08",
        "201310": "17.42",
        "201311": "17.60",
        "201312": "17.98",
        "201401": "18.32",
        "201402": "17.94",
        "201403": "17.62",
        "201404": "17.85",
        "201405": "17.84",
        "201406": "18.34",
        "201407": "19.04",
        "201408": "18.63",
        "201409": "18.85",
        "201410": "18.43",
        "201411": "18.47",
        "201412": "17.84",
        "201501": "17.89",
        "201502": "18.22",
        "201503": "18.23",
        "201504": "18.50",
        "201505": "18.18",
        "201506": "17.62",
        "201507": "17.68",
        "201508": "16.02",
        "201509": "16.02",
        "201510": "16.86",
        "201511": "16.50",
        "201512": "15.80",
        "201601": "15.42",
        "201602": "16.09",
        "201603": "16.71",
        "201604": "16.70",
        "201605": "16.23",
        "201606": "16.63",
        "201607": "16.82",
        "201608": "16.54",
        "201609": "16.18",
        "201610": "16.21",
        "201611": "16.31",
        "201612": "16.92",
        "201701": "17.28",
        "201702": "18.04",
        "201703": "18.34",
        "201704": "17.92",
        "201705": "17.51",
        "201706": "17.27",
        "201707": "17.55",
        "201708": "16.81",
        "201709": "16.44",
        "201710": "16.38",
        "201711": "16.26",
        "201712": "16.43",
        "201801": "17.07",
        "201802": "16.77",
        "201803": "16.88",
        "201804": "17.02",
        "201805": "17.38",
        "201806": "17.78",
        "201807": "17.69",
        "201808": "18.34",
        "201809": "18.33",
        "201810": "17.80",
        "201811": "17.78",
        "201812": "17.56",
        "201901": "17.76",
        "201902": "18.13",
        "201903": "18.24",
        "201904": "18.32",
        "201905": "18.67",
        "201906": "20.72",
        "201907": "21.48",
        "201908": "20.28",
        "201909": "21.02",
        "201910": "22.02",
        "201911": "23.02",
        "201912": "22.79",
        "202001": "22.37",
        "202002": "22.94",
        "202003": "21.03",
        "202004": "19.52",
        "202005": "18.89",
        "202006": "19.66",
        "202007": "19.37",
        "202008": "18.58",
        "202009": "17.74",
        "202010": "17.35",
        "202011": "17.80",
        "202012": "17.43",
        "202101": "17.44",
        "202102": "17.02",
        "202103": "17.29",
        "202104": "17.77",
        "202105": "17.02",
        "202106": "16.38",
        "202107": "16.38",
        "202108": "16.74",
        "202109": "16.52",
        "202110": "16.44",
        "202111": "16.80",
        "202112": "16.75",
        "202201": "17.75",
        "202202": "18.00",
        "202203": "18.15",
        "202204": "18.89",
        "202205": "18.03",
        "202206": "17.72",
        "202207": "17.39",
        "202208": "17.70",
        "202209": "17.38",
        "202210": "16.66",
        "202211": "16.99",
        "202212": "17.32",
        "202301": "17.48",
        "202302": "17.40",
        "202303": "17.26",
        "202304": "17.55",
        "202305": "18.10",
        "202306": "18.49",
        "202307": "18.63",
        "202308": "17.72",
        "202309": "17.38",
        "202310": "17.29",
        "202311": "17.60",
        "202312": "17.80"
    },
    "quarters": {
        "20011": {
            "year_quarter": 20011,
            "year": 2001,
            "quarter": 1,
            "eps": null,
            "eps_growth_year": null,
            "eps_4q": null,
            "eps_4q_growth_year": null,
            "roe": null,
            "roe_4q": 0,
            "gross_profit": null,
            "gross_margin": null,
            "gross_margin_4q_avg": 0,
            "net_income": null,
            "net_income_4q": null,
            "revenue": null,
            "revenue_4q": null,
            "common_shares": null,
            "book_valuer_per_share": null,
            "book_valuer_per_share_4q_avg": 0,
            "equity": null,
            "current_ratio": null,
            "debt_ratio": null,
            "inventory_turnover_ratio": null,
            "account_receivable_turnover_ratio": null,
            "reinvestment_rate": null,
            "research_to_sale_ratio": null,
            "price_fair": 0,
            "eps_avg_yearly": 0,
            "eps_latest_yearly": 0,
            "eps_growth_yearly": 0
        },
        "20012": {
            "year_quarter": 20012,
            "year": 2001,
            "quarter": 2,
            "eps": null,
            "eps_growth_year": null,
            "eps_4q": null,
            "eps_4q_growth_year": null,
            "roe": null,
            "roe_4q": 0,
            "gross_profit": null,
            "gross_margin": null,
            "gross_margin_4q_avg": 0,
            "net_income": null,
            "net_income_4q": null,
            "revenue": null,
            "revenue_4q": null,
            "common_shares": null,
            "book_valuer_per_share": null,
            "book_valuer_per_share_4q_avg": 0,
            "equity": null,
            "current_ratio": null,
            "debt_ratio": null,
            "inventory_turnover_ratio": null,
            "account_receivable_turnover_ratio": null,
            "reinvestment_rate": null,
            "research_to_sale_ratio": null,
            "price_fair": 0,
            "eps_avg_yearly": 0,
            "eps_latest_yearly": 0,
            "eps_growth_yearly": 0
        },
        "20013": {
            "year_quarter": 20013,
            "year": 2001,
            "quarter": 3,
            "eps": null,
            "eps_growth_year": null,
            "eps_4q": null,
            "eps_4q_growth_year": null,
            "roe": null,
            "roe_4q": 0,
            "gross_profit": null,
            "gross_margin": null,
            "gross_margin_4q_avg": 0,
            "net_income": null,
            "net_income_4q": null,
            "revenue": null,
            "revenue_4q": null,
            "common_shares": null,
            "book_valuer_per_share": null,
            "book_valuer_per_share_4q_avg": 0,
            "equity": null,
            "current_ratio": null,
            "debt_ratio": null,
            "inventory_turnover_ratio": null,
            "account_receivable_turnover_ratio": null,
            "reinvestment_rate": null,
            "research_to_sale_ratio": null,
            "price_fair": 0,
            "eps_avg_yearly": 0,
            "eps_latest_yearly": 0,
            "eps_growth_yearly": 0
        },
        "20014": {
            "year_quarter": 20014,
            "year": 2001,
            "quarter": 4,
            "eps": null,
            "eps_growth_year": null,
            "eps_4q": null,
            "eps_4q_growth_year": null,
            "roe": null,
            "roe_4q": 0,
            "gross_profit": null,
            "gross_margin": null,
            "gross_margin_4q_avg": 0,
            "net_income": null,
            "net_income_4q": null,
            "revenue": null,
            "revenue_4q": null,
            "common_shares": null,
            "book_valuer_per_share": null,
            "book_valuer_per_share_4q_avg": 0,
            "equity": null,
            "current_ratio": null,
            "debt_ratio": null,
            "inventory_turnover_ratio": null,
            "account_receivable_turnover_ratio": null,
            "reinvestment_rate": null,
            "research_to_sale_ratio": null,
            "price_fair": 0,
            "eps_avg_yearly": 0,
            "eps_latest_yearly": 0,
            "eps_growth_yearly": 0
        },
        "20021": {
            "year_quarter": 20021,
            "year": 2002,
            "quarter": 1,
            "eps": null,
            "eps_growth_year": null,
            "eps_4q": null,
            "eps_4q_growth_year": null,
            "roe": null,
            "roe_4q": 0,
            "gross_profit": null,
            "gross_margin": null,
            "gross_margin_4q_avg": 0,
            "net_income": null,
            "net_income_4q": null,
            "revenue": null,
            "revenue_4q": null,
            "common_shares": null,
            "book_valuer_per_share": null,
            "book_valuer_per_share_4q_avg": 0,
            "equity": null,
            "current_ratio": null,
            "debt_ratio": null,
            "inventory_turnover_ratio": null,
            "account_receivable_turnover_ratio": null,
            "reinvestment_rate": null,
            "research_to_sale_ratio": null,
            "price_fair": 0,
            "eps_avg_yearly": 0,
            "eps_latest_yearly": 0,
            "eps_growth_yearly": 0
        },
        "20022": {
            "year_quarter": 20022,
            "year": 2002,
            "quarter": 2,
            "eps": null,
            "eps_growth_year": null,
            "eps_4q": null,
            "eps_4q_growth_year": null,
            "roe": null,
            "roe_4q": 0,
            "gross_profit": null,
            "gross_margin": null,
            "gross_margin_4q_avg": 0,
            "net_income": null,
            "net_income_4q": null,
            "revenue": null,
            "revenue_4q": null,
            "common_shares": null,
            "book_valuer_per_share": null,
            "book_valuer_per_share_4q_avg": 0,
            "equity": null,
            "current_ratio": null,
            "debt_ratio": null,
            "inventory_turnover_ratio": null,
            "account_receivable_turnover_ratio": null,
            "reinvestment_rate": null,
            "research_to_sale_ratio": null,
            "price_fair": 0,
            "eps_avg_yearly": 0,
            "eps_latest_yearly": 0,
            "eps_growth_yearly": 0
        },
        "20023": {
            "year_quarter": 20023,
            "year": 2002,
            "quarter": 3,
            "eps": null,
            "eps_growth_year": null,
            "eps_4q": null,
            "eps_4q_growth_year": null,
            "roe": null,
            "roe_4q": 0,
            "gross_profit": null,
            "gross_margin": null,
            "gross_margin_4q_avg": 0,
            "net_income": null,
            "net_income_4q": null,
            "revenue": null,
            "revenue_4q": null,
            "common_shares": null,
            "book_valuer_per_share": null,
            "book_valuer_per_share_4q_avg": 0,
            "equity": null,
            "current_ratio": null,
            "debt_ratio": null,
            "inventory_turnover_ratio": null,
            "account_receivable_turnover_ratio": null,
            "reinvestment_rate": null,
            "research_to_sale_ratio": null,
            "price_fair": 0,
            "eps_avg_yearly": 0,
            "eps_latest_yearly": 0,
            "eps_growth_yearly": 0
        },
        "20024": {
            "year_quarter": 20024,
            "year": 2002,
            "quarter": 4,
            "eps": null,
            "eps_growth_year": null,
            "eps_4q": null,
            "eps_4q_growth_year": null,
            "roe": null,
            "roe_4q": 0,
            "gross_profit": null,
            "gross_margin": null,
            "gross_margin_4q_avg": 0,
            "net_income": null,
            "net_income_4q": null,
            "revenue": null,
            "revenue_4q": null,
            "common_shares": null,
            "book_valuer_per_share": null,
            "book_valuer_per_share_4q_avg": 0,
            "equity": null,
            "current_ratio": null,
            "debt_ratio": null,
            "inventory_turnover_ratio": null,
            "account_receivable_turnover_ratio": null,
            "reinvestment_rate": null,
            "research_to_sale_ratio": null,
            "price_fair": 0,
            "eps_avg_yearly": 0,
            "eps_latest_yearly": 0,
            "eps_growth_yearly": 0
        },
        "20031": {
            "year_quarter": 20031,
            "year": 2003,
            "quarter": 1,
            "eps": null,
            "eps_growth_year": null,
            "eps_4q": null,
            "eps_4q_growth_year": null,
            "roe": null,
            "roe_4q": 0,
            "gross_profit": null,
            "gross_margin": null,
            "gross_margin_4q_avg": 0,
            "net_income": null,
            "net_income_4q": null,
            "revenue": null,
            "revenue_4q": null,
            "common_shares": null,
            "book_valuer_per_share": null,
            "book_valuer_per_share_4q_avg": 0,
            "equity": null,
            "current_ratio": null,
            "debt_ratio": null,
            "inventory_turnover_ratio": null,
            "account_receivable_turnover_ratio": null,
            "reinvestment_rate": null,
            "research_to_sale_ratio": null,
            "price_fair": 0,
            "eps_avg_yearly": 0,
            "eps_latest_yearly": 0,
            "eps_growth_yearly": 0
        },
        "20032": {
            "year_quarter": 20032,
            "year": 2003,
            "quarter": 2,
            "eps": null,
            "eps_growth_year": null,
            "eps_4q": null,
            "eps_4q_growth_year": null,
            "roe": null,
            "roe_4q": 0,
            "gross_profit": null,
            "gross_margin": null,
            "gross_margin_4q_avg": 0,
            "net_income": null,
            "net_income_4q": null,
            "revenue": null,
            "revenue_4q": null,
            "common_shares": null,
            "book_valuer_per_share": null,
            "book_valuer_per_share_4q_avg": 0,
            "equity": null,
            "current_ratio": null,
            "debt_ratio": null,
            "inventory_turnover_ratio": null,
            "account_receivable_turnover_ratio": null,
            "reinvestment_rate": null,
            "research_to_sale_ratio": null,
            "price_fair": 0,
            "eps_avg_yearly": 0,
            "eps_latest_yearly": 0,
            "eps_growth_yearly": 0
        },
        "20033": {
            "year_quarter": 20033,
            "year": 2003,
            "quarter": 3,
            "eps": null,
            "eps_growth_year": null,
            "eps_4q": null,
            "eps_4q_growth_year": null,
            "roe": null,
            "roe_4q": 0,
            "gross_profit": null,
            "gross_margin": null,
            "gross_margin_4q_avg": 0,
            "net_income": null,
            "net_income_4q": null,
            "revenue": null,
            "revenue_4q": null,
            "common_shares": null,
            "book_valuer_per_share": null,
            "book_valuer_per_share_4q_avg": 0,
            "equity": null,
            "current_ratio": null,
            "debt_ratio": null,
            "inventory_turnover_ratio": null,
            "account_receivable_turnover_ratio": null,
            "reinvestment_rate": null,
            "research_to_sale_ratio": null,
            "price_fair": 0,
            "eps_avg_yearly": 0,
            "eps_latest_yearly": 0,
            "eps_growth_yearly": 0
        },
        "20034": {
            "year_quarter": 20034,
            "year": 2003,
            "quarter": 4,
            "eps": null,
            "eps_growth_year": null,
            "eps_4q": null,
            "eps_4q_growth_year": null,
            "roe": null,
            "roe_4q": 0,
            "gross_profit": null,
            "gross_margin": null,
            "gross_margin_4q_avg": 0,
            "net_income": null,
            "net_income_4q": null,
            "revenue": null,
            "revenue_4q": null,
            "common_shares": null,
            "book_valuer_per_share": null,
            "book_valuer_per_share_4q_avg": 0,
            "equity": null,
            "current_ratio": null,
            "debt_ratio": null,
            "inventory_turnover_ratio": null,
            "account_receivable_turnover_ratio": null,
            "reinvestment_rate": null,
            "research_to_sale_ratio": null,
            "price_fair": 0,
            "eps_avg_yearly": 0,
            "eps_latest_yearly": 0,
            "eps_growth_yearly": 0
        },
        "20041": {
            "year_quarter": 20041,
            "year": 2004,
            "quarter": 1,
            "eps": null,
            "eps_growth_year": null,
            "eps_4q": null,
            "eps_4q_growth_year": null,
            "roe": null,
            "roe_4q": 0,
            "gross_profit": null,
            "gross_margin": null,
            "gross_margin_4q_avg": 0,
            "net_income": null,
            "net_income_4q": null,
            "revenue": null,
            "revenue_4q": null,
            "common_shares": null,
            "book_valuer_per_share": null,
            "book_valuer_per_share_4q_avg": 0,
            "equity": null,
            "current_ratio": null,
            "debt_ratio": null,
            "inventory_turnover_ratio": null,
            "account_receivable_turnover_ratio": null,
            "reinvestment_rate": null,
            "research_to_sale_ratio": null,
            "price_fair": 0,
            "eps_avg_yearly": 0,
            "eps_latest_yearly": 0,
            "eps_growth_yearly": 0
        },
        "20042": {
            "year_quarter": 20042,
            "year": 2004,
            "quarter": 2,
            "eps": null,
            "eps_growth_year": null,
            "eps_4q": null,
            "eps_4q_growth_year": null,
            "roe": null,
            "roe_4q": 0,
            "gross_profit": null,
            "gross_margin": null,
            "gross_margin_4q_avg": 0,
            "net_income": null,
            "net_income_4q": null,
            "revenue": null,
            "revenue_4q": null,
            "common_shares": null,
            "book_valuer_per_share": null,
            "book_valuer_per_share_4q_avg": 0,
            "equity": null,
            "current_ratio": null,
            "debt_ratio": null,
            "inventory_turnover_ratio": null,
            "account_receivable_turnover_ratio": null,
            "reinvestment_rate": null,
            "research_to_sale_ratio": null,
            "price_fair": 0,
            "eps_avg_yearly": 0,
            "eps_latest_yearly": 0,
            "eps_growth_yearly": 0
        },
        "20043": {
            "year_quarter": 20043,
            "year": 2004,
            "quarter": 3,
            "eps": null,
            "eps_growth_year": null,
            "eps_4q": null,
            "eps_4q_growth_year": null,
            "roe": null,
            "roe_4q": 0,
            "gross_profit": null,
            "gross_margin": null,
            "gross_margin_4q_avg": 0,
            "net_income": null,
            "net_income_4q": null,
            "revenue": null,
            "revenue_4q": null,
            "common_shares": null,
            "book_valuer_per_share": null,
            "book_valuer_per_share_4q_avg": 0,
            "equity": null,
            "current_ratio": null,
            "debt_ratio": null,
            "inventory_turnover_ratio": null,
            "account_receivable_turnover_ratio": null,
            "reinvestment_rate": null,
            "research_to_sale_ratio": null,
            "price_fair": 0,
            "eps_avg_yearly": 0,
            "eps_latest_yearly": 0,
            "eps_growth_yearly": 0
        },
        "20044": {
            "year_quarter": 20044,
            "year": 2004,
            "quarter": 4,
            "eps": null,
            "eps_growth_year": null,
            "eps_4q": null,
            "eps_4q_growth_year": null,
            "roe": null,
            "roe_4q": 0,
            "gross_profit": null,
            "gross_margin": null,
            "gross_margin_4q_avg": 0,
            "net_income": null,
            "net_income_4q": null,
            "revenue": null,
            "revenue_4q": null,
            "common_shares": null,
            "book_valuer_per_share": null,
            "book_valuer_per_share_4q_avg": 0,
            "equity": null,
            "current_ratio": null,
            "debt_ratio": null,
            "inventory_turnover_ratio": null,
            "account_receivable_turnover_ratio": null,
            "reinvestment_rate": null,
            "research_to_sale_ratio": null,
            "price_fair": 0,
            "eps_avg_yearly": 0,
            "eps_latest_yearly": 0,
            "eps_growth_yearly": 0
        },
        "20051": {
            "year_quarter": 20051,
            "year": 2005,
            "quarter": 1,
            "eps": null,
            "eps_growth_year": null,
            "eps_4q": null,
            "eps_4q_growth_year": null,
            "roe": null,
            "roe_4q": 0,
            "gross_profit": null,
            "gross_margin": null,
            "gross_margin_4q_avg": 0,
            "net_income": null,
            "net_income_4q": null,
            "revenue": null,
            "revenue_4q": null,
            "common_shares": null,
            "book_valuer_per_share": null,
            "book_valuer_per_share_4q_avg": 0,
            "equity": null,
            "current_ratio": null,
            "debt_ratio": null,
            "inventory_turnover_ratio": null,
            "account_receivable_turnover_ratio": null,
            "reinvestment_rate": null,
            "research_to_sale_ratio": null,
            "price_fair": 0,
            "eps_avg_yearly": 0,
            "eps_latest_yearly": 0,
            "eps_growth_yearly": 0
        },
        "20052": {
            "year_quarter": 20052,
            "year": 2005,
            "quarter": 2,
            "eps": null,
            "eps_growth_year": null,
            "eps_4q": null,
            "eps_4q_growth_year": null,
            "roe": null,
            "roe_4q": 0,
            "gross_profit": null,
            "gross_margin": null,
            "gross_margin_4q_avg": 0,
            "net_income": null,
            "net_income_4q": null,
            "revenue": null,
            "revenue_4q": null,
            "common_shares": null,
            "book_valuer_per_share": null,
            "book_valuer_per_share_4q_avg": 0,
            "equity": null,
            "current_ratio": null,
            "debt_ratio": null,
            "inventory_turnover_ratio": null,
            "account_receivable_turnover_ratio": null,
            "reinvestment_rate": null,
            "research_to_sale_ratio": null,
            "price_fair": 0,
            "eps_avg_yearly": 0,
            "eps_latest_yearly": 0,
            "eps_growth_yearly": 0
        },
        "20053": {
            "year_quarter": 20053,
            "year": 2005,
            "quarter": 3,
            "eps": null,
            "eps_growth_year": null,
            "eps_4q": null,
            "eps_4q_growth_year": null,
            "roe": null,
            "roe_4q": 0,
            "gross_profit": null,
            "gross_margin": null,
            "gross_margin_4q_avg": 0,
            "net_income": null,
            "net_income_4q": null,
            "revenue": null,
            "revenue_4q": null,
            "common_shares": null,
            "book_valuer_per_share": null,
            "book_valuer_per_share_4q_avg": 0,
            "equity": null,
            "current_ratio": null,
            "debt_ratio": null,
            "inventory_turnover_ratio": null,
            "account_receivable_turnover_ratio": null,
            "reinvestment_rate": null,
            "research_to_sale_ratio": null,
            "price_fair": 0,
            "eps_avg_yearly": 0,
            "eps_latest_yearly": 0,
            "eps_growth_yearly": 0
        },
        "20054": {
            "year_quarter": 20054,
            "year": 2005,
            "quarter": 4,
            "eps": null,
            "eps_growth_year": null,
            "eps_4q": null,
            "eps_4q_growth_year": null,
            "roe": null,
            "roe_4q": 0,
            "gross_profit": null,
            "gross_margin": null,
            "gross_margin_4q_avg": 0,
            "net_income": null,
            "net_income_4q": null,
            "revenue": null,
            "revenue_4q": null,
            "common_shares": null,
            "book_valuer_per_share": null,
            "book_valuer_per_share_4q_avg": 0,
            "equity": null,
            "current_ratio": null,
            "debt_ratio": null,
            "inventory_turnover_ratio": null,
            "account_receivable_turnover_ratio": null,
            "reinvestment_rate": null,
            "research_to_sale_ratio": null,
            "price_fair": 0,
            "eps_avg_yearly": 0,
            "eps_latest_yearly": 0,
            "eps_growth_yearly": 0
        },
        "20061": {
            "year_quarter": 20061,
            "year": 2006,
            "quarter": 1,
            "eps": null,
            "eps_growth_year": null,
            "eps_4q": null,
            "eps_4q_growth_year": null,
            "roe": null,
            "roe_4q": 0,
            "gross_profit": null,
            "gross_margin": null,
            "gross_margin_4q_avg": 0,
            "net_income": null,
            "net_income_4q": null,
            "revenue": null,
            "revenue_4q": null,
            "common_shares": null,
            "book_valuer_per_share": null,
            "book_valuer_per_share_4q_avg": 0,
            "equity": null,
            "current_ratio": null,
            "debt_ratio": null,
            "inventory_turnover_ratio": null,
            "account_receivable_turnover_ratio": null,
            "reinvestment_rate": null,
            "research_to_sale_ratio": null,
            "price_fair": 0,
            "eps_avg_yearly": 0,
            "eps_latest_yearly": 0,
            "eps_growth_yearly": 0
        },
        "20062": {
            "year_quarter": 20062,
            "year": 2006,
            "quarter": 2,
            "eps": null,
            "eps_growth_year": null,
            "eps_4q": null,
            "eps_4q_growth_year": null,
            "roe": null,
            "roe_4q": 0,
            "gross_profit": null,
            "gross_margin": null,
            "gross_margin_4q_avg": 0,
            "net_income": null,
            "net_income_4q": null,
            "revenue": null,
            "revenue_4q": null,
            "common_shares": null,
            "book_valuer_per_share": null,
            "book_valuer_per_share_4q_avg": 0,
            "equity": null,
            "current_ratio": null,
            "debt_ratio": null,
            "inventory_turnover_ratio": null,
            "account_receivable_turnover_ratio": null,
            "reinvestment_rate": null,
            "research_to_sale_ratio": null,
            "price_fair": 0,
            "eps_avg_yearly": 0,
            "eps_latest_yearly": 0,
            "eps_growth_yearly": 0
        },
        "20063": {
            "year_quarter": 20063,
            "year": 2006,
            "quarter": 3,
            "eps": null,
            "eps_growth_year": null,
            "eps_4q": null,
            "eps_4q_growth_year": null,
            "roe": null,
            "roe_4q": 0,
            "gross_profit": null,
            "gross_margin": null,
            "gross_margin_4q_avg": 0,
            "net_income": null,
            "net_income_4q": null,
            "revenue": null,
            "revenue_4q": null,
            "common_shares": null,
            "book_valuer_per_share": null,
            "book_valuer_per_share_4q_avg": 0,
            "equity": null,
            "current_ratio": null,
            "debt_ratio": null,
            "inventory_turnover_ratio": null,
            "account_receivable_turnover_ratio": null,
            "reinvestment_rate": null,
            "research_to_sale_ratio": null,
            "price_fair": 0,
            "eps_avg_yearly": 0,
            "eps_latest_yearly": 0,
            "eps_growth_yearly": 0
        },
        "20064": {
            "year_quarter": 20064,
            "year": 2006,
            "quarter": 4,
            "eps": null,
            "eps_growth_year": null,
            "eps_4q": null,
            "eps_4q_growth_year": null,
            "roe": null,
            "roe_4q": 0,
            "gross_profit": null,
            "gross_margin": null,
            "gross_margin_4q_avg": 0,
            "net_income": null,
            "net_income_4q": null,
            "revenue": null,
            "revenue_4q": null,
            "common_shares": null,
            "book_valuer_per_share": null,
            "book_valuer_per_share_4q_avg": 0,
            "equity": null,
            "current_ratio": null,
            "debt_ratio": null,
            "inventory_turnover_ratio": null,
            "account_receivable_turnover_ratio": null,
            "reinvestment_rate": null,
            "research_to_sale_ratio": null,
            "price_fair": 0,
            "eps_avg_yearly": 0,
            "eps_latest_yearly": 0,
            "eps_growth_yearly": 0
        },
        "20071": {
            "year_quarter": 20071,
            "year": 2007,
            "quarter": 1,
            "eps": null,
            "eps_growth_year": null,
            "eps_4q": null,
            "eps_4q_growth_year": null,
            "roe": null,
            "roe_4q": 0,
            "gross_profit": null,
            "gross_margin": null,
            "gross_margin_4q_avg": 0,
            "net_income": null,
            "net_income_4q": null,
            "revenue": null,
            "revenue_4q": null,
            "common_shares": null,
            "book_valuer_per_share": null,
            "book_valuer_per_share_4q_avg": 0,
            "equity": null,
            "current_ratio": null,
            "debt_ratio": null,
            "inventory_turnover_ratio": null,
            "account_receivable_turnover_ratio": null,
            "reinvestment_rate": null,
            "research_to_sale_ratio": null,
            "price_fair": 0,
            "eps_avg_yearly": 0,
            "eps_latest_yearly": 0,
            "eps_growth_yearly": 0
        },
        "20072": {
            "year_quarter": 20072,
            "year": 2007,
            "quarter": 2,
            "eps": null,
            "eps_growth_year": null,
            "eps_4q": null,
            "eps_4q_growth_year": null,
            "roe": null,
            "roe_4q": 0,
            "gross_profit": null,
            "gross_margin": null,
            "gross_margin_4q_avg": 0,
            "net_income": null,
            "net_income_4q": null,
            "revenue": null,
            "revenue_4q": null,
            "common_shares": null,
            "book_valuer_per_share": null,
            "book_valuer_per_share_4q_avg": 0,
            "equity": null,
            "current_ratio": null,
            "debt_ratio": null,
            "inventory_turnover_ratio": null,
            "account_receivable_turnover_ratio": null,
            "reinvestment_rate": null,
            "research_to_sale_ratio": null,
            "price_fair": 0,
            "eps_avg_yearly": 0,
            "eps_latest_yearly": 0,
            "eps_growth_yearly": 0
        },
        "20073": {
            "year_quarter": 20073,
            "year": 2007,
            "quarter": 3,
            "eps": null,
            "eps_growth_year": null,
            "eps_4q": null,
            "eps_4q_growth_year": null,
            "roe": null,
            "roe_4q": 0,
            "gross_profit": null,
            "gross_margin": null,
            "gross_margin_4q_avg": 0,
            "net_income": null,
            "net_income_4q": null,
            "revenue": null,
            "revenue_4q": null,
            "common_shares": null,
            "book_valuer_per_share": null,
            "book_valuer_per_share_4q_avg": 0,
            "equity": null,
            "current_ratio": null,
            "debt_ratio": null,
            "inventory_turnover_ratio": null,
            "account_receivable_turnover_ratio": null,
            "reinvestment_rate": null,
            "research_to_sale_ratio": null,
            "price_fair": 0,
            "eps_avg_yearly": 0,
            "eps_latest_yearly": 0,
            "eps_growth_yearly": 0
        },
        "20074": {
            "year_quarter": 20074,
            "year": 2007,
            "quarter": 4,
            "eps": null,
            "eps_growth_year": null,
            "eps_4q": null,
            "eps_4q_growth_year": null,
            "roe": null,
            "roe_4q": 0,
            "gross_profit": null,
            "gross_margin": null,
            "gross_margin_4q_avg": 0,
            "net_income": null,
            "net_income_4q": null,
            "revenue": null,
            "revenue_4q": null,
            "common_shares": null,
            "book_valuer_per_share": null,
            "book_valuer_per_share_4q_avg": 0,
            "equity": null,
            "current_ratio": null,
            "debt_ratio": null,
            "inventory_turnover_ratio": null,
            "account_receivable_turnover_ratio": null,
            "reinvestment_rate": null,
            "research_to_sale_ratio": null,
            "price_fair": 0,
            "eps_avg_yearly": 0,
            "eps_latest_yearly": 0,
            "eps_growth_yearly": 0
        },
        "20081": {
            "year_quarter": 20081,
            "year": 2008,
            "quarter": 1,
            "eps": null,
            "eps_growth_year": null,
            "eps_4q": null,
            "eps_4q_growth_year": null,
            "roe": null,
            "roe_4q": 0,
            "gross_profit": null,
            "gross_margin": null,
            "gross_margin_4q_avg": 0,
            "net_income": null,
            "net_income_4q": null,
            "revenue": null,
            "revenue_4q": null,
            "common_shares": null,
            "book_valuer_per_share": null,
            "book_valuer_per_share_4q_avg": 0,
            "equity": null,
            "current_ratio": null,
            "debt_ratio": null,
            "inventory_turnover_ratio": null,
            "account_receivable_turnover_ratio": null,
            "reinvestment_rate": null,
            "research_to_sale_ratio": null,
            "price_fair": 0,
            "eps_avg_yearly": 0,
            "eps_latest_yearly": 0,
            "eps_growth_yearly": 0
        },
        "20082": {
            "year_quarter": 20082,
            "year": 2008,
            "quarter": 2,
            "eps": null,
            "eps_growth_year": null,
            "eps_4q": null,
            "eps_4q_growth_year": null,
            "roe": null,
            "roe_4q": 0,
            "gross_profit": null,
            "gross_margin": null,
            "gross_margin_4q_avg": 0,
            "net_income": null,
            "net_income_4q": null,
            "revenue": null,
            "revenue_4q": null,
            "common_shares": null,
            "book_valuer_per_share": null,
            "book_valuer_per_share_4q_avg": 0,
            "equity": null,
            "current_ratio": null,
            "debt_ratio": null,
            "inventory_turnover_ratio": null,
            "account_receivable_turnover_ratio": null,
            "reinvestment_rate": null,
            "research_to_sale_ratio": null,
            "price_fair": 0,
            "eps_avg_yearly": 0,
            "eps_latest_yearly": 0,
            "eps_growth_yearly": 0
        },
        "20083": {
            "year_quarter": 20083,
            "year": 2008,
            "quarter": 3,
            "eps": null,
            "eps_growth_year": null,
            "eps_4q": null,
            "eps_4q_growth_year": null,
            "roe": null,
            "roe_4q": 0,
            "gross_profit": null,
            "gross_margin": null,
            "gross_margin_4q_avg": 0,
            "net_income": null,
            "net_income_4q": null,
            "revenue": null,
            "revenue_4q": null,
            "common_shares": null,
            "book_valuer_per_share": null,
            "book_valuer_per_share_4q_avg": 0,
            "equity": null,
            "current_ratio": null,
            "debt_ratio": null,
            "inventory_turnover_ratio": null,
            "account_receivable_turnover_ratio": null,
            "reinvestment_rate": null,
            "research_to_sale_ratio": null,
            "price_fair": 0,
            "eps_avg_yearly": 0,
            "eps_latest_yearly": 0,
            "eps_growth_yearly": 0
        },
        "20084": {
            "year_quarter": 20084,
            "year": 2008,
            "quarter": 4,
            "eps": null,
            "eps_growth_year": null,
            "eps_4q": null,
            "eps_4q_growth_year": null,
            "roe": null,
            "roe_4q": 0,
            "gross_profit": null,
            "gross_margin": null,
            "gross_margin_4q_avg": 0,
            "net_income": null,
            "net_income_4q": null,
            "revenue": null,
            "revenue_4q": null,
            "common_shares": 62094756,
            "book_valuer_per_share": null,
            "book_valuer_per_share_4q_avg": 0,
            "equity": 80605140,
            "current_ratio": null,
            "debt_ratio": null,
            "inventory_turnover_ratio": null,
            "account_receivable_turnover_ratio": null,
            "reinvestment_rate": null,
            "research_to_sale_ratio": null,
            "price_fair": 0,
            "eps_avg_yearly": 0,
            "eps_latest_yearly": 0,
            "eps_growth_yearly": 0
        },
        "20091": {
            "year_quarter": 20091,
            "year": 2009,
            "quarter": 1,
            "eps": null,
            "eps_growth_year": null,
            "eps_4q": null,
            "eps_4q_growth_year": null,
            "roe": null,
            "roe_4q": 0,
            "gross_profit": null,
            "gross_margin": null,
            "gross_margin_4q_avg": 0,
            "net_income": 875178,
            "net_income_4q": null,
            "revenue": 5203566,
            "revenue_4q": null,
            "common_shares": 62094756,
            "book_valuer_per_share": null,
            "book_valuer_per_share_4q_avg": 0,
            "equity": 81342656,
            "current_ratio": null,
            "debt_ratio": null,
            "inventory_turnover_ratio": null,
            "account_receivable_turnover_ratio": null,
            "reinvestment_rate": null,
            "research_to_sale_ratio": null,
            "price_fair": 0,
            "eps_avg_yearly": 0,
            "eps_latest_yearly": 0,
            "eps_growth_yearly": 0
        },
        "20092": {
            "year_quarter": 20092,
            "year": 2009,
            "quarter": 2,
            "eps": null,
            "eps_growth_year": null,
            "eps_4q": null,
            "eps_4q_growth_year": null,
            "roe": null,
            "roe_4q": 0,
            "gross_profit": null,
            "gross_margin": null,
            "gross_margin_4q_avg": 0,
            "net_income": -373653,
            "net_income_4q": null,
            "revenue": 5381392,
            "revenue_4q": null,
            "common_shares": 62094756,
            "book_valuer_per_share": null,
            "book_valuer_per_share_4q_avg": 0,
            "equity": 77705794,
            "current_ratio": null,
            "debt_ratio": null,
            "inventory_turnover_ratio": null,
            "account_receivable_turnover_ratio": null,
            "reinvestment_rate": null,
            "research_to_sale_ratio": null,
            "price_fair": 0,
            "eps_avg_yearly": 0,
            "eps_latest_yearly": 0,
            "eps_growth_yearly": 0
        },
        "20093": {
            "year_quarter": 20093,
            "year": 2009,
            "quarter": 3,
            "eps": null,
            "eps_growth_year": null,
            "eps_4q": null,
            "eps_4q_growth_year": null,
            "roe": null,
            "roe_4q": 0,
            "gross_profit": null,
            "gross_margin": null,
            "gross_margin_4q_avg": 0,
            "net_income": 1072193,
            "net_income_4q": null,
            "revenue": 5691538,
            "revenue_4q": null,
            "common_shares": 62094756,
            "book_valuer_per_share": null,
            "book_valuer_per_share_4q_avg": 0,
            "equity": 79432913,
            "current_ratio": null,
            "debt_ratio": null,
            "inventory_turnover_ratio": null,
            "account_receivable_turnover_ratio": null,
            "reinvestment_rate": null,
            "research_to_sale_ratio": null,
            "price_fair": 0,
            "eps_avg_yearly": 0,
            "eps_latest_yearly": 0,
            "eps_growth_yearly": 0
        },
        "20094": {
            "year_quarter": 20094,
            "year": 2009,
            "quarter": 4,
            "eps": null,
            "eps_growth_year": null,
            "eps_4q": null,
            "eps_4q_growth_year": null,
            "roe": null,
            "roe_4q": 0,
            "gross_profit": null,
            "gross_margin": null,
            "gross_margin_4q_avg": 0,
            "net_income": 1515180,
            "net_income_4q": null,
            "revenue": 6452525,
            "revenue_4q": null,
            "common_shares": 62094756,
            "book_valuer_per_share": 13.05,
            "book_valuer_per_share_4q_avg": 3.26,
            "equity": 81017285,
            "current_ratio": null,
            "debt_ratio": 94.51,
            "inventory_turnover_ratio": null,
            "account_receivable_turnover_ratio": null,
            "reinvestment_rate": null,
            "research_to_sale_ratio": null,
            "price_fair": 0,
            "eps_avg_yearly": 0,
            "eps_latest_yearly": 0,
            "eps_growth_yearly": 0
        },
        "20101": {
            "year_quarter": 20101,
            "year": 2010,
            "quarter": 1,
            "eps": 0.29,
            "eps_growth_year": null,
            "eps_4q": 0.29,
            "eps_4q_growth_year": null,
            "roe": 2.2,
            "roe_4q": 2.2,
            "gross_profit": null,
            "gross_margin": null,
            "gross_margin_4q_avg": 0,
            "net_income": 1800279,
            "net_income_4q": null,
            "revenue": 5472712,
            "revenue_4q": null,
            "common_shares": 62094756,
            "book_valuer_per_share": 13.34,
            "book_valuer_per_share_4q_avg": 6.6,
            "equity": 82858367,
            "current_ratio": null,
            "debt_ratio": 94.24,
            "inventory_turnover_ratio": null,
            "account_receivable_turnover_ratio": 3.42,
            "reinvestment_rate": null,
            "research_to_sale_ratio": 0.03,
            "price_fair": 0,
            "eps_avg_yearly": 0,
            "eps_latest_yearly": 0,
            "eps_growth_yearly": 0
        },
        "20102": {
            "year_quarter": 20102,
            "year": 2010,
            "quarter": 2,
            "eps": 0.11,
            "eps_growth_year": null,
            "eps_4q": 0.4,
            "eps_4q_growth_year": null,
            "roe": 0.85,
            "roe_4q": 3.0500000000000003,
            "gross_profit": null,
            "gross_margin": null,
            "gross_margin_4q_avg": 0,
            "net_income": 701847,
            "net_income_4q": null,
            "revenue": 7216572,
            "revenue_4q": null,
            "common_shares": 62094756,
            "book_valuer_per_share": 13.11,
            "book_valuer_per_share_4q_avg": 9.88,
            "equity": 81389249,
            "current_ratio": null,
            "debt_ratio": 94.42,
            "inventory_turnover_ratio": null,
            "account_receivable_turnover_ratio": 4.33,
            "reinvestment_rate": null,
            "research_to_sale_ratio": 0.04,
            "price_fair": 1.32,
            "eps_avg_yearly": 0.44,
            "eps_latest_yearly": 0.44,
            "eps_growth_yearly": -248.28
        },
        "20103": {
            "year_quarter": 20103,
            "year": 2010,
            "quarter": 3,
            "eps": 0.31,
            "eps_growth_year": null,
            "eps_4q": 0.71,
            "eps_4q_growth_year": null,
            "roe": 2.32,
            "roe_4q": 5.37,
            "gross_profit": null,
            "gross_margin": null,
            "gross_margin_4q_avg": 0,
            "net_income": 1914009,
            "net_income_4q": null,
            "revenue": 6019076,
            "revenue_4q": null,
            "common_shares": 62094756,
            "book_valuer_per_share": 13.44,
            "book_valuer_per_share_4q_avg": 13.24,
            "equity": 83452010,
            "current_ratio": null,
            "debt_ratio": 94.32,
            "inventory_turnover_ratio": null,
            "account_receivable_turnover_ratio": 3.14,
            "reinvestment_rate": null,
            "research_to_sale_ratio": 0.03,
            "price_fair": 29.4,
            "eps_avg_yearly": 0.84,
            "eps_latest_yearly": 1.24,
            "eps_growth_yearly": 239.5
        },
        "20104": {
            "year_quarter": 20104,
            "year": 2010,
            "quarter": 4,
            "eps": 0.55,
            "eps_growth_year": null,
            "eps_4q": 1.26,
            "eps_4q_growth_year": null,
            "roe": 4.01,
            "roe_4q": 9.379999999999999,
            "gross_profit": null,
            "gross_margin": null,
            "gross_margin_4q_avg": 0,
            "net_income": 3410417,
            "net_income_4q": null,
            "revenue": 9876284,
            "revenue_4q": null,
            "common_shares": 62094756,
            "book_valuer_per_share": 13.94,
            "book_valuer_per_share_4q_avg": 13.46,
            "equity": 86584067,
            "current_ratio": null,
            "debt_ratio": 94.24,
            "inventory_turnover_ratio": null,
            "account_receivable_turnover_ratio": 4.84,
            "reinvestment_rate": null,
            "research_to_sale_ratio": 0.04,
            "price_fair": 45.27,
            "eps_avg_yearly": 1.29,
            "eps_latest_yearly": 2.2,
            "eps_growth_yearly": 262.89
        },
        "20111": {
            "year_quarter": 20111,
            "year": 2011,
            "quarter": 1,
            "eps": 0.35,
            "eps_growth_year": 20.69,
            "eps_4q": 1.32,
            "eps_4q_growth_year": 355.06,
            "roe": 2.47,
            "roe_4q": 9.65,
            "gross_profit": null,
            "gross_margin": null,
            "gross_margin_4q_avg": 0,
            "net_income": 2166125,
            "net_income_4q": null,
            "revenue": 5858540,
            "revenue_4q": null,
            "common_shares": 62094756,
            "book_valuer_per_share": 14.34,
            "book_valuer_per_share_4q_avg": 13.71,
            "equity": 89040562,
            "current_ratio": null,
            "debt_ratio": 94.06,
            "inventory_turnover_ratio": null,
            "account_receivable_turnover_ratio": 2.71,
            "reinvestment_rate": null,
            "research_to_sale_ratio": 0.03,
            "price_fair": 46.2,
            "eps_avg_yearly": 1.32,
            "eps_latest_yearly": 1.4,
            "eps_growth_yearly": 160.8
        },
        "20112": {
            "year_quarter": 20112,
            "year": 2011,
            "quarter": 2,
            "eps": 0.51,
            "eps_growth_year": 355.07,
            "eps_4q": 1.62,
            "eps_4q_growth_year": 302.3,
            "roe": 3.88,
            "roe_4q": 12.68,
            "gross_profit": null,
            "gross_margin": null,
            "gross_margin_4q_avg": 0,
            "net_income": 3481323,
            "net_income_4q": null,
            "revenue": 8010912,
            "revenue_4q": null,
            "common_shares": 62094756,
            "book_valuer_per_share": 14.58,
            "book_valuer_per_share_4q_avg": 14.08,
            "equity": 90556000,
            "current_ratio": null,
            "debt_ratio": 94.07,
            "inventory_turnover_ratio": null,
            "account_receivable_turnover_ratio": 3.6,
            "reinvestment_rate": null,
            "research_to_sale_ratio": 0.04,
            "price_fair": 51.24,
            "eps_avg_yearly": 1.46,
            "eps_latest_yearly": 2.04,
            "eps_growth_yearly": 165.22
        },
        "20113": {
            "year_quarter": 20113,
            "year": 2011,
            "quarter": 3,
            "eps": 0.31,
            "eps_growth_year": -1.04,
            "eps_4q": 1.64,
            "eps_4q_growth_year": 131.06,
            "roe": 2.23,
            "roe_4q": 12.59,
            "gross_profit": null,
            "gross_margin": null,
            "gross_margin_4q_avg": 0,
            "net_income": 2064654,
            "net_income_4q": null,
            "revenue": 5995293,
            "revenue_4q": null,
            "common_shares": 67683284,
            "book_valuer_per_share": 13.99,
            "book_valuer_per_share_4q_avg": 14.21,
            "equity": 94690635,
            "current_ratio": null,
            "debt_ratio": 93.92,
            "inventory_turnover_ratio": null,
            "account_receivable_turnover_ratio": 1.93,
            "reinvestment_rate": null,
            "research_to_sale_ratio": 0.06,
            "price_fair": 49.93,
            "eps_avg_yearly": 1.43,
            "eps_latest_yearly": 1.24,
            "eps_growth_yearly": 111.54
        },
        "20114": {
            "year_quarter": 20114,
            "year": 2011,
            "quarter": 4,
            "eps": 0.2,
            "eps_growth_year": -64.22,
            "eps_4q": 1.34,
            "eps_4q_growth_year": 5.99,
            "roe": 1.4,
            "roe_4q": 9.98,
            "gross_profit": null,
            "gross_margin": null,
            "gross_margin_4q_avg": 0,
            "net_income": 1330253,
            "net_income_4q": null,
            "revenue": 6875132,
            "revenue_4q": null,
            "common_shares": 67683284,
            "book_valuer_per_share": 14.14,
            "book_valuer_per_share_4q_avg": 14.26,
            "equity": 95677956,
            "current_ratio": null,
            "debt_ratio": 93.98,
            "inventory_turnover_ratio": null,
            "account_receivable_turnover_ratio": 2.44,
            "reinvestment_rate": null,
            "research_to_sale_ratio": 0.05,
            "price_fair": 46.8,
            "eps_avg_yearly": 1.34,
            "eps_latest_yearly": 0.8,
            "eps_growth_yearly": 75.33
        },
        "20121": {
            "year_quarter": 20121,
            "year": 2012,
            "quarter": 1,
            "eps": 0.34,
            "eps_growth_year": -2.86,
            "eps_4q": 1.35,
            "eps_4q_growth_year": 2.46,
            "roe": 2.33,
            "roe_4q": 9.84,
            "gross_profit": null,
            "gross_margin": null,
            "gross_margin_4q_avg": 0,
            "net_income": 2273301,
            "net_income_4q": null,
            "revenue": 6004160,
            "revenue_4q": null,
            "common_shares": 67683284,
            "book_valuer_per_share": 14.65,
            "book_valuer_per_share_4q_avg": 14.34,
            "equity": 99141941,
            "current_ratio": null,
            "debt_ratio": 93.76,
            "inventory_turnover_ratio": null,
            "account_receivable_turnover_ratio": 3.28,
            "reinvestment_rate": null,
            "research_to_sale_ratio": 0.01,
            "price_fair": 46.9,
            "eps_avg_yearly": 1.34,
            "eps_latest_yearly": 1.36,
            "eps_growth_yearly": 100.91
        },
        "20122": {
            "year_quarter": 20122,
            "year": 2012,
            "quarter": 2,
            "eps": 0.37,
            "eps_growth_year": -28.82,
            "eps_4q": 1.15,
            "eps_4q_growth_year": -29.13,
            "roe": 2.66,
            "roe_4q": 8.620000000000001,
            "gross_profit": null,
            "gross_margin": null,
            "gross_margin_4q_avg": 0,
            "net_income": 2651585,
            "net_income_4q": null,
            "revenue": 6708531,
            "revenue_4q": null,
            "common_shares": 67683284,
            "book_valuer_per_share": 14.84,
            "book_valuer_per_share_4q_avg": 14.41,
            "equity": 100430675,
            "current_ratio": null,
            "debt_ratio": 93.68,
            "inventory_turnover_ratio": null,
            "account_receivable_turnover_ratio": 2.67,
            "reinvestment_rate": null,
            "research_to_sale_ratio": 0.02,
            "price_fair": 47.44,
            "eps_avg_yearly": 1.36,
            "eps_latest_yearly": 1.48,
            "eps_growth_yearly": 93.62
        },
        "20123": {
            "year_quarter": 20123,
            "year": 2012,
            "quarter": 3,
            "eps": 0.36,
            "eps_growth_year": 18,
            "eps_4q": 1.22,
            "eps_4q_growth_year": -25.54,
            "roe": 2.56,
            "roe_4q": 8.950000000000001,
            "gross_profit": null,
            "gross_margin": null,
            "gross_margin_4q_avg": 0,
            "net_income": 2606790,
            "net_income_4q": null,
            "revenue": 6643236,
            "revenue_4q": null,
            "common_shares": 72421114,
            "book_valuer_per_share": 14.25,
            "book_valuer_per_share_4q_avg": 14.47,
            "equity": 103197765,
            "current_ratio": null,
            "debt_ratio": 93.56,
            "inventory_turnover_ratio": null,
            "account_receivable_turnover_ratio": 2.51,
            "reinvestment_rate": null,
            "research_to_sale_ratio": 0.01,
            "price_fair": 47.74,
            "eps_avg_yearly": 1.36,
            "eps_latest_yearly": 1.44,
            "eps_growth_yearly": 83.18
        },
        "20124": {
            "year_quarter": 20124,
            "year": 2012,
            "quarter": 4,
            "eps": 0.13,
            "eps_growth_year": -34.02,
            "eps_4q": 1.17,
            "eps_4q_growth_year": -12.45,
            "roe": 0.91,
            "roe_4q": 8.46,
            "gross_profit": null,
            "gross_margin": null,
            "gross_margin_4q_avg": 0,
            "net_income": 939074,
            "net_income_4q": null,
            "revenue": 5798034,
            "revenue_4q": null,
            "common_shares": 72421114,
            "book_valuer_per_share": 14.33,
            "book_valuer_per_share_4q_avg": 14.52,
            "equity": 103808905,
            "current_ratio": null,
            "debt_ratio": 93.55,
            "inventory_turnover_ratio": null,
            "account_receivable_turnover_ratio": 2.69,
            "reinvestment_rate": -1.42,
            "research_to_sale_ratio": 0.02,
            "price_fair": 45.05,
            "eps_avg_yearly": 1.29,
            "eps_latest_yearly": 0.52,
            "eps_growth_yearly": 52.38
        },
        "20131": {
            "year_quarter": 20131,
            "year": 2013,
            "quarter": 1,
            "eps": 0.32,
            "eps_growth_year": -5.88,
            "eps_4q": 1.18,
            "eps_4q_growth_year": -12.7,
            "roe": 2.23,
            "roe_4q": 8.36,
            "gross_profit": null,
            "gross_margin": null,
            "gross_margin_4q_avg": 0,
            "net_income": 2349219,
            "net_income_4q": null,
            "revenue": 5655450,
            "revenue_4q": null,
            "common_shares": 72421114,
            "book_valuer_per_share": 14.8,
            "book_valuer_per_share_4q_avg": 14.56,
            "equity": 107162602,
            "current_ratio": null,
            "debt_ratio": 93.36,
            "inventory_turnover_ratio": null,
            "account_receivable_turnover_ratio": 3.27,
            "reinvestment_rate": -1.59,
            "research_to_sale_ratio": 0.01,
            "price_fair": 45.03,
            "eps_avg_yearly": 1.29,
            "eps_latest_yearly": 1.28,
            "eps_growth_yearly": 96.74
        },
        "20132": {
            "year_quarter": 20132,
            "year": 2013,
            "quarter": 2,
            "eps": 0.31,
            "eps_growth_year": -15.33,
            "eps_4q": 1.07,
            "eps_4q_growth_year": -7.1,
            "roe": 2.2,
            "roe_4q": 7.9,
            "gross_profit": null,
            "gross_margin": null,
            "gross_margin_4q_avg": 0,
            "net_income": 2375234,
            "net_income_4q": null,
            "revenue": 6298248,
            "revenue_4q": null,
            "common_shares": 72421114,
            "book_valuer_per_share": 14.99,
            "book_valuer_per_share_4q_avg": 14.59,
            "equity": 108590535,
            "current_ratio": null,
            "debt_ratio": 93.48,
            "inventory_turnover_ratio": null,
            "account_receivable_turnover_ratio": 3.44,
            "reinvestment_rate": -1.28,
            "research_to_sale_ratio": 0.03,
            "price_fair": 44.91,
            "eps_avg_yearly": 1.28,
            "eps_latest_yearly": 1.24,
            "eps_growth_yearly": 88.33
        },
        "20133": {
            "year_quarter": 20133,
            "year": 2013,
            "quarter": 3,
            "eps": 0.3,
            "eps_growth_year": -16.65,
            "eps_4q": 1.03,
            "eps_4q_growth_year": -15.75,
            "roe": 2.12,
            "roe_4q": 7.460000000000001,
            "gross_profit": null,
            "gross_margin": null,
            "gross_margin_4q_avg": 0,
            "net_income": 2325349,
            "net_income_4q": null,
            "revenue": 6032718,
            "revenue_4q": null,
            "common_shares": 77490592,
            "book_valuer_per_share": 14.26,
            "book_valuer_per_share_4q_avg": 14.6,
            "equity": 110510419,
            "current_ratio": null,
            "debt_ratio": 93.35,
            "inventory_turnover_ratio": null,
            "account_receivable_turnover_ratio": 3.27,
            "reinvestment_rate": -0.94,
            "research_to_sale_ratio": 0.01,
            "price_fair": 44.7,
            "eps_avg_yearly": 1.28,
            "eps_latest_yearly": 1.2,
            "eps_growth_yearly": 81.1
        },
        "20134": {
            "year_quarter": 20134,
            "year": 2013,
            "quarter": 4,
            "eps": 0.23,
            "eps_growth_year": 76,
            "eps_4q": 1.14,
            "eps_4q_growth_year": -2.71,
            "roe": 1.59,
            "roe_4q": 8.14,
            "gross_profit": null,
            "gross_margin": null,
            "gross_margin_4q_avg": 0,
            "net_income": 1768447,
            "net_income_4q": null,
            "revenue": 5836793,
            "revenue_4q": null,
            "common_shares": 77490592,
            "book_valuer_per_share": 14.51,
            "book_valuer_per_share_4q_avg": 14.64,
            "equity": 112403330,
            "current_ratio": null,
            "debt_ratio": 93.39,
            "inventory_turnover_ratio": null,
            "account_receivable_turnover_ratio": 5.1,
            "reinvestment_rate": -0.9,
            "research_to_sale_ratio": 0.05,
            "price_fair": 43.87,
            "eps_avg_yearly": 1.25,
            "eps_latest_yearly": 0.92,
            "eps_growth_yearly": 69.47
        },
        "20141": {
            "year_quarter": 20141,
            "year": 2014,
            "quarter": 1,
            "eps": 0.4,
            "eps_growth_year": 25,
            "eps_4q": 1.23,
            "eps_4q_growth_year": 4.64,
            "roe": 2.72,
            "roe_4q": 8.63,
            "gross_profit": null,
            "gross_margin": null,
            "gross_margin_4q_avg": 0,
            "net_income": 3100347,
            "net_income_4q": null,
            "revenue": 6220401,
            "revenue_4q": null,
            "common_shares": 77490592,
            "book_valuer_per_share": 14.93,
            "book_valuer_per_share_4q_avg": 14.67,
            "equity": 115674462,
            "current_ratio": null,
            "debt_ratio": 93.39,
            "inventory_turnover_ratio": null,
            "account_receivable_turnover_ratio": 5.3,
            "reinvestment_rate": -0.23,
            "research_to_sale_ratio": 0.01,
            "price_fair": 44.63,
            "eps_avg_yearly": 1.28,
            "eps_latest_yearly": 1.6,
            "eps_growth_yearly": 83.61
        },
        "20142": {
            "year_quarter": 20142,
            "year": 2014,
            "quarter": 2,
            "eps": 0.36,
            "eps_growth_year": 16.13,
            "eps_4q": 1.27,
            "eps_4q_growth_year": 19.28,
            "roe": 2.5,
            "roe_4q": 8.93,
            "gross_profit": null,
            "gross_margin": null,
            "gross_margin_4q_avg": 0,
            "net_income": 2867876,
            "net_income_4q": null,
            "revenue": 6481137,
            "revenue_4q": null,
            "common_shares": 77490592,
            "book_valuer_per_share": 14.68,
            "book_valuer_per_share_4q_avg": 14.6,
            "equity": 113763952,
            "current_ratio": null,
            "debt_ratio": 93.53,
            "inventory_turnover_ratio": null,
            "account_receivable_turnover_ratio": 4.72,
            "reinvestment_rate": -0.24,
            "research_to_sale_ratio": 0.03,
            "price_fair": 46.81,
            "eps_avg_yearly": 1.34,
            "eps_latest_yearly": 1.44,
            "eps_growth_yearly": 96.63
        },
        "20143": {
            "year_quarter": 20143,
            "year": 2014,
            "quarter": 3,
            "eps": 0.4,
            "eps_growth_year": 33.33,
            "eps_4q": 1.38,
            "eps_4q_growth_year": 33.54,
            "roe": 2.73,
            "roe_4q": 9.540000000000001,
            "gross_profit": null,
            "gross_margin": null,
            "gross_margin_4q_avg": 0,
            "net_income": 3145325,
            "net_income_4q": null,
            "revenue": 7197944,
            "revenue_4q": null,
            "common_shares": 79040404,
            "book_valuer_per_share": 14.79,
            "book_valuer_per_share_4q_avg": 14.73,
            "equity": 116902581,
            "current_ratio": null,
            "debt_ratio": 93.43,
            "inventory_turnover_ratio": null,
            "account_receivable_turnover_ratio": 5.2,
            "reinvestment_rate": -0.48,
            "research_to_sale_ratio": 0.01,
            "price_fair": 47.6,
            "eps_avg_yearly": 1.36,
            "eps_latest_yearly": 1.6,
            "eps_growth_yearly": 53.95
        },
        "20144": {
            "year_quarter": 20144,
            "year": 2014,
            "quarter": 4,
            "eps": 0.23,
            "eps_growth_year": -1.12,
            "eps_4q": 1.38,
            "eps_4q_growth_year": 21.15,
            "roe": 1.51,
            "roe_4q": 9.46,
            "gross_profit": null,
            "gross_margin": null,
            "gross_margin_4q_avg": 0,
            "net_income": 1783632,
            "net_income_4q": null,
            "revenue": 6664014,
            "revenue_4q": null,
            "common_shares": 79040404,
            "book_valuer_per_share": 15.09,
            "book_valuer_per_share_4q_avg": 14.87,
            "equity": 119241101,
            "current_ratio": null,
            "debt_ratio": 93.43,
            "inventory_turnover_ratio": null,
            "account_receivable_turnover_ratio": 4.61,
            "reinvestment_rate": 0.12,
            "research_to_sale_ratio": 0.02,
            "price_fair": 43.48,
            "eps_avg_yearly": 1.28,
            "eps_latest_yearly": 0.92,
            "eps_growth_yearly": 23.97
        },
        "20151": {
            "year_quarter": 20151,
            "year": 2015,
            "quarter": 1,
            "eps": 0.36,
            "eps_growth_year": -10,
            "eps_4q": 1.35,
            "eps_4q_growth_year": 9.41,
            "roe": 2.39,
            "roe_4q": 9.13,
            "gross_profit": null,
            "gross_margin": null,
            "gross_margin_4q_avg": 0,
            "net_income": 2882057,
            "net_income_4q": null,
            "revenue": 6794143,
            "revenue_4q": null,
            "common_shares": 79040404,
            "book_valuer_per_share": 15.44,
            "book_valuer_per_share_4q_avg": 15,
            "equity": 122019114,
            "current_ratio": null,
            "debt_ratio": 93.33,
            "inventory_turnover_ratio": null,
            "account_receivable_turnover_ratio": 3.32,
            "reinvestment_rate": 0.4,
            "research_to_sale_ratio": 0.01,
            "price_fair": 44.89,
            "eps_avg_yearly": 1.28,
            "eps_latest_yearly": 1.44,
            "eps_growth_yearly": 47.19
        },
        "20152": {
            "year_quarter": 20152,
            "year": 2015,
            "quarter": 2,
            "eps": 0.36,
            "eps_growth_year": 0,
            "eps_4q": 1.28,
            "eps_4q_growth_year": 0.92,
            "roe": 2.49,
            "roe_4q": 9.120000000000001,
            "gross_profit": null,
            "gross_margin": null,
            "gross_margin_4q_avg": 0,
            "net_income": 3054741,
            "net_income_4q": null,
            "revenue": 6949415,
            "revenue_4q": null,
            "common_shares": 79040404,
            "book_valuer_per_share": 15.64,
            "book_valuer_per_share_4q_avg": 15.24,
            "equity": 123583620,
            "current_ratio": null,
            "debt_ratio": 93.27,
            "inventory_turnover_ratio": null,
            "account_receivable_turnover_ratio": 2.69,
            "reinvestment_rate": -1.42,
            "research_to_sale_ratio": 0.04,
            "price_fair": 43.58,
            "eps_avg_yearly": 1.25,
            "eps_latest_yearly": 1.44,
            "eps_growth_yearly": 35.76
        },
        "20153": {
            "year_quarter": 20153,
            "year": 2015,
            "quarter": 3,
            "eps": 0.39,
            "eps_growth_year": -2.5,
            "eps_4q": 1.3,
            "eps_4q_growth_year": -5.68,
            "roe": 2.6,
            "roe_4q": 8.99,
            "gross_profit": null,
            "gross_margin": null,
            "gross_margin_4q_avg": 0,
            "net_income": 3261564,
            "net_income_4q": null,
            "revenue": 7787534,
            "revenue_4q": null,
            "common_shares": 84573232,
            "book_valuer_per_share": 15.04,
            "book_valuer_per_share_4q_avg": 15.3,
            "equity": 127239779,
            "current_ratio": null,
            "debt_ratio": 93.32,
            "inventory_turnover_ratio": null,
            "account_receivable_turnover_ratio": 3.1,
            "reinvestment_rate": -2.91,
            "research_to_sale_ratio": 0.01,
            "price_fair": 44.28,
            "eps_avg_yearly": 1.27,
            "eps_latest_yearly": 1.56,
            "eps_growth_yearly": 47.65
        },
        "20154": {
            "year_quarter": 20154,
            "year": 2015,
            "quarter": 4,
            "eps": 0.29,
            "eps_growth_year": 28.11,
            "eps_4q": 1.38,
            "eps_4q_growth_year": -0.14,
            "roe": 1.9,
            "roe_4q": 9.38,
            "gross_profit": null,
            "gross_margin": null,
            "gross_margin_4q_avg": 0,
            "net_income": 2444976,
            "net_income_4q": null,
            "revenue": 8138767,
            "revenue_4q": null,
            "common_shares": 84573232,
            "book_valuer_per_share": 15.31,
            "book_valuer_per_share_4q_avg": 15.36,
            "equity": 129474959,
            "current_ratio": null,
            "debt_ratio": 93.21,
            "inventory_turnover_ratio": null,
            "account_receivable_turnover_ratio": 4.25,
            "reinvestment_rate": -4.13,
            "research_to_sale_ratio": 0.03,
            "price_fair": 45.06,
            "eps_avg_yearly": 1.29,
            "eps_latest_yearly": 1.16,
            "eps_growth_yearly": 50.11
        },
        "20161": {
            "year_quarter": 20161,
            "year": 2016,
            "quarter": 1,
            "eps": 0.4,
            "eps_growth_year": 11.11,
            "eps_4q": 1.44,
            "eps_4q_growth_year": 6.38,
            "roe": 2.58,
            "roe_4q": 9.57,
            "gross_profit": null,
            "gross_margin": null,
            "gross_margin_4q_avg": 0,
            "net_income": 3394114,
            "net_income_4q": null,
            "revenue": 7646646,
            "revenue_4q": null,
            "common_shares": 84573232,
            "book_valuer_per_share": 15.74,
            "book_valuer_per_share_4q_avg": 15.43,
            "equity": 133130477,
            "current_ratio": null,
            "debt_ratio": 93.17,
            "inventory_turnover_ratio": null,
            "account_receivable_turnover_ratio": 5.55,
            "reinvestment_rate": -6.01,
            "research_to_sale_ratio": 0,
            "price_fair": 45.59,
            "eps_avg_yearly": 1.3,
            "eps_latest_yearly": 1.6,
            "eps_growth_yearly": 42.09
        },
        "20162": {
            "year_quarter": 20162,
            "year": 2016,
            "quarter": 2,
            "eps": 0.3,
            "eps_growth_year": -16.67,
            "eps_4q": 1.31,
            "eps_4q_growth_year": 2.25,
            "roe": 2.01,
            "roe_4q": 9.09,
            "gross_profit": null,
            "gross_margin": null,
            "gross_margin_4q_avg": 0,
            "net_income": 2675852,
            "net_income_4q": null,
            "revenue": 7653585,
            "revenue_4q": null,
            "common_shares": 84573232,
            "book_valuer_per_share": 15.72,
            "book_valuer_per_share_4q_avg": 15.45,
            "equity": 132972980,
            "current_ratio": null,
            "debt_ratio": 93.07,
            "inventory_turnover_ratio": null,
            "account_receivable_turnover_ratio": 4.26,
            "reinvestment_rate": -5.77,
            "research_to_sale_ratio": 0.04,
            "price_fair": 44.98,
            "eps_avg_yearly": 1.29,
            "eps_latest_yearly": 1.2,
            "eps_growth_yearly": 33.64
        },
        "20163": {
            "year_quarter": 20163,
            "year": 2016,
            "quarter": 3,
            "eps": 0.36,
            "eps_growth_year": -7.69,
            "eps_4q": 1.31,
            "eps_4q_growth_year": 1.03,
            "roe": 2.41,
            "roe_4q": 8.9,
            "gross_profit": null,
            "gross_margin": null,
            "gross_margin_4q_avg": 0,
            "net_income": 3245729,
            "net_income_4q": null,
            "revenue": 7907912,
            "revenue_4q": null,
            "common_shares": 89647626,
            "book_valuer_per_share": 15.16,
            "book_valuer_per_share_4q_avg": 15.48,
            "equity": 135930244,
            "current_ratio": null,
            "debt_ratio": 93,
            "inventory_turnover_ratio": null,
            "account_receivable_turnover_ratio": 4.94,
            "reinvestment_rate": -8.73,
            "research_to_sale_ratio": 0,
            "price_fair": 44.98,
            "eps_avg_yearly": 1.29,
            "eps_latest_yearly": 1.44,
            "eps_growth_yearly": 39.31
        },
        "20164": {
            "year_quarter": 20164,
            "year": 2016,
            "quarter": 4,
            "eps": 0.31,
            "eps_growth_year": 6.89,
            "eps_4q": 1.35,
            "eps_4q_growth_year": -2.07,
            "roe": 2.03,
            "roe_4q": 9.03,
            "gross_profit": null,
            "gross_margin": null,
            "gross_margin_4q_avg": 0,
            "net_income": 2770276,
            "net_income_4q": null,
            "revenue": 7801187,
            "revenue_4q": null,
            "common_shares": 89647626,
            "book_valuer_per_share": 15.34,
            "book_valuer_per_share_4q_avg": 15.49,
            "equity": 137523525,
            "current_ratio": null,
            "debt_ratio": 93.14,
            "inventory_turnover_ratio": null,
            "account_receivable_turnover_ratio": 7.01,
            "reinvestment_rate": -8.28,
            "research_to_sale_ratio": 0.02,
            "price_fair": 46.55,
            "eps_avg_yearly": 1.33,
            "eps_latest_yearly": 1.24,
            "eps_growth_yearly": 51.81
        },
        "20171": {
            "year_quarter": 20171,
            "year": 2017,
            "quarter": 1,
            "eps": 0.32,
            "eps_growth_year": -20,
            "eps_4q": 1.29,
            "eps_4q_growth_year": -10.29,
            "roe": 2.07,
            "roe_4q": 8.52,
            "gross_profit": null,
            "gross_margin": null,
            "gross_margin_4q_avg": 0,
            "net_income": 2866738,
            "net_income_4q": null,
            "revenue": 7451433,
            "revenue_4q": null,
            "common_shares": 89647626,
            "book_valuer_per_share": 15.57,
            "book_valuer_per_share_4q_avg": 15.45,
            "equity": 139595059,
            "current_ratio": null,
            "debt_ratio": 92.94,
            "inventory_turnover_ratio": null,
            "account_receivable_turnover_ratio": 4.6,
            "reinvestment_rate": -7.67,
            "research_to_sale_ratio": 0,
            "price_fair": 34.69,
            "eps_avg_yearly": 1.33,
            "eps_latest_yearly": 1.28,
            "eps_growth_yearly": 16.08
        },
        "20172": {
            "year_quarter": 20172,
            "year": 2017,
            "quarter": 2,
            "eps": 0.33,
            "eps_growth_year": 10,
            "eps_4q": 1.27,
            "eps_4q_growth_year": -3.18,
            "roe": 2.21,
            "roe_4q": 8.719999999999999,
            "gross_profit": null,
            "gross_margin": null,
            "gross_margin_4q_avg": 0,
            "net_income": 3089265,
            "net_income_4q": null,
            "revenue": 7677513,
            "revenue_4q": null,
            "common_shares": 89647626,
            "book_valuer_per_share": 15.57,
            "book_valuer_per_share_4q_avg": 15.41,
            "equity": 139537063,
            "current_ratio": null,
            "debt_ratio": 92.97,
            "inventory_turnover_ratio": null,
            "account_receivable_turnover_ratio": 3.97,
            "reinvestment_rate": -7.45,
            "research_to_sale_ratio": 0.03,
            "price_fair": 36.9,
            "eps_avg_yearly": 1.34,
            "eps_latest_yearly": 1.32,
            "eps_growth_yearly": 17.64
        },
        "20173": {
            "year_quarter": 20173,
            "year": 2017,
            "quarter": 3,
            "eps": 0.36,
            "eps_growth_year": 0,
            "eps_4q": 1.29,
            "eps_4q_growth_year": -1.81,
            "roe": 2.41,
            "roe_4q": 8.719999999999999,
            "gross_profit": null,
            "gross_margin": null,
            "gross_margin_4q_avg": 0,
            "net_income": 3398515,
            "net_income_4q": null,
            "revenue": 7860022,
            "revenue_4q": null,
            "common_shares": 94130007,
            "book_valuer_per_share": 15.2,
            "book_valuer_per_share_4q_avg": 15.42,
            "equity": 143052874,
            "current_ratio": null,
            "debt_ratio": 92.94,
            "inventory_turnover_ratio": null,
            "account_receivable_turnover_ratio": 4.29,
            "reinvestment_rate": -7.29,
            "research_to_sale_ratio": 0,
            "price_fair": 41.47,
            "eps_avg_yearly": 1.35,
            "eps_latest_yearly": 1.44,
            "eps_growth_yearly": 20.72
        },
        "20174": {
            "year_quarter": 20174,
            "year": 2017,
            "quarter": 4,
            "eps": 0.29,
            "eps_growth_year": -5.85,
            "eps_4q": 1.28,
            "eps_4q_growth_year": -4.71,
            "roe": 1.9,
            "roe_4q": 8.59,
            "gross_profit": null,
            "gross_margin": null,
            "gross_margin_4q_avg": 0,
            "net_income": 2738586,
            "net_income_4q": null,
            "revenue": 7807751,
            "revenue_4q": null,
            "common_shares": 94130007,
            "book_valuer_per_share": 15.4,
            "book_valuer_per_share_4q_avg": 15.44,
            "equity": 144947564,
            "current_ratio": null,
            "debt_ratio": 92.88,
            "inventory_turnover_ratio": null,
            "account_receivable_turnover_ratio": 4.96,
            "reinvestment_rate": -7.05,
            "research_to_sale_ratio": 0.03,
            "price_fair": 43.26,
            "eps_avg_yearly": 1.37,
            "eps_latest_yearly": 1.16,
            "eps_growth_yearly": 21.69
        },
        "20181": {
            "year_quarter": 20181,
            "year": 2018,
            "quarter": 1,
            "eps": 0.36,
            "eps_growth_year": 12.5,
            "eps_4q": 1.34,
            "eps_4q_growth_year": 4.27,
            "roe": 2.31,
            "roe_4q": 8.83,
            "gross_profit": null,
            "gross_margin": null,
            "gross_margin_4q_avg": 0,
            "net_income": 3428698,
            "net_income_4q": null,
            "revenue": 7822865,
            "revenue_4q": null,
            "common_shares": 94130007,
            "book_valuer_per_share": 16.08,
            "book_valuer_per_share_4q_avg": 15.56,
            "equity": 151406972,
            "current_ratio": null,
            "debt_ratio": 92.67,
            "inventory_turnover_ratio": null,
            "account_receivable_turnover_ratio": 6.09,
            "reinvestment_rate": -7.25,
            "research_to_sale_ratio": 0.01,
            "price_fair": 26.08,
            "eps_avg_yearly": 1.36,
            "eps_latest_yearly": 1.44,
            "eps_growth_yearly": 9.25
        },
        "20182": {
            "year_quarter": 20182,
            "year": 2018,
            "quarter": 2,
            "eps": 0.32,
            "eps_growth_year": -3.03,
            "eps_4q": 1.3,
            "eps_4q_growth_year": 2.02,
            "roe": 2.08,
            "roe_4q": 8.700000000000001,
            "gross_profit": null,
            "gross_margin": null,
            "gross_margin_4q_avg": 0,
            "net_income": 3136215,
            "net_income_4q": null,
            "revenue": 8588963,
            "revenue_4q": null,
            "common_shares": 94130007,
            "book_valuer_per_share": 16.03,
            "book_valuer_per_share_4q_avg": 15.68,
            "equity": 150858643,
            "current_ratio": null,
            "debt_ratio": 92.8,
            "inventory_turnover_ratio": null,
            "account_receivable_turnover_ratio": 7.26,
            "reinvestment_rate": -6.99,
            "research_to_sale_ratio": 0.02,
            "price_fair": 25.52,
            "eps_avg_yearly": 1.35,
            "eps_latest_yearly": 1.28,
            "eps_growth_yearly": 8.97
        },
        "20183": {
            "year_quarter": 20183,
            "year": 2018,
            "quarter": 3,
            "eps": 0.35,
            "eps_growth_year": -2.78,
            "eps_4q": 1.3,
            "eps_4q_growth_year": 0.77,
            "roe": 2.23,
            "roe_4q": 8.520000000000001,
            "gross_profit": null,
            "gross_margin": null,
            "gross_margin_4q_avg": 0,
            "net_income": 3403212,
            "net_income_4q": null,
            "revenue": 8274499,
            "revenue_4q": null,
            "common_shares": 97895207,
            "book_valuer_per_share": 15.79,
            "book_valuer_per_share_4q_avg": 15.83,
            "equity": 154602717,
            "current_ratio": null,
            "debt_ratio": 92.58,
            "inventory_turnover_ratio": null,
            "account_receivable_turnover_ratio": 3.32,
            "reinvestment_rate": -6.62,
            "research_to_sale_ratio": 0.01,
            "price_fair": 24.7,
            "eps_avg_yearly": 1.33,
            "eps_latest_yearly": 1.4,
            "eps_growth_yearly": 8.54
        },
        "20184": {
            "year_quarter": 20184,
            "year": 2018,
            "quarter": 4,
            "eps": 0.27,
            "eps_growth_year": -5.96,
            "eps_4q": 1.29,
            "eps_4q_growth_year": 0.55,
            "roe": 1.72,
            "roe_4q": 8.34,
            "gross_profit": null,
            "gross_margin": null,
            "gross_margin_4q_avg": 0,
            "net_income": 2678409,
            "net_income_4q": null,
            "revenue": 8421861,
            "revenue_4q": null,
            "common_shares": 97895207,
            "book_valuer_per_share": 15.99,
            "book_valuer_per_share_4q_avg": 15.97,
            "equity": 156561631,
            "current_ratio": null,
            "debt_ratio": 92.48,
            "inventory_turnover_ratio": null,
            "account_receivable_turnover_ratio": 2.95,
            "reinvestment_rate": -5.68,
            "research_to_sale_ratio": 0.01,
            "price_fair": 31.48,
            "eps_avg_yearly": 1.34,
            "eps_latest_yearly": 1.08,
            "eps_growth_yearly": 13.45
        },
        "20191": {
            "year_quarter": 20191,
            "year": 2019,
            "quarter": 1,
            "eps": 0.32,
            "eps_growth_year": -11.11,
            "eps_4q": 1.26,
            "eps_4q_growth_year": -6.13,
            "roe": 1.98,
            "roe_4q": 8.01,
            "gross_profit": null,
            "gross_margin": null,
            "gross_margin_4q_avg": 0,
            "net_income": 3136281,
            "net_income_4q": null,
            "revenue": 8052747,
            "revenue_4q": null,
            "common_shares": 97895207,
            "book_valuer_per_share": 16.43,
            "book_valuer_per_share_4q_avg": 16.06,
            "equity": 160802393,
            "current_ratio": null,
            "debt_ratio": 92.29,
            "inventory_turnover_ratio": null,
            "account_receivable_turnover_ratio": 5.07,
            "reinvestment_rate": -5.58,
            "research_to_sale_ratio": 0,
            "price_fair": 18.59,
            "eps_avg_yearly": 1.33,
            "eps_latest_yearly": 1.28,
            "eps_growth_yearly": 3.95
        },
        "20192": {
            "year_quarter": 20192,
            "year": 2019,
            "quarter": 2,
            "eps": 0.29,
            "eps_growth_year": -9.38,
            "eps_4q": 1.21,
            "eps_4q_growth_year": -6.76,
            "roe": 1.79,
            "roe_4q": 7.720000000000001,
            "gross_profit": null,
            "gross_margin": null,
            "gross_margin_4q_avg": 0,
            "net_income": 2862782,
            "net_income_4q": null,
            "revenue": 7945988,
            "revenue_4q": null,
            "common_shares": 97895207,
            "book_valuer_per_share": 16.17,
            "book_valuer_per_share_4q_avg": 16.1,
            "equity": 158271143,
            "current_ratio": null,
            "debt_ratio": 92.55,
            "inventory_turnover_ratio": null,
            "account_receivable_turnover_ratio": 6.4,
            "reinvestment_rate": -4.52,
            "research_to_sale_ratio": 0.03,
            "price_fair": 15.26,
            "eps_avg_yearly": 1.32,
            "eps_latest_yearly": 1.16,
            "eps_growth_yearly": 1.6
        },
        "20193": {
            "year_quarter": 20193,
            "year": 2019,
            "quarter": 3,
            "eps": 0.3,
            "eps_growth_year": -14.29,
            "eps_4q": 1.17,
            "eps_4q_growth_year": -10.03,
            "roe": 1.88,
            "roe_4q": 7.37,
            "gross_profit": null,
            "gross_margin": null,
            "gross_margin_4q_avg": 0,
            "net_income": 2983357,
            "net_income_4q": null,
            "revenue": 8414503,
            "revenue_4q": null,
            "common_shares": 99853111,
            "book_valuer_per_share": 16.01,
            "book_valuer_per_share_4q_avg": 16.15,
            "equity": 159912506,
            "current_ratio": null,
            "debt_ratio": 92.49,
            "inventory_turnover_ratio": null,
            "account_receivable_turnover_ratio": 1.48,
            "reinvestment_rate": -3.3,
            "research_to_sale_ratio": 0.01,
            "price_fair": 12.93,
            "eps_avg_yearly": 1.29,
            "eps_latest_yearly": 1.2,
            "eps_growth_yearly": 0.38
        },
        "20194": {
            "year_quarter": 20194,
            "year": 2019,
            "quarter": 4,
            "eps": 0.26,
            "eps_growth_year": -5.22,
            "eps_4q": 1.16,
            "eps_4q_growth_year": -10.29,
            "roe": 1.61,
            "roe_4q": 7.26,
            "gross_profit": null,
            "gross_margin": null,
            "gross_margin_4q_avg": 0,
            "net_income": 2589362,
            "net_income_4q": null,
            "revenue": 7665115,
            "revenue_4q": null,
            "common_shares": 99853111,
            "book_valuer_per_share": 16.25,
            "book_valuer_per_share_4q_avg": 16.22,
            "equity": 162237195,
            "current_ratio": null,
            "debt_ratio": 92.4,
            "inventory_turnover_ratio": null,
            "account_receivable_turnover_ratio": 1.36,
            "reinvestment_rate": -3.13,
            "research_to_sale_ratio": 0.02,
            "price_fair": 17.3,
            "eps_avg_yearly": 1.29,
            "eps_latest_yearly": 1.04,
            "eps_growth_yearly": 3.46
        },
        "20201": {
            "year_quarter": 20201,
            "year": 2020,
            "quarter": 1,
            "eps": 0.25,
            "eps_growth_year": -21.88,
            "eps_4q": 1.09,
            "eps_4q_growth_year": -13.28,
            "roe": 1.54,
            "roe_4q": 6.82,
            "gross_profit": null,
            "gross_margin": null,
            "gross_margin_4q_avg": 0,
            "net_income": 2492784,
            "net_income_4q": null,
            "revenue": 7454312,
            "revenue_4q": null,
            "common_shares": 99853111,
            "book_valuer_per_share": 16.24,
            "book_valuer_per_share_4q_avg": 16.17,
            "equity": 162141275,
            "current_ratio": null,
            "debt_ratio": 92.61,
            "inventory_turnover_ratio": null,
            "account_receivable_turnover_ratio": 7.12,
            "reinvestment_rate": -3.1,
            "research_to_sale_ratio": 0,
            "price_fair": 3.74,
            "eps_avg_yearly": 1.25,
            "eps_latest_yearly": 1,
            "eps_growth_yearly": -6.98
        },
        "20202": {
            "year_quarter": 20202,
            "year": 2020,
            "quarter": 2,
            "eps": 0.17,
            "eps_growth_year": -41.38,
            "eps_4q": 0.95,
            "eps_4q_growth_year": -21.85,
            "roe": 1.08,
            "roe_4q": 6.11,
            "gross_profit": null,
            "gross_margin": null,
            "gross_margin_4q_avg": 0,
            "net_income": 1752994,
            "net_income_4q": null,
            "revenue": 7032372,
            "revenue_4q": null,
            "common_shares": 99853111,
            "book_valuer_per_share": 16.23,
            "book_valuer_per_share_4q_avg": 16.18,
            "equity": 162081029,
            "current_ratio": null,
            "debt_ratio": 92.66,
            "inventory_turnover_ratio": null,
            "account_receivable_turnover_ratio": 4.65,
            "reinvestment_rate": -2.95,
            "research_to_sale_ratio": 0.03,
            "price_fair": 3.65,
            "eps_avg_yearly": 1.22,
            "eps_latest_yearly": 0.68,
            "eps_growth_yearly": -8.73
        },
        "20203": {
            "year_quarter": 20203,
            "year": 2020,
            "quarter": 3,
            "eps": 0.14,
            "eps_growth_year": -53.33,
            "eps_4q": 0.79,
            "eps_4q_growth_year": -32.02,
            "roe": 0.87,
            "roe_4q": 5.1000000000000005,
            "gross_profit": null,
            "gross_margin": null,
            "gross_margin_4q_avg": 0,
            "net_income": 1408704,
            "net_income_4q": null,
            "revenue": 6487470,
            "revenue_4q": null,
            "common_shares": 103847236,
            "book_valuer_per_share": 15.75,
            "book_valuer_per_share_4q_avg": 16.12,
            "equity": 163583230,
            "current_ratio": null,
            "debt_ratio": 92.65,
            "inventory_turnover_ratio": null,
            "account_receivable_turnover_ratio": 4.15,
            "reinvestment_rate": -0.27,
            "research_to_sale_ratio": 0.01,
            "price_fair": 3.48,
            "eps_avg_yearly": 1.16,
            "eps_latest_yearly": 0.56,
            "eps_growth_yearly": -18.15
        },
        "20204": {
            "year_quarter": 20204,
            "year": 2020,
            "quarter": 4,
            "eps": 0.13,
            "eps_growth_year": -48.52,
            "eps_4q": 0.68,
            "eps_4q_growth_year": -41.49,
            "roe": 0.84,
            "roe_4q": 4.33,
            "gross_profit": null,
            "gross_margin": null,
            "gross_margin_4q_avg": 0,
            "net_income": 1386445,
            "net_income_4q": null,
            "revenue": 6342938,
            "revenue_4q": null,
            "common_shares": 103847236,
            "book_valuer_per_share": 15.89,
            "book_valuer_per_share_4q_avg": 16.03,
            "equity": 165053790,
            "current_ratio": null,
            "debt_ratio": 92.87,
            "inventory_turnover_ratio": null,
            "account_receivable_turnover_ratio": 6.14,
            "reinvestment_rate": 0.25,
            "research_to_sale_ratio": 0.01,
            "price_fair": 3.35,
            "eps_avg_yearly": 1.12,
            "eps_latest_yearly": 0.52,
            "eps_growth_yearly": -16.46
        },
        "20211": {
            "year_quarter": 20211,
            "year": 2021,
            "quarter": 1,
            "eps": 0.19,
            "eps_growth_year": -24,
            "eps_4q": 0.63,
            "eps_4q_growth_year": -42.86,
            "roe": 1.17,
            "roe_4q": 3.96,
            "gross_profit": null,
            "gross_margin": null,
            "gross_margin_4q_avg": 0,
            "net_income": 1945905,
            "net_income_4q": null,
            "revenue": 6894953,
            "revenue_4q": null,
            "common_shares": 103847236,
            "book_valuer_per_share": 16.12,
            "book_valuer_per_share_4q_avg": 16,
            "equity": 167416868,
            "current_ratio": null,
            "debt_ratio": 93.05,
            "inventory_turnover_ratio": null,
            "account_receivable_turnover_ratio": 6.46,
            "reinvestment_rate": 0.32,
            "research_to_sale_ratio": 0,
            "price_fair": 3.25,
            "eps_avg_yearly": 1.08,
            "eps_latest_yearly": 0.76,
            "eps_growth_yearly": -5.73
        },
        "20212": {
            "year_quarter": 20212,
            "year": 2021,
            "quarter": 2,
            "eps": 0.21,
            "eps_growth_year": 23.53,
            "eps_4q": 0.67,
            "eps_4q_growth_year": -29.09,
            "roe": 1.32,
            "roe_4q": 4.2,
            "gross_profit": null,
            "gross_margin": null,
            "gross_margin_4q_avg": 0,
            "net_income": 2221545,
            "net_income_4q": null,
            "revenue": 6990407,
            "revenue_4q": null,
            "common_shares": 103847236,
            "book_valuer_per_share": 16.35,
            "book_valuer_per_share_4q_avg": 16.03,
            "equity": 169816350,
            "current_ratio": null,
            "debt_ratio": 92.98,
            "inventory_turnover_ratio": null,
            "account_receivable_turnover_ratio": 4.47,
            "reinvestment_rate": 0.3,
            "research_to_sale_ratio": 0,
            "price_fair": 3.16,
            "eps_avg_yearly": 1.05,
            "eps_latest_yearly": 0.84,
            "eps_growth_yearly": -3.88
        },
        "20213": {
            "year_quarter": 20213,
            "year": 2021,
            "quarter": 3,
            "eps": 0.25,
            "eps_growth_year": 78.57,
            "eps_4q": 0.78,
            "eps_4q_growth_year": -1.99,
            "roe": 1.54,
            "roe_4q": 4.87,
            "gross_profit": null,
            "gross_margin": null,
            "gross_margin_4q_avg": 0,
            "net_income": 2607025,
            "net_income_4q": null,
            "revenue": 7756895,
            "revenue_4q": null,
            "common_shares": 104885708,
            "book_valuer_per_share": 16.04,
            "book_valuer_per_share_4q_avg": 16.1,
            "equity": 168247252,
            "current_ratio": null,
            "debt_ratio": 93.1,
            "inventory_turnover_ratio": null,
            "account_receivable_turnover_ratio": 3.72,
            "reinvestment_rate": 0.51,
            "research_to_sale_ratio": 0.03,
            "price_fair": 3.08,
            "eps_avg_yearly": 1.03,
            "eps_latest_yearly": 1,
            "eps_growth_yearly": -1.39
        },
        "20214": {
            "year_quarter": 20214,
            "year": 2021,
            "quarter": 4,
            "eps": 0.19,
            "eps_growth_year": 44.92,
            "eps_4q": 0.84,
            "eps_4q_growth_year": 23.8,
            "roe": 1.19,
            "roe_4q": 5.22,
            "gross_profit": null,
            "gross_margin": null,
            "gross_margin_4q_avg": 0,
            "net_income": 2029328,
            "net_income_4q": null,
            "revenue": 7043703,
            "revenue_4q": null,
            "common_shares": 104885708,
            "book_valuer_per_share": 16.35,
            "book_valuer_per_share_4q_avg": 16.22,
            "equity": 171452455,
            "current_ratio": null,
            "debt_ratio": 93.28,
            "inventory_turnover_ratio": null,
            "account_receivable_turnover_ratio": 3.5,
            "reinvestment_rate": 0.85,
            "research_to_sale_ratio": 0.01,
            "price_fair": 3,
            "eps_avg_yearly": 1,
            "eps_latest_yearly": 0.76,
            "eps_growth_yearly": -2.53
        },
        "20221": {
            "year_quarter": 20221,
            "year": 2022,
            "quarter": 1,
            "eps": 0.23,
            "eps_growth_year": 21.05,
            "eps_4q": 0.88,
            "eps_4q_growth_year": 40.8,
            "roe": 1.38,
            "roe_4q": 5.43,
            "gross_profit": null,
            "gross_margin": null,
            "gross_margin_4q_avg": 0,
            "net_income": 2377142,
            "net_income_4q": null,
            "revenue": 7429690,
            "revenue_4q": null,
            "common_shares": 104885708,
            "book_valuer_per_share": 16.5,
            "book_valuer_per_share_4q_avg": 16.31,
            "equity": 173065279,
            "current_ratio": null,
            "debt_ratio": 93.45,
            "inventory_turnover_ratio": null,
            "account_receivable_turnover_ratio": 4.86,
            "reinvestment_rate": 1.26,
            "research_to_sale_ratio": 0,
            "price_fair": 2.9,
            "eps_avg_yearly": 0.97,
            "eps_latest_yearly": 0.92,
            "eps_growth_yearly": -3.3
        },
        "20222": {
            "year_quarter": 20222,
            "year": 2022,
            "quarter": 2,
            "eps": 0.28,
            "eps_growth_year": 33.33,
            "eps_4q": 0.94,
            "eps_4q_growth_year": 40.18,
            "roe": 1.74,
            "roe_4q": 5.8500000000000005,
            "gross_profit": null,
            "gross_margin": null,
            "gross_margin_4q_avg": 0,
            "net_income": 2942715,
            "net_income_4q": null,
            "revenue": 8532191,
            "revenue_4q": null,
            "common_shares": 104885708,
            "book_valuer_per_share": 15.8,
            "book_valuer_per_share_4q_avg": 16.17,
            "equity": 165766735,
            "current_ratio": null,
            "debt_ratio": 93.75,
            "inventory_turnover_ratio": null,
            "account_receivable_turnover_ratio": 5.82,
            "reinvestment_rate": 1.23,
            "research_to_sale_ratio": 0.02,
            "price_fair": 14.28,
            "eps_avg_yearly": 0.96,
            "eps_latest_yearly": 1.12,
            "eps_growth_yearly": 4.91
        },
        "20223": {
            "year_quarter": 20223,
            "year": 2022,
            "quarter": 3,
            "eps": 0.3,
            "eps_growth_year": 20,
            "eps_4q": 1,
            "eps_4q_growth_year": 27.99,
            "roe": 1.93,
            "roe_4q": 6.24,
            "gross_profit": null,
            "gross_margin": null,
            "gross_margin_4q_avg": 0,
            "net_income": 3200661,
            "net_income_4q": null,
            "revenue": 9176754,
            "revenue_4q": null,
            "common_shares": 105934566,
            "book_valuer_per_share": 15.73,
            "book_valuer_per_share_4q_avg": 16.1,
            "equity": 166678408,
            "current_ratio": null,
            "debt_ratio": 93.92,
            "inventory_turnover_ratio": null,
            "account_receivable_turnover_ratio": 2.47,
            "reinvestment_rate": 0.88,
            "research_to_sale_ratio": 0.01,
            "price_fair": 13.57,
            "eps_avg_yearly": 0.95,
            "eps_latest_yearly": 1.2,
            "eps_growth_yearly": 4.36
        },
        "20224": {
            "year_quarter": 20224,
            "year": 2022,
            "quarter": 4,
            "eps": 0.23,
            "eps_growth_year": 19.57,
            "eps_4q": 1.04,
            "eps_4q_growth_year": 23.38,
            "roe": 1.46,
            "roe_4q": 6.51,
            "gross_profit": null,
            "gross_margin": null,
            "gross_margin_4q_avg": 0,
            "net_income": 2450633,
            "net_income_4q": null,
            "revenue": 8999955,
            "revenue_4q": null,
            "common_shares": 105934566,
            "book_valuer_per_share": 15.96,
            "book_valuer_per_share_4q_avg": 16,
            "equity": 169028218,
            "current_ratio": null,
            "debt_ratio": 93.7,
            "inventory_turnover_ratio": null,
            "account_receivable_turnover_ratio": 2.71,
            "reinvestment_rate": -0.1,
            "research_to_sale_ratio": 0.01,
            "price_fair": 13.31,
            "eps_avg_yearly": 0.94,
            "eps_latest_yearly": 0.92,
            "eps_growth_yearly": 4.24
        },
        "20231": {
            "year_quarter": 20231,
            "year": 2023,
            "quarter": 1,
            "eps": 0.33,
            "eps_growth_year": 43.48,
            "eps_4q": 1.14,
            "eps_4q_growth_year": 29.15,
            "roe": 2.01,
            "roe_4q": 7.14,
            "gross_profit": null,
            "gross_margin": null,
            "gross_margin_4q_avg": 0,
            "net_income": 3451933,
            "net_income_4q": null,
            "revenue": 9781070,
            "revenue_4q": null,
            "common_shares": 105934566,
            "book_valuer_per_share": 16.5,
            "book_valuer_per_share_4q_avg": 16,
            "equity": 174816611,
            "current_ratio": null,
            "debt_ratio": 93.62,
            "inventory_turnover_ratio": null,
            "account_receivable_turnover_ratio": 9.2,
            "reinvestment_rate": -0.08,
            "research_to_sale_ratio": 0,
            "price_fair": 19.2,
            "eps_avg_yearly": 0.94,
            "eps_latest_yearly": 1.32,
            "eps_growth_yearly": 10.48
        },
        "20232": {
            "year_quarter": 20232,
            "year": 2023,
            "quarter": 2,
            "eps": 0.33,
            "eps_growth_year": 17.86,
            "eps_4q": 1.17,
            "eps_4q_growth_year": 24.07,
            "roe": 2.03,
            "roe_4q": 7.429999999999999,
            "gross_profit": null,
            "gross_margin": null,
            "gross_margin_4q_avg": 0,
            "net_income": 3558315,
            "net_income_4q": null,
            "revenue": 9935812,
            "revenue_4q": null,
            "common_shares": 105934566,
            "book_valuer_per_share": 16.59,
            "book_valuer_per_share_4q_avg": 16.2,
            "equity": 175729571,
            "current_ratio": null,
            "debt_ratio": 93.51,
            "inventory_turnover_ratio": null,
            "account_receivable_turnover_ratio": 5.57,
            "reinvestment_rate": 0.59,
            "research_to_sale_ratio": 0.02,
            "price_fair": 21.62,
            "eps_avg_yearly": 0.95,
            "eps_latest_yearly": 1.32,
            "eps_growth_yearly": 12.82
        },
        "20233": {
            "year_quarter": 20233,
            "year": 2023,
            "quarter": 3,
            "eps": 0.3,
            "eps_growth_year": 0,
            "eps_4q": 1.17,
            "eps_4q_growth_year": 17.33,
            "roe": 1.81,
            "roe_4q": 7.31,
            "gross_profit": null,
            "gross_margin": null,
            "gross_margin_4q_avg": 0,
            "net_income": 3226374,
            "net_income_4q": null,
            "revenue": 9654348,
            "revenue_4q": null,
            "common_shares": 108582930,
            "book_valuer_per_share": 16.66,
            "book_valuer_per_share_4q_avg": 16.43,
            "equity": 180914314,
            "current_ratio": null,
            "debt_ratio": 93.51,
            "inventory_turnover_ratio": null,
            "account_receivable_turnover_ratio": 6.65,
            "reinvestment_rate": 0.96,
            "research_to_sale_ratio": 0.01,
            "price_fair": 18.65,
            "eps_avg_yearly": 0.95,
            "eps_latest_yearly": 1.2,
            "eps_growth_yearly": 9.69
        }
    },
    "months": {
        "2001-06": {
            "month": "2001-06",
            "price": "16.74",
            "revenue": 5933332
        },
        "2001-07": {
            "month": "2001-07",
            "price": "13.53",
            "revenue": 5586422
        },
        "2001-08": {
            "month": "2001-08",
            "price": "13.10",
            "revenue": 5384774
        },
        "2001-09": {
            "month": "2001-09",
            "price": "12.53",
            "revenue": 4936464
        },
        "2001-10": {
            "month": "2001-10",
            "price": "12.43",
            "revenue": 4890713
        },
        "2001-11": {
            "month": "2001-11",
            "price": "12.48",
            "revenue": 4554681
        },
        "2001-12": {
            "month": "2001-12",
            "price": "14.05",
            "revenue": 4880076
        },
        "2002-01": {
            "month": "2002-01",
            "price": "14.20",
            "revenue": 4511336
        },
        "2002-02": {
            "month": "2002-02",
            "price": "13.51",
            "revenue": 4102308
        },
        "2002-03": {
            "month": "2002-03",
            "price": "13.62",
            "revenue": 4441274
        },
        "2002-04": {
            "month": "2002-04",
            "price": "18.13",
            "revenue": 4695814
        },
        "2002-05": {
            "month": "2002-05",
            "price": "17.45",
            "revenue": 4565954
        },
        "2002-06": {
            "month": "2002-06",
            "price": "17.98",
            "revenue": 4510907
        },
        "2002-07": {
            "month": "2002-07",
            "price": "16.30",
            "revenue": 4367863
        },
        "2002-08": {
            "month": "2002-08",
            "price": "14.78",
            "revenue": 4139816
        },
        "2002-09": {
            "month": "2002-09",
            "price": "12.61",
            "revenue": 4138155
        },
        "2002-10": {
            "month": "2002-10",
            "price": "12.57",
            "revenue": 4206067
        },
        "2002-11": {
            "month": "2002-11",
            "price": "15.36",
            "revenue": 3919116
        },
        "2002-12": {
            "month": "2002-12",
            "price": "16.85",
            "revenue": 3894120
        },
        "2003-01": {
            "month": "2003-01",
            "price": "18.00",
            "revenue": 4552880
        },
        "2003-02": {
            "month": "2003-02",
            "price": "16.21",
            "revenue": 3332554
        },
        "2003-03": {
            "month": "2003-03",
            "price": "15.15",
            "revenue": 3896949
        },
        "2003-04": {
            "month": "2003-04",
            "price": "14.83",
            "revenue": 3428900
        },
        "2003-05": {
            "month": "2003-05",
            "price": "13.80",
            "revenue": 3247890
        },
        "2003-06": {
            "month": "2003-06",
            "price": "15.15",
            "revenue": 3284801
        },
        "2003-07": {
            "month": "2003-07",
            "price": "16.30",
            "revenue": 3141492
        },
        "2003-08": {
            "month": "2003-08",
            "price": "16.26",
            "revenue": 3033096
        },
        "2003-09": {
            "month": "2003-09",
            "price": "16.40",
            "revenue": 2961081
        },
        "2003-10": {
            "month": "2003-10",
            "price": "16.92",
            "revenue": 3033970
        },
        "2003-11": {
            "month": "2003-11",
            "price": "16.08",
            "revenue": 2737050
        },
        "2003-12": {
            "month": "2003-12",
            "price": "15.81",
            "revenue": 2738048
        },
        "2004-01": {
            "month": "2004-01",
            "price": "17.71",
            "revenue": 3171324
        },
        "2004-02": {
            "month": "2004-02",
            "price": "20.62",
            "revenue": 3517761
        },
        "2004-03": {
            "month": "2004-03",
            "price": "21.70",
            "revenue": 3240954
        },
        "2004-04": {
            "month": "2004-04",
            "price": "21.22",
            "revenue": 3427258
        },
        "2004-05": {
            "month": "2004-05",
            "price": "18.21",
            "revenue": 2815937
        },
        "2004-06": {
            "month": "2004-06",
            "price": "18.73",
            "revenue": 3008484
        },
        "2004-07": {
            "month": "2004-07",
            "price": "17.92",
            "revenue": 3257797
        },
        "2004-08": {
            "month": "2004-08",
            "price": "17.54",
            "revenue": 3180759
        },
        "2004-09": {
            "month": "2004-09",
            "price": "19.01",
            "revenue": 3371966
        },
        "2004-10": {
            "month": "2004-10",
            "price": "20.35",
            "revenue": 3468529
        },
        "2004-11": {
            "month": "2004-11",
            "price": "20.83",
            "revenue": 3286823
        },
        "2004-12": {
            "month": "2004-12",
            "price": "20.53",
            "revenue": 3516915
        },
        "2005-01": {
            "month": "2005-01",
            "price": "21.06",
            "revenue": 3782156
        },
        "2005-02": {
            "month": "2005-02",
            "price": "21.31",
            "revenue": 3095560
        },
        "2005-03": {
            "month": "2005-03",
            "price": "20.12",
            "revenue": 3531532
        },
        "2005-04": {
            "month": "2005-04",
            "price": "17.49",
            "revenue": 3064734
        },
        "2005-05": {
            "month": "2005-05",
            "price": "17.58",
            "revenue": 3451695
        },
        "2005-06": {
            "month": "2005-06",
            "price": "17.87",
            "revenue": 3736104
        },
        "2005-07": {
            "month": "2005-07",
            "price": "18.21",
            "revenue": 3615675
        },
        "2005-08": {
            "month": "2005-08",
            "price": "17.99",
            "revenue": 3583976
        },
        "2005-09": {
            "month": "2005-09",
            "price": "16.77",
            "revenue": 3250704
        },
        "2005-10": {
            "month": "2005-10",
            "price": "16.04",
            "revenue": 3244239
        },
        "2005-11": {
            "month": "2005-11",
            "price": "15.42",
            "revenue": 3730839
        },
        "2005-12": {
            "month": "2005-12",
            "price": "16.46",
            "revenue": 4716835
        },
        "2006-01": {
            "month": "2006-01",
            "price": "16.69",
            "revenue": 1897402
        },
        "2006-02": {
            "month": "2006-02",
            "price": "18.81",
            "revenue": 1844707
        },
        "2006-03": {
            "month": "2006-03",
            "price": "17.71",
            "revenue": 1933104
        },
        "2006-04": {
            "month": "2006-04",
            "price": "18.97",
            "revenue": 1811944
        },
        "2006-05": {
            "month": "2006-05",
            "price": "22.10",
            "revenue": 1566556
        },
        "2006-06": {
            "month": "2006-06",
            "price": "22.27",
            "revenue": 1558610
        },
        "2006-07": {
            "month": "2006-07",
            "price": "22.30",
            "revenue": 1749672
        },
        "2006-08": {
            "month": "2006-08",
            "price": "20.15",
            "revenue": 2113326
        },
        "2006-09": {
            "month": "2006-09",
            "price": "19.44",
            "revenue": 1925664
        },
        "2006-10": {
            "month": "2006-10",
            "price": "20.39",
            "revenue": 2022437
        },
        "2006-11": {
            "month": "2006-11",
            "price": "21.21",
            "revenue": 1982388
        },
        "2006-12": {
            "month": "2006-12",
            "price": "22.45",
            "revenue": 2285433
        },
        "2007-01": {
            "month": "2007-01",
            "price": "22.48",
            "revenue": 1779422
        },
        "2007-02": {
            "month": "2007-02",
            "price": "22.75",
            "revenue": 2129481
        },
        "2007-03": {
            "month": "2007-03",
            "price": "20.05",
            "revenue": 2324864
        },
        "2007-04": {
            "month": "2007-04",
            "price": "19.93",
            "revenue": 2471341
        },
        "2007-05": {
            "month": "2007-05",
            "price": "19.20",
            "revenue": 2775085
        },
        "2007-06": {
            "month": "2007-06",
            "price": "19.86",
            "revenue": 3305892
        },
        "2007-07": {
            "month": "2007-07",
            "price": "22.04",
            "revenue": 2827490
        },
        "2007-08": {
            "month": "2007-08",
            "price": "19.86",
            "revenue": 3040142
        },
        "2007-09": {
            "month": "2007-09",
            "price": "21.06",
            "revenue": 2326323
        },
        "2007-10": {
            "month": "2007-10",
            "price": "21.90",
            "revenue": 2639133
        },
        "2007-11": {
            "month": "2007-11",
            "price": "19.73",
            "revenue": 2139391
        },
        "2007-12": {
            "month": "2007-12",
            "price": "18.18",
            "revenue": 2677727
        },
        "2008-01": {
            "month": "2008-01",
            "price": "18.11",
            "revenue": 2355129
        },
        "2008-02": {
            "month": "2008-02",
            "price": "18.34",
            "revenue": 2053818
        },
        "2008-03": {
            "month": "2008-03",
            "price": "20.70",
            "revenue": 2281536
        },
        "2008-04": {
            "month": "2008-04",
            "price": "24.30",
            "revenue": 2318995
        },
        "2008-05": {
            "month": "2008-05",
            "price": "23.65",
            "revenue": 2245058
        },
        "2008-06": {
            "month": "2008-06",
            "price": "22.50",
            "revenue": 1972238
        },
        "2008-07": {
            "month": "2008-07",
            "price": "19.08",
            "revenue": 2411898
        },
        "2008-08": {
            "month": "2008-08",
            "price": "18.74",
            "revenue": 2771875
        },
        "2008-09": {
            "month": "2008-09",
            "price": "16.56",
            "revenue": 1390731
        },
        "2008-10": {
            "month": "2008-10",
            "price": "12.68",
            "revenue": 2435120
        },
        "2008-11": {
            "month": "2008-11",
            "price": "12.02",
            "revenue": 1582943
        },
        "2008-12": {
            "month": "2008-12",
            "price": "12.39",
            "revenue": 2209526
        },
        "2009-01": {
            "month": "2009-01",
            "price": "11.79",
            "revenue": 1983233
        },
        "2009-02": {
            "month": "2009-02",
            "price": "10.16",
            "revenue": 1453185
        },
        "2009-03": {
            "month": "2009-03",
            "price": "10.64",
            "revenue": 1767113
        },
        "2009-04": {
            "month": "2009-04",
            "price": "13.18",
            "revenue": 1701647
        },
        "2009-05": {
            "month": "2009-05",
            "price": "14.65",
            "revenue": 1717744
        },
        "2009-06": {
            "month": "2009-06",
            "price": "14.65",
            "revenue": 1962001
        },
        "2009-07": {
            "month": "2009-07",
            "price": "14.72",
            "revenue": 1748025
        },
        "2009-08": {
            "month": "2009-08",
            "price": "14.00",
            "revenue": 1577692
        },
        "2009-09": {
            "month": "2009-09",
            "price": "14.45",
            "revenue": 2367109
        },
        "2009-10": {
            "month": "2009-10",
            "price": "15.05",
            "revenue": 1929587
        },
        "2009-11": {
            "month": "2009-11",
            "price": "15.03",
            "revenue": 1591811
        },
        "2009-12": {
            "month": "2009-12",
            "price": "14.99",
            "revenue": 2929857
        },
        "2010-01": {
            "month": "2010-01",
            "price": "15.10",
            "revenue": 1878128
        },
        "2010-02": {
            "month": "2010-02",
            "price": "13.97",
            "revenue": 1680577
        },
        "2010-03": {
            "month": "2010-03",
            "price": "14.34",
            "revenue": 1915593
        },
        "2010-04": {
            "month": "2010-04",
            "price": "14.47",
            "revenue": 3176928
        },
        "2010-05": {
            "month": "2010-05",
            "price": "13.34",
            "revenue": 1919652
        },
        "2010-06": {
            "month": "2010-06",
            "price": "13.32",
            "revenue": 2125156
        },
        "2010-07": {
            "month": "2010-07",
            "price": "16.16",
            "revenue": 2034717
        },
        "2010-08": {
            "month": "2010-08",
            "price": "18.45",
            "revenue": 2203796
        },
        "2010-09": {
            "month": "2010-09",
            "price": "19.66",
            "revenue": 1781004
        },
        "2010-10": {
            "month": "2010-10",
            "price": "20.66",
            "revenue": 2035065
        },
        "2010-11": {
            "month": "2010-11",
            "price": "20.61",
            "revenue": 2003762
        },
        "2010-12": {
            "month": "2010-12",
            "price": "23.53",
            "revenue": 5841662
        },
        "2011-01": {
            "month": "2011-01",
            "price": "24.71",
            "revenue": 1996058
        },
        "2011-02": {
            "month": "2011-02",
            "price": "22.56",
            "revenue": 1735171
        },
        "2011-03": {
            "month": "2011-03",
            "price": "22.41",
            "revenue": 2127312
        },
        "2011-04": {
            "month": "2011-04",
            "price": "24.36",
            "revenue": 2109753
        },
        "2011-05": {
            "month": "2011-05",
            "price": "24.74",
            "revenue": 3601534
        },
        "2011-06": {
            "month": "2011-06",
            "price": "23.45",
            "revenue": 2299624
        },
        "2011-07": {
            "month": "2011-07",
            "price": "24.19",
            "revenue": 1857408
        },
        "2011-08": {
            "month": "2011-08",
            "price": "22.02",
            "revenue": 2110790
        },
        "2011-09": {
            "month": "2011-09",
            "price": "18.89",
            "revenue": 2027096
        },
        "2011-10": {
            "month": "2011-10",
            "price": "18.27",
            "revenue": 1813574
        },
        "2011-11": {
            "month": "2011-11",
            "price": "17.61",
            "revenue": 1998174
        },
        "2011-12": {
            "month": "2011-12",
            "price": "16.37",
            "revenue": 3063161
        },
        "2012-01": {
            "month": "2012-01",
            "price": "16.14",
            "revenue": 1865109
        },
        "2012-02": {
            "month": "2012-02",
            "price": "17.86",
            "revenue": 1995878
        },
        "2012-03": {
            "month": "2012-03",
            "price": "17.30",
            "revenue": 2147785
        },
        "2012-04": {
            "month": "2012-04",
            "price": "16.24",
            "revenue": 1979879
        },
        "2012-05": {
            "month": "2012-05",
            "price": "15.77",
            "revenue": 2488681
        },
        "2012-06": {
            "month": "2012-06",
            "price": "15.35",
            "revenue": 2242597
        },
        "2012-07": {
            "month": "2012-07",
            "price": "15.91",
            "revenue": 2313596
        },
        "2012-08": {
            "month": "2012-08",
            "price": "15.92",
            "revenue": 2219595
        },
        "2012-09": {
            "month": "2012-09",
            "price": "15.73",
            "revenue": 2110076
        },
        "2012-10": {
            "month": "2012-10",
            "price": "15.41",
            "revenue": 1893679
        },
        "2012-11": {
            "month": "2012-11",
            "price": "15.01",
            "revenue": 1866761
        },
        "2012-12": {
            "month": "2012-12",
            "price": "15.88",
            "revenue": 1994146
        },
        "2013-01": {
            "month": "2013-01",
            "price": "15.96",
            "revenue": 2013477
        },
        "2013-02": {
            "month": "2013-02",
            "price": "16.98",
            "revenue": 1754767
        },
        "2013-03": {
            "month": "2013-03",
            "price": "17.39",
            "revenue": 1937169
        },
        "2013-04": {
            "month": "2013-04",
            "price": "16.96",
            "revenue": 2009759
        },
        "2013-05": {
            "month": "2013-05",
            "price": "17.15",
            "revenue": 2093290
        },
        "2013-06": {
            "month": "2013-06",
            "price": "16.50",
            "revenue": 2137300
        },
        "2013-07": {
            "month": "2013-07",
            "price": "17.12",
            "revenue": 2127231
        },
        "2013-08": {
            "month": "2013-08",
            "price": "16.66",
            "revenue": 1935529
        },
        "2013-09": {
            "month": "2013-09",
            "price": "17.08",
            "revenue": 1977970
        },
        "2013-10": {
            "month": "2013-10",
            "price": "17.42",
            "revenue": 1978564
        },
        "2013-11": {
            "month": "2013-11",
            "price": "17.60",
            "revenue": 1801590
        },
        "2013-12": {
            "month": "2013-12",
            "price": "17.98",
            "revenue": 2056564
        },
        "2014-01": {
            "month": "2014-01",
            "price": "18.32",
            "revenue": 2132602
        },
        "2014-02": {
            "month": "2014-02",
            "price": "17.94",
            "revenue": 1889811
        },
        "2014-03": {
            "month": "2014-03",
            "price": "17.62",
            "revenue": 2197989
        },
        "2014-04": {
            "month": "2014-04",
            "price": "17.85",
            "revenue": 2271609
        },
        "2014-05": {
            "month": "2014-05",
            "price": "17.84",
            "revenue": 2171712
        },
        "2014-06": {
            "month": "2014-06",
            "price": "18.34",
            "revenue": 2037815
        },
        "2014-07": {
            "month": "2014-07",
            "price": "19.04",
            "revenue": 2585482
        },
        "2014-08": {
            "month": "2014-08",
            "price": "18.63",
            "revenue": 2262710
        },
        "2014-09": {
            "month": "2014-09",
            "price": "18.85",
            "revenue": 2349750
        },
        "2014-10": {
            "month": "2014-10",
            "price": "18.43",
            "revenue": 2253562
        },
        "2014-11": {
            "month": "2014-11",
            "price": "18.47",
            "revenue": 2154402
        },
        "2014-12": {
            "month": "2014-12",
            "price": "17.84",
            "revenue": 2256054
        },
        "2015-01": {
            "month": "2015-01",
            "price": "17.89",
            "revenue": 2353866
        },
        "2015-02": {
            "month": "2015-02",
            "price": "18.22",
            "revenue": 1987093
        },
        "2015-03": {
            "month": "2015-03",
            "price": "18.23",
            "revenue": 2453184
        },
        "2015-04": {
            "month": "2015-04",
            "price": "18.50",
            "revenue": 2186709
        },
        "2015-05": {
            "month": "2015-05",
            "price": "18.18",
            "revenue": 2429711
        },
        "2015-06": {
            "month": "2015-06",
            "price": "17.62",
            "revenue": 2332995
        },
        "2015-07": {
            "month": "2015-07",
            "price": "17.68",
            "revenue": 2666375
        },
        "2015-08": {
            "month": "2015-08",
            "price": "16.02",
            "revenue": 2812075
        },
        "2015-09": {
            "month": "2015-09",
            "price": "16.02",
            "revenue": 2309084
        },
        "2015-10": {
            "month": "2015-10",
            "price": "16.86",
            "revenue": 2365921
        },
        "2015-11": {
            "month": "2015-11",
            "price": "16.50",
            "revenue": 2406173
        },
        "2015-12": {
            "month": "2015-12",
            "price": "15.80",
            "revenue": 3366672
        },
        "2016-01": {
            "month": "2016-01",
            "price": "15.42",
            "revenue": 2910388
        },
        "2016-02": {
            "month": "2016-02",
            "price": "16.09",
            "revenue": 2322997
        },
        "2016-03": {
            "month": "2016-03",
            "price": "16.71",
            "revenue": 2413260
        },
        "2016-04": {
            "month": "2016-04",
            "price": "16.70",
            "revenue": 2410994
        },
        "2016-05": {
            "month": "2016-05",
            "price": "16.23",
            "revenue": 2719053
        },
        "2016-06": {
            "month": "2016-06",
            "price": "16.63",
            "revenue": 2523539
        },
        "2016-07": {
            "month": "2016-07",
            "price": "16.82",
            "revenue": 2733837
        },
        "2016-08": {
            "month": "2016-08",
            "price": "16.54",
            "revenue": 2781429
        },
        "2016-09": {
            "month": "2016-09",
            "price": "16.18",
            "revenue": 2392647
        },
        "2016-10": {
            "month": "2016-10",
            "price": "16.21",
            "revenue": 2477644
        },
        "2016-11": {
            "month": "2016-11",
            "price": "16.31",
            "revenue": 2409635
        },
        "2016-12": {
            "month": "2016-12",
            "price": "16.92",
            "revenue": 2914382
        },
        "2017-01": {
            "month": "2017-01",
            "price": "17.28",
            "revenue": 2638668
        },
        "2017-02": {
            "month": "2017-02",
            "price": "18.04",
            "revenue": 2250276
        },
        "2017-03": {
            "month": "2017-03",
            "price": "18.34",
            "revenue": 2559101
        },
        "2017-04": {
            "month": "2017-04",
            "price": "17.92",
            "revenue": 2390371
        },
        "2017-05": {
            "month": "2017-05",
            "price": "17.51",
            "revenue": 2522947
        },
        "2017-06": {
            "month": "2017-06",
            "price": "17.27",
            "revenue": 2767582
        },
        "2017-07": {
            "month": "2017-07",
            "price": "17.55",
            "revenue": 2634963
        },
        "2017-08": {
            "month": "2017-08",
            "price": "16.81",
            "revenue": 2708495
        },
        "2017-09": {
            "month": "2017-09",
            "price": "16.44",
            "revenue": 2516565
        },
        "2017-10": {
            "month": "2017-10",
            "price": "16.38",
            "revenue": 2597817
        },
        "2017-11": {
            "month": "2017-11",
            "price": "16.26",
            "revenue": 2515794
        },
        "2017-12": {
            "month": "2017-12",
            "price": "16.43",
            "revenue": 2694141
        },
        "2018-01": {
            "month": "2018-01",
            "price": "17.07",
            "revenue": 2740955
        },
        "2018-02": {
            "month": "2018-02",
            "price": "16.77",
            "revenue": 2300129
        },
        "2018-03": {
            "month": "2018-03",
            "price": "16.88",
            "revenue": 2781780
        },
        "2018-04": {
            "month": "2018-04",
            "price": "17.02",
            "revenue": 2737038
        },
        "2018-05": {
            "month": "2018-05",
            "price": "17.38",
            "revenue": 2923296
        },
        "2018-06": {
            "month": "2018-06",
            "price": "17.78",
            "revenue": 2928630
        },
        "2018-07": {
            "month": "2018-07",
            "price": "17.69",
            "revenue": 2965942
        },
        "2018-08": {
            "month": "2018-08",
            "price": "18.34",
            "revenue": 2805569
        },
        "2018-09": {
            "month": "2018-09",
            "price": "18.33",
            "revenue": 2502989
        },
        "2018-10": {
            "month": "2018-10",
            "price": "17.80",
            "revenue": 2833177
        },
        "2018-11": {
            "month": "2018-11",
            "price": "17.78",
            "revenue": 2209788
        },
        "2018-12": {
            "month": "2018-12",
            "price": "17.56",
            "revenue": 3374919
        },
        "2019-01": {
            "month": "2019-01",
            "price": "17.76",
            "revenue": 3209926
        },
        "2019-02": {
            "month": "2019-02",
            "price": "18.13",
            "revenue": 2233035
        },
        "2019-03": {
            "month": "2019-03",
            "price": "18.24",
            "revenue": 2609787
        },
        "2019-04": {
            "month": "2019-04",
            "price": "18.32",
            "revenue": 2526622
        },
        "2019-05": {
            "month": "2019-05",
            "price": "18.67",
            "revenue": 2839422
        },
        "2019-06": {
            "month": "2019-06",
            "price": "20.72",
            "revenue": 2579942
        },
        "2019-07": {
            "month": "2019-07",
            "price": "21.48",
            "revenue": 2815768
        },
        "2019-08": {
            "month": "2019-08",
            "price": "20.28",
            "revenue": 3101363
        },
        "2019-09": {
            "month": "2019-09",
            "price": "21.02",
            "revenue": 2497372
        },
        "2019-10": {
            "month": "2019-10",
            "price": "22.02",
            "revenue": 2494113
        },
        "2019-11": {
            "month": "2019-11",
            "price": "23.02",
            "revenue": 2492721
        },
        "2019-12": {
            "month": "2019-12",
            "price": "22.79",
            "revenue": 2674030
        },
        "2020-01": {
            "month": "2020-01",
            "price": "22.37",
            "revenue": 2577265
        },
        "2020-02": {
            "month": "2020-02",
            "price": "22.94",
            "revenue": 2574278
        },
        "2020-03": {
            "month": "2020-03",
            "price": "21.03",
            "revenue": 2302770
        },
        "2020-04": {
            "month": "2020-04",
            "price": "19.52",
            "revenue": 2491265
        },
        "2020-05": {
            "month": "2020-05",
            "price": "18.89",
            "revenue": 2289751
        },
        "2020-06": {
            "month": "2020-06",
            "price": "19.66",
            "revenue": 2252546
        },
        "2020-07": {
            "month": "2020-07",
            "price": "19.37",
            "revenue": 2450596
        },
        "2020-08": {
            "month": "2020-08",
            "price": "18.58",
            "revenue": 2043053
        },
        "2020-09": {
            "month": "2020-09",
            "price": "17.74",
            "revenue": 1992630
        },
        "2020-10": {
            "month": "2020-10",
            "price": "17.35",
            "revenue": 1991603
        },
        "2020-11": {
            "month": "2020-11",
            "price": "17.80",
            "revenue": 2133829
        },
        "2020-12": {
            "month": "2020-12",
            "price": "17.43",
            "revenue": 2219125
        },
        "2021-01": {
            "month": "2021-01",
            "price": "17.44",
            "revenue": 2494046
        },
        "2021-02": {
            "month": "2021-02",
            "price": "17.02",
            "revenue": 1908870
        },
        "2021-03": {
            "month": "2021-03",
            "price": "17.29",
            "revenue": 2492038
        },
        "2021-04": {
            "month": "2021-04",
            "price": "17.77",
            "revenue": 2120784
        },
        "2021-05": {
            "month": "2021-05",
            "price": "17.02",
            "revenue": 2305875
        },
        "2021-06": {
            "month": "2021-06",
            "price": "16.38",
            "revenue": 2563747
        },
        "2021-07": {
            "month": "2021-07",
            "price": "16.38",
            "revenue": 2689202
        },
        "2021-08": {
            "month": "2021-08",
            "price": "16.74",
            "revenue": 2786574
        },
        "2021-09": {
            "month": "2021-09",
            "price": "16.52",
            "revenue": 2281120
        },
        "2021-10": {
            "month": "2021-10",
            "price": "16.44",
            "revenue": 2255215
        },
        "2021-11": {
            "month": "2021-11",
            "price": "16.80",
            "revenue": 2360145
        },
        "2021-12": {
            "month": "2021-12",
            "price": "16.75",
            "revenue": 2428342
        },
        "2022-01": {
            "month": "2022-01",
            "price": "17.75",
            "revenue": 2443718
        },
        "2022-02": {
            "month": "2022-02",
            "price": "18.00",
            "revenue": 2163957
        },
        "2022-03": {
            "month": "2022-03",
            "price": "18.15",
            "revenue": 2822015
        },
        "2022-04": {
            "month": "2022-04",
            "price": "18.89",
            "revenue": 2930960
        },
        "2022-05": {
            "month": "2022-05",
            "price": "18.03",
            "revenue": 2575378
        },
        "2022-06": {
            "month": "2022-06",
            "price": "17.72",
            "revenue": 3025853
        },
        "2022-07": {
            "month": "2022-07",
            "price": "17.39",
            "revenue": 3549913
        },
        "2022-08": {
            "month": "2022-08",
            "price": "17.70",
            "revenue": 3265931
        },
        "2022-09": {
            "month": "2022-09",
            "price": "17.38",
            "revenue": 2360910
        },
        "2022-10": {
            "month": "2022-10",
            "price": "16.66",
            "revenue": 2707237
        },
        "2022-11": {
            "month": "2022-11",
            "price": "16.99",
            "revenue": 3149417
        },
        "2022-12": {
            "month": "2022-12",
            "price": "17.32",
            "revenue": 3143300
        },
        "2023-01": {
            "month": "2023-01",
            "price": "17.48",
            "revenue": 3214771
        },
        "2023-02": {
            "month": "2023-02",
            "price": "17.40",
            "revenue": 2984099
        },
        "2023-03": {
            "month": "2023-03",
            "price": "17.26",
            "revenue": 3582201
        },
        "2023-04": {
            "month": "2023-04",
            "price": "17.55",
            "revenue": 3062977
        },
        "2023-05": {
            "month": "2023-05",
            "price": "18.10",
            "revenue": 3158575
        },
        "2023-06": {
            "month": "2023-06",
            "price": "18.49",
            "revenue": 3714259
        },
        "2023-07": {
            "month": "2023-07",
            "price": "18.63",
            "revenue": 3480273
        },
        "2023-08": {
            "month": "2023-08",
            "price": "17.72",
            "revenue": 3090445
        },
        "2023-09": {
            "month": "2023-09",
            "price": "17.38",
            "revenue": 3083630
        },
        "2023-10": {
            "month": "2023-10",
            "price": "17.29",
            "revenue": 3117120
        },
        "2023-11": {
            "month": "2023-11",
            "price": "17.60",
            "revenue": 3377107
        },
        "2023-12": {
            "month": "2023-12",
            "price": "17.80",
            "revenue": 2704615
        }
    }
}
