{
    "summary": {
        "stock_name": "京城銀",
        "stock_id": "2809",
        "category": "金融",
        "main_business": "存款、放款、外匯、財富管理、投資、信託、保險代理人等金融業務",
        "website_url": "http://www.ktb.com.tw",
        "ceo": "姜宏亮",
        "pe_ratio": 13,
        "report_year_from": 2001,
        "report_year_to": 2023,
        "age": 22,
        "eps_negative_percentage": 0,
        "eps_growth_avg": {
            "last_all": 8.63,
            "last_2y": 1.82,
            "last_4y": -4.7,
            "last_8y": 2.54,
            "last_12y": null,
            "last_16y": null,
            "last_20y": null,
            "at_2006_last_3y": null,
            "at_2007_last_3y": null,
            "at_2008_last_3y": null,
            "at_2009_last_3y": null,
            "at_2010_last_3y": null,
            "at_2011_last_3y": null,
            "at_2012_last_3y": null,
            "at_2013_last_3y": null,
            "at_2014_last_3y": 25.78,
            "at_2015_last_3y": 8.58,
            "at_2016_last_3y": 9.12,
            "at_2017_last_3y": 11.59,
            "at_2018_last_3y": -6.25,
            "at_2019_last_3y": 5.87,
            "at_2020_last_3y": 13.05,
            "at_2021_last_3y": 9.28,
            "at_2022_last_3y": 6.37,
            "at_2023_last_3y": 6.37,
            "at_2006_last_all": null,
            "at_2007_last_all": null,
            "at_2008_last_all": null,
            "at_2009_last_all": null,
            "at_2010_last_all": null,
            "at_2011_last_all": null,
            "at_2012_last_all": 36.57,
            "at_2013_last_all": 26.92,
            "at_2014_last_all": 25.78,
            "at_2015_last_all": 14.93,
            "at_2016_last_all": 18.27,
            "at_2017_last_all": 18.16,
            "at_2018_last_all": 9.77,
            "at_2019_last_all": 10.9,
            "at_2020_last_all": 16.18,
            "at_2021_last_all": 14.93,
            "at_2022_last_all": 8.63,
            "at_2023_last_all": 8.63
        },
        "latest_eps": 2.71,
        "latest_price": 35.4,
        "latest_roe": 6.63,
        "latest_gross_margin": null,
        "latest_equity": 44105353,
        "latest_revenue": 2055656,
        "latest_gross_profit": null,
        "latest_net_income": 840499,
        "latest_debt_ratio": 88.44,
        "latest_current_ratio": null,
        "latest_account_receivable_turnover_ratio": 0.19,
        "latest_inventory_turnover_ratio": null,
        "latest_reinvestment_rate": 14.52,
        "latest_research_to_sale_ratio": null
    },
    "eps_dividends": {
        "1990": {
            "cash": 0,
            "stock": 5,
            "eps": 0
        },
        "1991": {
            "cash": 0,
            "stock": 4.2,
            "eps": 0
        },
        "1992": {
            "cash": 0,
            "stock": 3.22,
            "eps": 0
        },
        "1993": {
            "cash": 0,
            "stock": 1.87,
            "eps": 0
        },
        "1994": {
            "cash": 0,
            "stock": 1.48,
            "eps": 0
        },
        "1995": {
            "cash": 0,
            "stock": 2.78,
            "eps": 0
        },
        "1996": {
            "cash": 0,
            "stock": 2.4,
            "eps": 0
        },
        "1997": {
            "cash": 0,
            "stock": 1.85,
            "eps": 0
        },
        "1998": {
            "cash": 0,
            "stock": 1.2,
            "eps": 0
        },
        "2001": {
            "cash": 0,
            "stock": 0,
            "eps": 0
        },
        "2002": {
            "cash": 0,
            "stock": 0,
            "eps": 0
        },
        "2003": {
            "cash": 0,
            "stock": 0,
            "eps": 0
        },
        "2004": {
            "cash": 0,
            "stock": 0,
            "eps": 0
        },
        "2005": {
            "cash": 0.2,
            "stock": 0,
            "eps": 0
        },
        "2006": {
            "cash": 0,
            "stock": 0,
            "eps": 0
        },
        "2007": {
            "cash": 0,
            "stock": 0,
            "eps": 0
        },
        "2008": {
            "cash": 0,
            "stock": 0,
            "eps": 0
        },
        "2009": {
            "cash": 0,
            "stock": 0,
            "eps": 0
        },
        "2010": {
            "cash": 0,
            "stock": 0,
            "eps": 1.76
        },
        "2011": {
            "cash": 0,
            "stock": 0,
            "eps": 2.47
        },
        "2012": {
            "cash": 0,
            "stock": 0,
            "eps": 3.28
        },
        "2013": {
            "cash": 1.5,
            "stock": 0,
            "eps": 3.53
        },
        "2014": {
            "cash": 1.5,
            "stock": 0,
            "eps": 4.32
        },
        "2015": {
            "cash": 1.5,
            "stock": 0,
            "eps": 3.09
        },
        "2016": {
            "cash": 0.5,
            "stock": 0,
            "eps": 4.17
        },
        "2017": {
            "cash": 1.5,
            "stock": 0,
            "eps": 4.9
        },
        "2018": {
            "cash": 1.5,
            "stock": 0,
            "eps": 2.5
        },
        "2019": {
            "cash": 1.5,
            "stock": 0,
            "eps": 3
        },
        "2020": {
            "cash": 1.5,
            "stock": 0,
            "eps": 4.91
        },
        "2021": {
            "cash": 1.8,
            "stock": 0,
            "eps": 5.03
        },
        "2022": {
            "cash": 2.1,
            "stock": 0,
            "eps": 1.98
        },
        "2023": {
            "cash": 1.1,
            "stock": 0,
            "eps": 0.76
        }
    },
    "dividends": {
        "1990-03-27": {
            "cash": 0,
            "stock": 5
        },
        "1991-03-26": {
            "cash": 0,
            "stock": 4.2
        },
        "1992-03-25": {
            "cash": 0,
            "stock": 3.22
        },
        "1993-03-26": {
            "cash": 0,
            "stock": 1.87
        },
        "1994-03-23": {
            "cash": 0,
            "stock": 1.48
        },
        "1995-03-27": {
            "cash": 0,
            "stock": 2.78
        },
        "1996-03-21": {
            "cash": 0,
            "stock": 2.4
        },
        "1997-03-25": {
            "cash": 0,
            "stock": 1.85
        },
        "1998-03-26": {
            "cash": 0,
            "stock": 1.2
        },
        "2005-02-24": {
            "cash": 0.2,
            "stock": 0
        },
        "2013-03-11": {
            "cash": 1.5,
            "stock": 0
        },
        "2014-06-20": {
            "cash": 1.5,
            "stock": 0
        },
        "2015-07-03": {
            "cash": 1.5,
            "stock": 0
        },
        "2016-07-20": {
            "cash": 0.5,
            "stock": 0
        },
        "2017-06-30": {
            "cash": 1.5,
            "stock": 0
        },
        "2018-06-28": {
            "cash": 1.5,
            "stock": 0
        },
        "2019-07-31": {
            "cash": 1.5,
            "stock": 0
        },
        "2020-06-19": {
            "cash": 1.5,
            "stock": 0
        },
        "2021-06-29": {
            "cash": 1.8,
            "stock": 0
        },
        "2022-06-16": {
            "cash": 2.1,
            "stock": 0
        },
        "2023-06-30": {
            "cash": 1.1,
            "stock": 0
        }
    },
    "prices": {
        "200101": "4.41",
        "200102": "5.10",
        "200103": "5.03",
        "200104": "4.62",
        "200105": "4.00",
        "200106": "3.96",
        "200107": "3.15",
        "200108": "3.65",
        "200109": "3.64",
        "200110": "3.59",
        "200111": "3.59",
        "200112": "4.05",
        "200201": "4.07",
        "200202": "3.99",
        "200203": "4.51",
        "200204": "6.82",
        "200205": "6.73",
        "200206": "6.80",
        "200207": "6.11",
        "200208": "5.40",
        "200209": "4.04",
        "200210": "4.15",
        "200211": "4.78",
        "200212": "5.21",
        "200301": "6.66",
        "200302": "6.81",
        "200303": "5.81",
        "200304": "5.84",
        "200305": "5.01",
        "200306": "5.72",
        "200307": "6.37",
        "200308": "6.08",
        "200309": "6.16",
        "200310": "6.52",
        "200311": "6.72",
        "200312": "7.18",
        "200401": "8.09",
        "200402": "11.75",
        "200403": "13.83",
        "200404": "13.71",
        "200405": "11.68",
        "200406": "11.03",
        "200407": "10.28",
        "200408": "10.18",
        "200409": "13.36",
        "200410": "14.98",
        "200411": "15.73",
        "200412": "15.78",
        "200501": "16.38",
        "200502": "16.55",
        "200503": "15.69",
        "200504": "14.18",
        "200505": "12.00",
        "200506": "12.66",
        "200507": "12.68",
        "200508": "11.68",
        "200509": "10.70",
        "200510": "10.72",
        "200511": "10.43",
        "200512": "10.48",
        "200601": "11.05",
        "200602": "10.59",
        "200603": "10.04",
        "200604": "10.19",
        "200605": "10.70",
        "200606": "10.08",
        "200607": "9.70",
        "200608": "9.19",
        "200609": "9.15",
        "200610": "10.24",
        "200611": "10.17",
        "200612": "10.30",
        "200701": "10.09",
        "200702": "9.96",
        "200703": "9.48",
        "200704": "9.86",
        "200705": "9.30",
        "200706": "9.90",
        "200707": "13.04",
        "200708": "11.07",
        "200709": "10.94",
        "200710": "11.52",
        "200711": "10.69",
        "200712": "9.18",
        "200801": "9.17",
        "200802": "9.14",
        "200803": "9.63",
        "200804": "10.89",
        "200805": "10.94",
        "200806": "9.64",
        "200807": "8.46",
        "200808": "8.87",
        "200809": "8.07",
        "200810": "5.88",
        "200811": "6.06",
        "200812": "5.88",
        "200901": "5.53",
        "200902": "5.19",
        "200903": "5.25",
        "200904": "6.56",
        "200905": "7.55",
        "200906": "6.99",
        "200907": "7.66",
        "200908": "7.50",
        "200909": "7.76",
        "200910": "8.24",
        "200911": "8.16",
        "200912": "9.06",
        "201001": "8.88",
        "201002": "7.97",
        "201003": "8.51",
        "201004": "9.03",
        "201005": "8.77",
        "201006": "9.81",
        "201007": "12.18",
        "201008": "14.34",
        "201009": "14.17",
        "201010": "14.20",
        "201011": "13.74",
        "201012": "15.78",
        "201101": "16.64",
        "201102": "17.40",
        "201103": "16.83",
        "201104": "17.52",
        "201105": "18.42",
        "201106": "18.48",
        "201107": "19.29",
        "201108": "20.58",
        "201109": "18.31",
        "201110": "17.84",
        "201111": "18.12",
        "201112": "17.06",
        "201201": "17.05",
        "201202": "19.90",
        "201203": "19.79",
        "201204": "17.61",
        "201205": "17.27",
        "201206": "17.34",
        "201207": "19.10",
        "201208": "19.91",
        "201209": "20.43",
        "201210": "20.41",
        "201211": "20.20",
        "201212": "21.26",
        "201301": "23.90",
        "201302": "26.60",
        "201303": "27.26",
        "201304": "27.16",
        "201305": "27.11",
        "201306": "26.10",
        "201307": "25.87",
        "201308": "25.47",
        "201309": "25.37",
        "201310": "26.05",
        "201311": "26.03",
        "201312": "26.67",
        "201401": "28.99",
        "201402": "29.03",
        "201403": "28.44",
        "201404": "28.31",
        "201405": "28.61",
        "201406": "28.85",
        "201407": "29.55",
        "201408": "31.49",
        "201409": "33.60",
        "201410": "32.23",
        "201411": "33.06",
        "201412": "32.98",
        "201501": "33.45",
        "201502": "33.72",
        "201503": "32.16",
        "201504": "30.00",
        "201505": "29.92",
        "201506": "28.01",
        "201507": "27.10",
        "201508": "23.64",
        "201509": "23.02",
        "201510": "25.27",
        "201511": "24.30",
        "201512": "23.08",
        "201601": "21.25",
        "201602": "21.30",
        "201603": "21.91",
        "201604": "22.49",
        "201605": "21.17",
        "201606": "21.42",
        "201607": "22.74",
        "201608": "26.44",
        "201609": "27.07",
        "201610": "26.01",
        "201611": "26.53",
        "201612": "28.10",
        "201701": "28.33",
        "201702": "28.81",
        "201703": "29.80",
        "201704": "29.36",
        "201705": "29.93",
        "201706": "30.79",
        "201707": "31.54",
        "201708": "31.70",
        "201709": "31.99",
        "201710": "32.81",
        "201711": "33.34",
        "201712": "36.76",
        "201801": "40.95",
        "201802": "40.01",
        "201803": "37.93",
        "201804": "35.78",
        "201805": "34.78",
        "201806": "33.78",
        "201807": "31.93",
        "201808": "31.37",
        "201809": "30.79",
        "201810": "29.68",
        "201811": "31.05",
        "201812": "30.20",
        "201901": "28.82",
        "201902": "30.81",
        "201903": "33.26",
        "201904": "32.73",
        "201905": "33.39",
        "201906": "33.41",
        "201907": "33.12",
        "201908": "30.53",
        "201909": "31.32",
        "201910": "31.35",
        "201911": "32.58",
        "201912": "33.23",
        "202001": "34.66",
        "202002": "35.89",
        "202003": "31.60",
        "202004": "29.95",
        "202005": "32.33",
        "202006": "35.96",
        "202007": "35.32",
        "202008": "36.68",
        "202009": "36.73",
        "202010": "38.74",
        "202011": "38.93",
        "202012": "38.44",
        "202101": "39.20",
        "202102": "39.08",
        "202103": "39.04",
        "202104": "40.69",
        "202105": "40.96",
        "202106": "40.10",
        "202107": "40.55",
        "202108": "41.97",
        "202109": "42.76",
        "202110": "41.81",
        "202111": "41.06",
        "202112": "40.10",
        "202201": "40.83",
        "202202": "40.67",
        "202203": "39.62",
        "202204": "40.07",
        "202205": "37.36",
        "202206": "36.17",
        "202207": "33.56",
        "202208": "35.72",
        "202209": "34.37",
        "202210": "31.20",
        "202211": "34.08",
        "202212": "34.73",
        "202301": "34.28",
        "202302": "34.69",
        "202303": "34.38",
        "202304": "34.78",
        "202305": "35.57"
    },
    "quarters": {
        "20011": {
            "year_quarter": 20011,
            "year": 2001,
            "quarter": 1,
            "eps": null,
            "eps_growth_year": null,
            "eps_4q": null,
            "eps_4q_growth_year": null,
            "roe": null,
            "roe_4q": 0,
            "gross_profit": null,
            "gross_margin": null,
            "gross_margin_4q_avg": 0,
            "net_income": null,
            "revenue": null,
            "common_shares": null,
            "book_valuer_per_share": null,
            "book_valuer_per_share_4q_avg": 0,
            "equity": null,
            "current_ratio": null,
            "debt_ratio": null,
            "inventory_turnover_ratio": null,
            "account_receivable_turnover_ratio": null,
            "reinvestment_rate": null,
            "research_to_sale_ratio": null,
            "price_fair": 0,
            "eps_avg_yearly": 0,
            "eps_latest_yearly": 0,
            "eps_growth_yearly": 0
        },
        "20012": {
            "year_quarter": 20012,
            "year": 2001,
            "quarter": 2,
            "eps": null,
            "eps_growth_year": null,
            "eps_4q": null,
            "eps_4q_growth_year": null,
            "roe": null,
            "roe_4q": 0,
            "gross_profit": null,
            "gross_margin": null,
            "gross_margin_4q_avg": 0,
            "net_income": null,
            "revenue": null,
            "common_shares": null,
            "book_valuer_per_share": null,
            "book_valuer_per_share_4q_avg": 0,
            "equity": null,
            "current_ratio": null,
            "debt_ratio": null,
            "inventory_turnover_ratio": null,
            "account_receivable_turnover_ratio": null,
            "reinvestment_rate": null,
            "research_to_sale_ratio": null,
            "price_fair": 0,
            "eps_avg_yearly": 0,
            "eps_latest_yearly": 0,
            "eps_growth_yearly": 0
        },
        "20013": {
            "year_quarter": 20013,
            "year": 2001,
            "quarter": 3,
            "eps": null,
            "eps_growth_year": null,
            "eps_4q": null,
            "eps_4q_growth_year": null,
            "roe": null,
            "roe_4q": 0,
            "gross_profit": null,
            "gross_margin": null,
            "gross_margin_4q_avg": 0,
            "net_income": null,
            "revenue": null,
            "common_shares": null,
            "book_valuer_per_share": null,
            "book_valuer_per_share_4q_avg": 0,
            "equity": null,
            "current_ratio": null,
            "debt_ratio": null,
            "inventory_turnover_ratio": null,
            "account_receivable_turnover_ratio": null,
            "reinvestment_rate": null,
            "research_to_sale_ratio": null,
            "price_fair": 0,
            "eps_avg_yearly": 0,
            "eps_latest_yearly": 0,
            "eps_growth_yearly": 0
        },
        "20014": {
            "year_quarter": 20014,
            "year": 2001,
            "quarter": 4,
            "eps": null,
            "eps_growth_year": null,
            "eps_4q": null,
            "eps_4q_growth_year": null,
            "roe": null,
            "roe_4q": 0,
            "gross_profit": null,
            "gross_margin": null,
            "gross_margin_4q_avg": 0,
            "net_income": null,
            "revenue": null,
            "common_shares": null,
            "book_valuer_per_share": null,
            "book_valuer_per_share_4q_avg": 0,
            "equity": null,
            "current_ratio": null,
            "debt_ratio": null,
            "inventory_turnover_ratio": null,
            "account_receivable_turnover_ratio": null,
            "reinvestment_rate": null,
            "research_to_sale_ratio": null,
            "price_fair": 0,
            "eps_avg_yearly": 0,
            "eps_latest_yearly": 0,
            "eps_growth_yearly": 0
        },
        "20021": {
            "year_quarter": 20021,
            "year": 2002,
            "quarter": 1,
            "eps": null,
            "eps_growth_year": null,
            "eps_4q": null,
            "eps_4q_growth_year": null,
            "roe": null,
            "roe_4q": 0,
            "gross_profit": null,
            "gross_margin": null,
            "gross_margin_4q_avg": 0,
            "net_income": null,
            "revenue": null,
            "common_shares": null,
            "book_valuer_per_share": null,
            "book_valuer_per_share_4q_avg": 0,
            "equity": null,
            "current_ratio": null,
            "debt_ratio": null,
            "inventory_turnover_ratio": null,
            "account_receivable_turnover_ratio": null,
            "reinvestment_rate": null,
            "research_to_sale_ratio": null,
            "price_fair": 0,
            "eps_avg_yearly": 0,
            "eps_latest_yearly": 0,
            "eps_growth_yearly": 0
        },
        "20022": {
            "year_quarter": 20022,
            "year": 2002,
            "quarter": 2,
            "eps": null,
            "eps_growth_year": null,
            "eps_4q": null,
            "eps_4q_growth_year": null,
            "roe": null,
            "roe_4q": 0,
            "gross_profit": null,
            "gross_margin": null,
            "gross_margin_4q_avg": 0,
            "net_income": null,
            "revenue": null,
            "common_shares": null,
            "book_valuer_per_share": null,
            "book_valuer_per_share_4q_avg": 0,
            "equity": null,
            "current_ratio": null,
            "debt_ratio": null,
            "inventory_turnover_ratio": null,
            "account_receivable_turnover_ratio": null,
            "reinvestment_rate": null,
            "research_to_sale_ratio": null,
            "price_fair": 0,
            "eps_avg_yearly": 0,
            "eps_latest_yearly": 0,
            "eps_growth_yearly": 0
        },
        "20023": {
            "year_quarter": 20023,
            "year": 2002,
            "quarter": 3,
            "eps": null,
            "eps_growth_year": null,
            "eps_4q": null,
            "eps_4q_growth_year": null,
            "roe": null,
            "roe_4q": 0,
            "gross_profit": null,
            "gross_margin": null,
            "gross_margin_4q_avg": 0,
            "net_income": null,
            "revenue": null,
            "common_shares": null,
            "book_valuer_per_share": null,
            "book_valuer_per_share_4q_avg": 0,
            "equity": null,
            "current_ratio": null,
            "debt_ratio": null,
            "inventory_turnover_ratio": null,
            "account_receivable_turnover_ratio": null,
            "reinvestment_rate": null,
            "research_to_sale_ratio": null,
            "price_fair": 0,
            "eps_avg_yearly": 0,
            "eps_latest_yearly": 0,
            "eps_growth_yearly": 0
        },
        "20024": {
            "year_quarter": 20024,
            "year": 2002,
            "quarter": 4,
            "eps": null,
            "eps_growth_year": null,
            "eps_4q": null,
            "eps_4q_growth_year": null,
            "roe": null,
            "roe_4q": 0,
            "gross_profit": null,
            "gross_margin": null,
            "gross_margin_4q_avg": 0,
            "net_income": null,
            "revenue": null,
            "common_shares": null,
            "book_valuer_per_share": null,
            "book_valuer_per_share_4q_avg": 0,
            "equity": null,
            "current_ratio": null,
            "debt_ratio": null,
            "inventory_turnover_ratio": null,
            "account_receivable_turnover_ratio": null,
            "reinvestment_rate": null,
            "research_to_sale_ratio": null,
            "price_fair": 0,
            "eps_avg_yearly": 0,
            "eps_latest_yearly": 0,
            "eps_growth_yearly": 0
        },
        "20031": {
            "year_quarter": 20031,
            "year": 2003,
            "quarter": 1,
            "eps": null,
            "eps_growth_year": null,
            "eps_4q": null,
            "eps_4q_growth_year": null,
            "roe": null,
            "roe_4q": 0,
            "gross_profit": null,
            "gross_margin": null,
            "gross_margin_4q_avg": 0,
            "net_income": null,
            "revenue": null,
            "common_shares": null,
            "book_valuer_per_share": null,
            "book_valuer_per_share_4q_avg": 0,
            "equity": null,
            "current_ratio": null,
            "debt_ratio": null,
            "inventory_turnover_ratio": null,
            "account_receivable_turnover_ratio": null,
            "reinvestment_rate": null,
            "research_to_sale_ratio": null,
            "price_fair": 0,
            "eps_avg_yearly": 0,
            "eps_latest_yearly": 0,
            "eps_growth_yearly": 0
        },
        "20032": {
            "year_quarter": 20032,
            "year": 2003,
            "quarter": 2,
            "eps": null,
            "eps_growth_year": null,
            "eps_4q": null,
            "eps_4q_growth_year": null,
            "roe": null,
            "roe_4q": 0,
            "gross_profit": null,
            "gross_margin": null,
            "gross_margin_4q_avg": 0,
            "net_income": null,
            "revenue": null,
            "common_shares": null,
            "book_valuer_per_share": null,
            "book_valuer_per_share_4q_avg": 0,
            "equity": null,
            "current_ratio": null,
            "debt_ratio": null,
            "inventory_turnover_ratio": null,
            "account_receivable_turnover_ratio": null,
            "reinvestment_rate": null,
            "research_to_sale_ratio": null,
            "price_fair": 0,
            "eps_avg_yearly": 0,
            "eps_latest_yearly": 0,
            "eps_growth_yearly": 0
        },
        "20033": {
            "year_quarter": 20033,
            "year": 2003,
            "quarter": 3,
            "eps": null,
            "eps_growth_year": null,
            "eps_4q": null,
            "eps_4q_growth_year": null,
            "roe": null,
            "roe_4q": 0,
            "gross_profit": null,
            "gross_margin": null,
            "gross_margin_4q_avg": 0,
            "net_income": null,
            "revenue": null,
            "common_shares": null,
            "book_valuer_per_share": null,
            "book_valuer_per_share_4q_avg": 0,
            "equity": null,
            "current_ratio": null,
            "debt_ratio": null,
            "inventory_turnover_ratio": null,
            "account_receivable_turnover_ratio": null,
            "reinvestment_rate": null,
            "research_to_sale_ratio": null,
            "price_fair": 0,
            "eps_avg_yearly": 0,
            "eps_latest_yearly": 0,
            "eps_growth_yearly": 0
        },
        "20034": {
            "year_quarter": 20034,
            "year": 2003,
            "quarter": 4,
            "eps": null,
            "eps_growth_year": null,
            "eps_4q": null,
            "eps_4q_growth_year": null,
            "roe": null,
            "roe_4q": 0,
            "gross_profit": null,
            "gross_margin": null,
            "gross_margin_4q_avg": 0,
            "net_income": null,
            "revenue": null,
            "common_shares": null,
            "book_valuer_per_share": null,
            "book_valuer_per_share_4q_avg": 0,
            "equity": null,
            "current_ratio": null,
            "debt_ratio": null,
            "inventory_turnover_ratio": null,
            "account_receivable_turnover_ratio": null,
            "reinvestment_rate": null,
            "research_to_sale_ratio": null,
            "price_fair": 0,
            "eps_avg_yearly": 0,
            "eps_latest_yearly": 0,
            "eps_growth_yearly": 0
        },
        "20041": {
            "year_quarter": 20041,
            "year": 2004,
            "quarter": 1,
            "eps": null,
            "eps_growth_year": null,
            "eps_4q": null,
            "eps_4q_growth_year": null,
            "roe": null,
            "roe_4q": 0,
            "gross_profit": null,
            "gross_margin": null,
            "gross_margin_4q_avg": 0,
            "net_income": null,
            "revenue": null,
            "common_shares": null,
            "book_valuer_per_share": null,
            "book_valuer_per_share_4q_avg": 0,
            "equity": null,
            "current_ratio": null,
            "debt_ratio": null,
            "inventory_turnover_ratio": null,
            "account_receivable_turnover_ratio": null,
            "reinvestment_rate": null,
            "research_to_sale_ratio": null,
            "price_fair": 0,
            "eps_avg_yearly": 0,
            "eps_latest_yearly": 0,
            "eps_growth_yearly": 0
        },
        "20042": {
            "year_quarter": 20042,
            "year": 2004,
            "quarter": 2,
            "eps": null,
            "eps_growth_year": null,
            "eps_4q": null,
            "eps_4q_growth_year": null,
            "roe": null,
            "roe_4q": 0,
            "gross_profit": null,
            "gross_margin": null,
            "gross_margin_4q_avg": 0,
            "net_income": null,
            "revenue": null,
            "common_shares": null,
            "book_valuer_per_share": null,
            "book_valuer_per_share_4q_avg": 0,
            "equity": null,
            "current_ratio": null,
            "debt_ratio": null,
            "inventory_turnover_ratio": null,
            "account_receivable_turnover_ratio": null,
            "reinvestment_rate": null,
            "research_to_sale_ratio": null,
            "price_fair": 0,
            "eps_avg_yearly": 0,
            "eps_latest_yearly": 0,
            "eps_growth_yearly": 0
        },
        "20043": {
            "year_quarter": 20043,
            "year": 2004,
            "quarter": 3,
            "eps": null,
            "eps_growth_year": null,
            "eps_4q": null,
            "eps_4q_growth_year": null,
            "roe": null,
            "roe_4q": 0,
            "gross_profit": null,
            "gross_margin": null,
            "gross_margin_4q_avg": 0,
            "net_income": null,
            "revenue": null,
            "common_shares": null,
            "book_valuer_per_share": null,
            "book_valuer_per_share_4q_avg": 0,
            "equity": null,
            "current_ratio": null,
            "debt_ratio": null,
            "inventory_turnover_ratio": null,
            "account_receivable_turnover_ratio": null,
            "reinvestment_rate": null,
            "research_to_sale_ratio": null,
            "price_fair": 0,
            "eps_avg_yearly": 0,
            "eps_latest_yearly": 0,
            "eps_growth_yearly": 0
        },
        "20044": {
            "year_quarter": 20044,
            "year": 2004,
            "quarter": 4,
            "eps": null,
            "eps_growth_year": null,
            "eps_4q": null,
            "eps_4q_growth_year": null,
            "roe": null,
            "roe_4q": 0,
            "gross_profit": null,
            "gross_margin": null,
            "gross_margin_4q_avg": 0,
            "net_income": null,
            "revenue": null,
            "common_shares": null,
            "book_valuer_per_share": null,
            "book_valuer_per_share_4q_avg": 0,
            "equity": null,
            "current_ratio": null,
            "debt_ratio": null,
            "inventory_turnover_ratio": null,
            "account_receivable_turnover_ratio": null,
            "reinvestment_rate": null,
            "research_to_sale_ratio": null,
            "price_fair": 0,
            "eps_avg_yearly": 0,
            "eps_latest_yearly": 0,
            "eps_growth_yearly": 0
        },
        "20051": {
            "year_quarter": 20051,
            "year": 2005,
            "quarter": 1,
            "eps": null,
            "eps_growth_year": null,
            "eps_4q": null,
            "eps_4q_growth_year": null,
            "roe": null,
            "roe_4q": 0,
            "gross_profit": null,
            "gross_margin": null,
            "gross_margin_4q_avg": 0,
            "net_income": null,
            "revenue": null,
            "common_shares": null,
            "book_valuer_per_share": null,
            "book_valuer_per_share_4q_avg": 0,
            "equity": null,
            "current_ratio": null,
            "debt_ratio": null,
            "inventory_turnover_ratio": null,
            "account_receivable_turnover_ratio": null,
            "reinvestment_rate": null,
            "research_to_sale_ratio": null,
            "price_fair": 0,
            "eps_avg_yearly": 0,
            "eps_latest_yearly": 0,
            "eps_growth_yearly": 0
        },
        "20052": {
            "year_quarter": 20052,
            "year": 2005,
            "quarter": 2,
            "eps": null,
            "eps_growth_year": null,
            "eps_4q": null,
            "eps_4q_growth_year": null,
            "roe": null,
            "roe_4q": 0,
            "gross_profit": null,
            "gross_margin": null,
            "gross_margin_4q_avg": 0,
            "net_income": null,
            "revenue": null,
            "common_shares": null,
            "book_valuer_per_share": null,
            "book_valuer_per_share_4q_avg": 0,
            "equity": null,
            "current_ratio": null,
            "debt_ratio": null,
            "inventory_turnover_ratio": null,
            "account_receivable_turnover_ratio": null,
            "reinvestment_rate": null,
            "research_to_sale_ratio": null,
            "price_fair": 0,
            "eps_avg_yearly": 0,
            "eps_latest_yearly": 0,
            "eps_growth_yearly": 0
        },
        "20053": {
            "year_quarter": 20053,
            "year": 2005,
            "quarter": 3,
            "eps": null,
            "eps_growth_year": null,
            "eps_4q": null,
            "eps_4q_growth_year": null,
            "roe": null,
            "roe_4q": 0,
            "gross_profit": null,
            "gross_margin": null,
            "gross_margin_4q_avg": 0,
            "net_income": null,
            "revenue": null,
            "common_shares": null,
            "book_valuer_per_share": null,
            "book_valuer_per_share_4q_avg": 0,
            "equity": null,
            "current_ratio": null,
            "debt_ratio": null,
            "inventory_turnover_ratio": null,
            "account_receivable_turnover_ratio": null,
            "reinvestment_rate": null,
            "research_to_sale_ratio": null,
            "price_fair": 0,
            "eps_avg_yearly": 0,
            "eps_latest_yearly": 0,
            "eps_growth_yearly": 0
        },
        "20054": {
            "year_quarter": 20054,
            "year": 2005,
            "quarter": 4,
            "eps": null,
            "eps_growth_year": null,
            "eps_4q": null,
            "eps_4q_growth_year": null,
            "roe": null,
            "roe_4q": 0,
            "gross_profit": null,
            "gross_margin": null,
            "gross_margin_4q_avg": 0,
            "net_income": null,
            "revenue": null,
            "common_shares": null,
            "book_valuer_per_share": null,
            "book_valuer_per_share_4q_avg": 0,
            "equity": null,
            "current_ratio": null,
            "debt_ratio": null,
            "inventory_turnover_ratio": null,
            "account_receivable_turnover_ratio": null,
            "reinvestment_rate": null,
            "research_to_sale_ratio": null,
            "price_fair": 0,
            "eps_avg_yearly": 0,
            "eps_latest_yearly": 0,
            "eps_growth_yearly": 0
        },
        "20061": {
            "year_quarter": 20061,
            "year": 2006,
            "quarter": 1,
            "eps": null,
            "eps_growth_year": null,
            "eps_4q": null,
            "eps_4q_growth_year": null,
            "roe": null,
            "roe_4q": 0,
            "gross_profit": null,
            "gross_margin": null,
            "gross_margin_4q_avg": 0,
            "net_income": null,
            "revenue": null,
            "common_shares": null,
            "book_valuer_per_share": null,
            "book_valuer_per_share_4q_avg": 0,
            "equity": null,
            "current_ratio": null,
            "debt_ratio": null,
            "inventory_turnover_ratio": null,
            "account_receivable_turnover_ratio": null,
            "reinvestment_rate": null,
            "research_to_sale_ratio": null,
            "price_fair": 0,
            "eps_avg_yearly": 0,
            "eps_latest_yearly": 0,
            "eps_growth_yearly": 0
        },
        "20062": {
            "year_quarter": 20062,
            "year": 2006,
            "quarter": 2,
            "eps": null,
            "eps_growth_year": null,
            "eps_4q": null,
            "eps_4q_growth_year": null,
            "roe": null,
            "roe_4q": 0,
            "gross_profit": null,
            "gross_margin": null,
            "gross_margin_4q_avg": 0,
            "net_income": null,
            "revenue": null,
            "common_shares": null,
            "book_valuer_per_share": null,
            "book_valuer_per_share_4q_avg": 0,
            "equity": null,
            "current_ratio": null,
            "debt_ratio": null,
            "inventory_turnover_ratio": null,
            "account_receivable_turnover_ratio": null,
            "reinvestment_rate": null,
            "research_to_sale_ratio": null,
            "price_fair": 0,
            "eps_avg_yearly": 0,
            "eps_latest_yearly": 0,
            "eps_growth_yearly": 0
        },
        "20063": {
            "year_quarter": 20063,
            "year": 2006,
            "quarter": 3,
            "eps": null,
            "eps_growth_year": null,
            "eps_4q": null,
            "eps_4q_growth_year": null,
            "roe": null,
            "roe_4q": 0,
            "gross_profit": null,
            "gross_margin": null,
            "gross_margin_4q_avg": 0,
            "net_income": null,
            "revenue": null,
            "common_shares": null,
            "book_valuer_per_share": null,
            "book_valuer_per_share_4q_avg": 0,
            "equity": null,
            "current_ratio": null,
            "debt_ratio": null,
            "inventory_turnover_ratio": null,
            "account_receivable_turnover_ratio": null,
            "reinvestment_rate": null,
            "research_to_sale_ratio": null,
            "price_fair": 0,
            "eps_avg_yearly": 0,
            "eps_latest_yearly": 0,
            "eps_growth_yearly": 0
        },
        "20064": {
            "year_quarter": 20064,
            "year": 2006,
            "quarter": 4,
            "eps": null,
            "eps_growth_year": null,
            "eps_4q": null,
            "eps_4q_growth_year": null,
            "roe": null,
            "roe_4q": 0,
            "gross_profit": null,
            "gross_margin": null,
            "gross_margin_4q_avg": 0,
            "net_income": null,
            "revenue": null,
            "common_shares": null,
            "book_valuer_per_share": null,
            "book_valuer_per_share_4q_avg": 0,
            "equity": null,
            "current_ratio": null,
            "debt_ratio": null,
            "inventory_turnover_ratio": null,
            "account_receivable_turnover_ratio": null,
            "reinvestment_rate": null,
            "research_to_sale_ratio": null,
            "price_fair": 0,
            "eps_avg_yearly": 0,
            "eps_latest_yearly": 0,
            "eps_growth_yearly": 0
        },
        "20071": {
            "year_quarter": 20071,
            "year": 2007,
            "quarter": 1,
            "eps": null,
            "eps_growth_year": null,
            "eps_4q": null,
            "eps_4q_growth_year": null,
            "roe": null,
            "roe_4q": 0,
            "gross_profit": null,
            "gross_margin": null,
            "gross_margin_4q_avg": 0,
            "net_income": null,
            "revenue": null,
            "common_shares": null,
            "book_valuer_per_share": null,
            "book_valuer_per_share_4q_avg": 0,
            "equity": null,
            "current_ratio": null,
            "debt_ratio": null,
            "inventory_turnover_ratio": null,
            "account_receivable_turnover_ratio": null,
            "reinvestment_rate": null,
            "research_to_sale_ratio": null,
            "price_fair": 0,
            "eps_avg_yearly": 0,
            "eps_latest_yearly": 0,
            "eps_growth_yearly": 0
        },
        "20072": {
            "year_quarter": 20072,
            "year": 2007,
            "quarter": 2,
            "eps": null,
            "eps_growth_year": null,
            "eps_4q": null,
            "eps_4q_growth_year": null,
            "roe": null,
            "roe_4q": 0,
            "gross_profit": null,
            "gross_margin": null,
            "gross_margin_4q_avg": 0,
            "net_income": null,
            "revenue": null,
            "common_shares": null,
            "book_valuer_per_share": null,
            "book_valuer_per_share_4q_avg": 0,
            "equity": null,
            "current_ratio": null,
            "debt_ratio": null,
            "inventory_turnover_ratio": null,
            "account_receivable_turnover_ratio": null,
            "reinvestment_rate": null,
            "research_to_sale_ratio": null,
            "price_fair": 0,
            "eps_avg_yearly": 0,
            "eps_latest_yearly": 0,
            "eps_growth_yearly": 0
        },
        "20073": {
            "year_quarter": 20073,
            "year": 2007,
            "quarter": 3,
            "eps": null,
            "eps_growth_year": null,
            "eps_4q": null,
            "eps_4q_growth_year": null,
            "roe": null,
            "roe_4q": 0,
            "gross_profit": null,
            "gross_margin": null,
            "gross_margin_4q_avg": 0,
            "net_income": null,
            "revenue": null,
            "common_shares": null,
            "book_valuer_per_share": null,
            "book_valuer_per_share_4q_avg": 0,
            "equity": null,
            "current_ratio": null,
            "debt_ratio": null,
            "inventory_turnover_ratio": null,
            "account_receivable_turnover_ratio": null,
            "reinvestment_rate": null,
            "research_to_sale_ratio": null,
            "price_fair": 0,
            "eps_avg_yearly": 0,
            "eps_latest_yearly": 0,
            "eps_growth_yearly": 0
        },
        "20074": {
            "year_quarter": 20074,
            "year": 2007,
            "quarter": 4,
            "eps": null,
            "eps_growth_year": null,
            "eps_4q": null,
            "eps_4q_growth_year": null,
            "roe": null,
            "roe_4q": 0,
            "gross_profit": null,
            "gross_margin": null,
            "gross_margin_4q_avg": 0,
            "net_income": null,
            "revenue": null,
            "common_shares": null,
            "book_valuer_per_share": null,
            "book_valuer_per_share_4q_avg": 0,
            "equity": null,
            "current_ratio": null,
            "debt_ratio": null,
            "inventory_turnover_ratio": null,
            "account_receivable_turnover_ratio": null,
            "reinvestment_rate": null,
            "research_to_sale_ratio": null,
            "price_fair": 0,
            "eps_avg_yearly": 0,
            "eps_latest_yearly": 0,
            "eps_growth_yearly": 0
        },
        "20081": {
            "year_quarter": 20081,
            "year": 2008,
            "quarter": 1,
            "eps": null,
            "eps_growth_year": null,
            "eps_4q": null,
            "eps_4q_growth_year": null,
            "roe": null,
            "roe_4q": 0,
            "gross_profit": null,
            "gross_margin": null,
            "gross_margin_4q_avg": 0,
            "net_income": null,
            "revenue": null,
            "common_shares": null,
            "book_valuer_per_share": null,
            "book_valuer_per_share_4q_avg": 0,
            "equity": null,
            "current_ratio": null,
            "debt_ratio": null,
            "inventory_turnover_ratio": null,
            "account_receivable_turnover_ratio": null,
            "reinvestment_rate": null,
            "research_to_sale_ratio": null,
            "price_fair": 0,
            "eps_avg_yearly": 0,
            "eps_latest_yearly": 0,
            "eps_growth_yearly": 0
        },
        "20082": {
            "year_quarter": 20082,
            "year": 2008,
            "quarter": 2,
            "eps": null,
            "eps_growth_year": null,
            "eps_4q": null,
            "eps_4q_growth_year": null,
            "roe": null,
            "roe_4q": 0,
            "gross_profit": null,
            "gross_margin": null,
            "gross_margin_4q_avg": 0,
            "net_income": null,
            "revenue": null,
            "common_shares": null,
            "book_valuer_per_share": null,
            "book_valuer_per_share_4q_avg": 0,
            "equity": null,
            "current_ratio": null,
            "debt_ratio": null,
            "inventory_turnover_ratio": null,
            "account_receivable_turnover_ratio": null,
            "reinvestment_rate": null,
            "research_to_sale_ratio": null,
            "price_fair": 0,
            "eps_avg_yearly": 0,
            "eps_latest_yearly": 0,
            "eps_growth_yearly": 0
        },
        "20083": {
            "year_quarter": 20083,
            "year": 2008,
            "quarter": 3,
            "eps": null,
            "eps_growth_year": null,
            "eps_4q": null,
            "eps_4q_growth_year": null,
            "roe": null,
            "roe_4q": 0,
            "gross_profit": null,
            "gross_margin": null,
            "gross_margin_4q_avg": 0,
            "net_income": null,
            "revenue": null,
            "common_shares": null,
            "book_valuer_per_share": null,
            "book_valuer_per_share_4q_avg": 0,
            "equity": null,
            "current_ratio": null,
            "debt_ratio": null,
            "inventory_turnover_ratio": null,
            "account_receivable_turnover_ratio": null,
            "reinvestment_rate": null,
            "research_to_sale_ratio": null,
            "price_fair": 0,
            "eps_avg_yearly": 0,
            "eps_latest_yearly": 0,
            "eps_growth_yearly": 0
        },
        "20084": {
            "year_quarter": 20084,
            "year": 2008,
            "quarter": 4,
            "eps": null,
            "eps_growth_year": null,
            "eps_4q": null,
            "eps_4q_growth_year": null,
            "roe": null,
            "roe_4q": 0,
            "gross_profit": null,
            "gross_margin": null,
            "gross_margin_4q_avg": 0,
            "net_income": null,
            "revenue": null,
            "common_shares": 10512343,
            "book_valuer_per_share": null,
            "book_valuer_per_share_4q_avg": 0,
            "equity": 11040036,
            "current_ratio": null,
            "debt_ratio": null,
            "inventory_turnover_ratio": null,
            "account_receivable_turnover_ratio": null,
            "reinvestment_rate": null,
            "research_to_sale_ratio": null,
            "price_fair": 0,
            "eps_avg_yearly": 0,
            "eps_latest_yearly": 0,
            "eps_growth_yearly": 0
        },
        "20091": {
            "year_quarter": 20091,
            "year": 2009,
            "quarter": 1,
            "eps": null,
            "eps_growth_year": null,
            "eps_4q": null,
            "eps_4q_growth_year": null,
            "roe": null,
            "roe_4q": 0,
            "gross_profit": null,
            "gross_margin": null,
            "gross_margin_4q_avg": 0,
            "net_income": -23314,
            "revenue": 561819,
            "common_shares": 10512343,
            "book_valuer_per_share": null,
            "book_valuer_per_share_4q_avg": 0,
            "equity": 11031489,
            "current_ratio": null,
            "debt_ratio": null,
            "inventory_turnover_ratio": null,
            "account_receivable_turnover_ratio": null,
            "reinvestment_rate": null,
            "research_to_sale_ratio": null,
            "price_fair": 0,
            "eps_avg_yearly": 0,
            "eps_latest_yearly": 0,
            "eps_growth_yearly": 0
        },
        "20092": {
            "year_quarter": 20092,
            "year": 2009,
            "quarter": 2,
            "eps": null,
            "eps_growth_year": null,
            "eps_4q": null,
            "eps_4q_growth_year": null,
            "roe": null,
            "roe_4q": 0,
            "gross_profit": null,
            "gross_margin": null,
            "gross_margin_4q_avg": 0,
            "net_income": -37288,
            "revenue": 686715,
            "common_shares": 10512343,
            "book_valuer_per_share": null,
            "book_valuer_per_share_4q_avg": 0,
            "equity": 10877602,
            "current_ratio": null,
            "debt_ratio": null,
            "inventory_turnover_ratio": null,
            "account_receivable_turnover_ratio": null,
            "reinvestment_rate": null,
            "research_to_sale_ratio": null,
            "price_fair": 0,
            "eps_avg_yearly": 0,
            "eps_latest_yearly": 0,
            "eps_growth_yearly": 0
        },
        "20093": {
            "year_quarter": 20093,
            "year": 2009,
            "quarter": 3,
            "eps": null,
            "eps_growth_year": null,
            "eps_4q": null,
            "eps_4q_growth_year": null,
            "roe": null,
            "roe_4q": 0,
            "gross_profit": null,
            "gross_margin": null,
            "gross_margin_4q_avg": 0,
            "net_income": 71360,
            "revenue": 789283,
            "common_shares": 10512343,
            "book_valuer_per_share": null,
            "book_valuer_per_share_4q_avg": 0,
            "equity": 10953549,
            "current_ratio": null,
            "debt_ratio": null,
            "inventory_turnover_ratio": null,
            "account_receivable_turnover_ratio": null,
            "reinvestment_rate": null,
            "research_to_sale_ratio": null,
            "price_fair": 0,
            "eps_avg_yearly": 0,
            "eps_latest_yearly": 0,
            "eps_growth_yearly": 0
        },
        "20094": {
            "year_quarter": 20094,
            "year": 2009,
            "quarter": 4,
            "eps": null,
            "eps_growth_year": null,
            "eps_4q": null,
            "eps_4q_growth_year": null,
            "roe": null,
            "roe_4q": 0,
            "gross_profit": null,
            "gross_margin": null,
            "gross_margin_4q_avg": 0,
            "net_income": 14586,
            "revenue": 757426,
            "common_shares": 10512343,
            "book_valuer_per_share": 10.62,
            "book_valuer_per_share_4q_avg": 2.66,
            "equity": 11160529,
            "current_ratio": null,
            "debt_ratio": 93.11,
            "inventory_turnover_ratio": null,
            "account_receivable_turnover_ratio": null,
            "reinvestment_rate": null,
            "research_to_sale_ratio": null,
            "price_fair": 0,
            "eps_avg_yearly": 0,
            "eps_latest_yearly": 0,
            "eps_growth_yearly": 0
        },
        "20101": {
            "year_quarter": 20101,
            "year": 2010,
            "quarter": 1,
            "eps": 0.27,
            "eps_growth_year": null,
            "eps_4q": 0.27,
            "eps_4q_growth_year": null,
            "roe": 2.46,
            "roe_4q": 2.46,
            "gross_profit": null,
            "gross_margin": null,
            "gross_margin_4q_avg": 0,
            "net_income": 279345,
            "revenue": 909109,
            "common_shares": 10512343,
            "book_valuer_per_share": 10.99,
            "book_valuer_per_share_4q_avg": 5.4,
            "equity": 11551217,
            "current_ratio": null,
            "debt_ratio": 92.81,
            "inventory_turnover_ratio": null,
            "account_receivable_turnover_ratio": 6.19,
            "reinvestment_rate": null,
            "research_to_sale_ratio": null,
            "price_fair": 0,
            "eps_avg_yearly": 0,
            "eps_latest_yearly": 0,
            "eps_growth_yearly": 0
        },
        "20102": {
            "year_quarter": 20102,
            "year": 2010,
            "quarter": 2,
            "eps": 0.5,
            "eps_growth_year": null,
            "eps_4q": 0.77,
            "eps_4q_growth_year": null,
            "roe": 4.46,
            "roe_4q": 6.92,
            "gross_profit": null,
            "gross_margin": null,
            "gross_margin_4q_avg": 0,
            "net_income": 525966,
            "revenue": 896656,
            "common_shares": 10512343,
            "book_valuer_per_share": 11.47,
            "book_valuer_per_share_4q_avg": 8.27,
            "equity": 12052716,
            "current_ratio": null,
            "debt_ratio": 92.31,
            "inventory_turnover_ratio": null,
            "account_receivable_turnover_ratio": 8.58,
            "reinvestment_rate": null,
            "research_to_sale_ratio": null,
            "price_fair": 70,
            "eps_avg_yearly": 2,
            "eps_latest_yearly": 2,
            "eps_growth_yearly": 340.74
        },
        "20103": {
            "year_quarter": 20103,
            "year": 2010,
            "quarter": 3,
            "eps": 0.51,
            "eps_growth_year": null,
            "eps_4q": 1.27,
            "eps_4q_growth_year": null,
            "roe": 4.32,
            "roe_4q": 11.240000000000002,
            "gross_profit": null,
            "gross_margin": null,
            "gross_margin_4q_avg": 0,
            "net_income": 533938,
            "revenue": 979777,
            "common_shares": 10512343,
            "book_valuer_per_share": 12.04,
            "book_valuer_per_share_4q_avg": 11.28,
            "equity": 12655440,
            "current_ratio": null,
            "debt_ratio": 92.36,
            "inventory_turnover_ratio": null,
            "account_receivable_turnover_ratio": 16.7,
            "reinvestment_rate": null,
            "research_to_sale_ratio": null,
            "price_fair": 70.7,
            "eps_avg_yearly": 2.02,
            "eps_latest_yearly": 2.04,
            "eps_growth_yearly": 174.37
        },
        "20104": {
            "year_quarter": 20104,
            "year": 2010,
            "quarter": 4,
            "eps": 0.48,
            "eps_growth_year": null,
            "eps_4q": 1.76,
            "eps_4q_growth_year": null,
            "roe": 3.94,
            "roe_4q": 15.18,
            "gross_profit": null,
            "gross_margin": null,
            "gross_margin_4q_avg": 0,
            "net_income": 507007,
            "revenue": 942788,
            "common_shares": 10512343,
            "book_valuer_per_share": 12.45,
            "book_valuer_per_share_4q_avg": 11.74,
            "equity": 13075076,
            "current_ratio": null,
            "debt_ratio": 92.25,
            "inventory_turnover_ratio": null,
            "account_receivable_turnover_ratio": 27.66,
            "reinvestment_rate": null,
            "research_to_sale_ratio": null,
            "price_fair": 69.53,
            "eps_avg_yearly": 1.99,
            "eps_latest_yearly": 1.92,
            "eps_growth_yearly": 108.4
        },
        "20111": {
            "year_quarter": 20111,
            "year": 2011,
            "quarter": 1,
            "eps": 0.68,
            "eps_growth_year": 151.85,
            "eps_4q": 2.18,
            "eps_4q_growth_year": 719,
            "roe": 5.34,
            "roe_4q": 18.06,
            "gross_profit": null,
            "gross_margin": null,
            "gross_margin_4q_avg": 0,
            "net_income": 718107,
            "revenue": 1098376,
            "common_shares": 10512343,
            "book_valuer_per_share": 13.16,
            "book_valuer_per_share_4q_avg": 12.28,
            "equity": 13815161,
            "current_ratio": null,
            "debt_ratio": 91.88,
            "inventory_turnover_ratio": null,
            "account_receivable_turnover_ratio": 38.36,
            "reinvestment_rate": null,
            "research_to_sale_ratio": null,
            "price_fair": 75.95,
            "eps_avg_yearly": 2.17,
            "eps_latest_yearly": 2.72,
            "eps_growth_yearly": 122.97
        },
        "20112": {
            "year_quarter": 20112,
            "year": 2011,
            "quarter": 2,
            "eps": 0.55,
            "eps_growth_year": 9.01,
            "eps_4q": 2.22,
            "eps_4q_growth_year": 189.9,
            "roe": 4.06,
            "roe_4q": 17.659999999999997,
            "gross_profit": null,
            "gross_margin": null,
            "gross_margin_4q_avg": 0,
            "net_income": 572648,
            "revenue": 1120351,
            "common_shares": 10512343,
            "book_valuer_per_share": 13.72,
            "book_valuer_per_share_4q_avg": 12.84,
            "equity": 14401074,
            "current_ratio": null,
            "debt_ratio": 91.69,
            "inventory_turnover_ratio": null,
            "account_receivable_turnover_ratio": 34.92,
            "reinvestment_rate": null,
            "research_to_sale_ratio": null,
            "price_fair": 76.16,
            "eps_avg_yearly": 2.18,
            "eps_latest_yearly": 2.2,
            "eps_growth_yearly": 83.08
        },
        "20113": {
            "year_quarter": 20113,
            "year": 2011,
            "quarter": 3,
            "eps": 0.54,
            "eps_growth_year": 6.34,
            "eps_4q": 2.25,
            "eps_4q_growth_year": 76.83,
            "roe": 3.87,
            "roe_4q": 17.21,
            "gross_profit": null,
            "gross_margin": null,
            "gross_margin_4q_avg": 0,
            "net_income": 567006,
            "revenue": 1007297,
            "common_shares": 10512343,
            "book_valuer_per_share": 14.19,
            "book_valuer_per_share_4q_avg": 13.38,
            "equity": 14891243,
            "current_ratio": null,
            "debt_ratio": 91.65,
            "inventory_turnover_ratio": null,
            "account_receivable_turnover_ratio": 35.55,
            "reinvestment_rate": null,
            "research_to_sale_ratio": null,
            "price_fair": 76.07,
            "eps_avg_yearly": 2.17,
            "eps_latest_yearly": 2.16,
            "eps_growth_yearly": 68.02
        },
        "20114": {
            "year_quarter": 20114,
            "year": 2011,
            "quarter": 4,
            "eps": 0.7,
            "eps_growth_year": 45.5,
            "eps_4q": 2.49,
            "eps_4q_growth_year": 41.55,
            "roe": 4.8,
            "roe_4q": 18.07,
            "gross_profit": null,
            "gross_margin": null,
            "gross_margin_4q_avg": 0,
            "net_income": 730673,
            "revenue": 1169363,
            "common_shares": 10512343,
            "book_valuer_per_share": 14.95,
            "book_valuer_per_share_4q_avg": 14.01,
            "equity": 15546692,
            "current_ratio": null,
            "debt_ratio": 91.18,
            "inventory_turnover_ratio": null,
            "account_receivable_turnover_ratio": 45.64,
            "reinvestment_rate": null,
            "research_to_sale_ratio": null,
            "price_fair": 79.2,
            "eps_avg_yearly": 2.26,
            "eps_latest_yearly": 2.8,
            "eps_growth_yearly": 75.24
        },
        "20121": {
            "year_quarter": 20121,
            "year": 2012,
            "quarter": 1,
            "eps": 0.69,
            "eps_growth_year": 1.47,
            "eps_4q": 2.49,
            "eps_4q_growth_year": 14.29,
            "roe": 4.54,
            "roe_4q": 17.27,
            "gross_profit": null,
            "gross_margin": null,
            "gross_margin_4q_avg": 0,
            "net_income": 723722,
            "revenue": 1225242,
            "common_shares": 10512343,
            "book_valuer_per_share": 15.68,
            "book_valuer_per_share_4q_avg": 14.64,
            "equity": 16352367,
            "current_ratio": null,
            "debt_ratio": 91.07,
            "inventory_turnover_ratio": null,
            "account_receivable_turnover_ratio": 30.83,
            "reinvestment_rate": null,
            "research_to_sale_ratio": null,
            "price_fair": 81.38,
            "eps_avg_yearly": 2.33,
            "eps_latest_yearly": 2.76,
            "eps_growth_yearly": 65.12
        },
        "20122": {
            "year_quarter": 20122,
            "year": 2012,
            "quarter": 2,
            "eps": 0.78,
            "eps_growth_year": 42.98,
            "eps_4q": 2.7,
            "eps_4q_growth_year": 21.7,
            "roe": 4.87,
            "roe_4q": 18.080000000000002,
            "gross_profit": null,
            "gross_margin": null,
            "gross_margin_4q_avg": 0,
            "net_income": 819789,
            "revenue": 1372690,
            "common_shares": 10512343,
            "book_valuer_per_share": 16.45,
            "book_valuer_per_share_4q_avg": 15.32,
            "equity": 17291987,
            "current_ratio": null,
            "debt_ratio": 90.77,
            "inventory_turnover_ratio": null,
            "account_receivable_turnover_ratio": 26.85,
            "reinvestment_rate": null,
            "research_to_sale_ratio": null,
            "price_fair": 84.47,
            "eps_avg_yearly": 2.41,
            "eps_latest_yearly": 3.12,
            "eps_growth_yearly": 63.68
        },
        "20123": {
            "year_quarter": 20123,
            "year": 2012,
            "quarter": 3,
            "eps": 0.88,
            "eps_growth_year": 62.99,
            "eps_4q": 3.04,
            "eps_4q_growth_year": 35.11,
            "roe": 5.2,
            "roe_4q": 19.41,
            "gross_profit": null,
            "gross_margin": null,
            "gross_margin_4q_avg": 0,
            "net_income": 925488,
            "revenue": 1469505,
            "common_shares": 10512343,
            "book_valuer_per_share": 17.39,
            "book_valuer_per_share_4q_avg": 16.12,
            "equity": 18281566,
            "current_ratio": null,
            "debt_ratio": 90.41,
            "inventory_turnover_ratio": null,
            "account_receivable_turnover_ratio": 36.11,
            "reinvestment_rate": null,
            "research_to_sale_ratio": null,
            "price_fair": 88.34,
            "eps_avg_yearly": 2.52,
            "eps_latest_yearly": 3.52,
            "eps_growth_yearly": 62.44
        },
        "20124": {
            "year_quarter": 20124,
            "year": 2012,
            "quarter": 4,
            "eps": 0.93,
            "eps_growth_year": 31.99,
            "eps_4q": 3.28,
            "eps_4q_growth_year": 31.62,
            "roe": 5.08,
            "roe_4q": 19.69,
            "gross_profit": null,
            "gross_margin": null,
            "gross_margin_4q_avg": 0,
            "net_income": 974897,
            "revenue": 1442081,
            "common_shares": 10512343,
            "book_valuer_per_share": 19.12,
            "book_valuer_per_share_4q_avg": 17.16,
            "equity": 20100355,
            "current_ratio": null,
            "debt_ratio": 89.65,
            "inventory_turnover_ratio": null,
            "account_receivable_turnover_ratio": 45.04,
            "reinvestment_rate": -7.6,
            "research_to_sale_ratio": null,
            "price_fair": 92.15,
            "eps_avg_yearly": 2.63,
            "eps_latest_yearly": 3.72,
            "eps_growth_yearly": 58.83
        },
        "20131": {
            "year_quarter": 20131,
            "year": 2013,
            "quarter": 1,
            "eps": 0.98,
            "eps_growth_year": 42.03,
            "eps_4q": 3.16,
            "eps_4q_growth_year": 26.94,
            "roe": 5.03,
            "roe_4q": 20.18,
            "gross_profit": null,
            "gross_margin": null,
            "gross_margin_4q_avg": 0,
            "net_income": 1072401,
            "revenue": 1827595,
            "common_shares": 12012343,
            "book_valuer_per_share": 18.74,
            "book_valuer_per_share_4q_avg": 17.93,
            "equity": 22513062,
            "current_ratio": null,
            "debt_ratio": 88.64,
            "inventory_turnover_ratio": null,
            "account_receivable_turnover_ratio": 52.27,
            "reinvestment_rate": -6,
            "research_to_sale_ratio": null,
            "price_fair": 95.9,
            "eps_avg_yearly": 2.74,
            "eps_latest_yearly": 3.92,
            "eps_growth_yearly": 55.72
        },
        "20132": {
            "year_quarter": 20132,
            "year": 2013,
            "quarter": 2,
            "eps": 0.68,
            "eps_growth_year": -12.8,
            "eps_4q": 3.16,
            "eps_4q_growth_year": 16.96,
            "roe": 3.78,
            "roe_4q": 19.09,
            "gross_profit": null,
            "gross_margin": null,
            "gross_margin_4q_avg": 0,
            "net_income": 824351,
            "revenue": 1469557,
            "common_shares": 12012343,
            "book_valuer_per_share": 17.61,
            "book_valuer_per_share_4q_avg": 18.22,
            "equity": 21149317,
            "current_ratio": null,
            "debt_ratio": 89.86,
            "inventory_turnover_ratio": null,
            "account_receivable_turnover_ratio": 43.55,
            "reinvestment_rate": -5.5,
            "research_to_sale_ratio": null,
            "price_fair": 95.85,
            "eps_avg_yearly": 2.74,
            "eps_latest_yearly": 2.72,
            "eps_growth_yearly": 42.01
        },
        "20133": {
            "year_quarter": 20133,
            "year": 2013,
            "quarter": 3,
            "eps": 0.92,
            "eps_growth_year": 4.5,
            "eps_4q": 3.31,
            "eps_4q_growth_year": 8.75,
            "roe": 5.02,
            "roe_4q": 18.909999999999997,
            "gross_profit": null,
            "gross_margin": null,
            "gross_margin_4q_avg": 0,
            "net_income": 1104505,
            "revenue": 1755268,
            "common_shares": 12012343,
            "book_valuer_per_share": 19.04,
            "book_valuer_per_share_4q_avg": 18.63,
            "equity": 22869994,
            "current_ratio": null,
            "debt_ratio": 89.2,
            "inventory_turnover_ratio": null,
            "account_receivable_turnover_ratio": 43.28,
            "reinvestment_rate": -4.79,
            "research_to_sale_ratio": null,
            "price_fair": 98.2,
            "eps_avg_yearly": 2.81,
            "eps_latest_yearly": 3.68,
            "eps_growth_yearly": 49.1
        },
        "20134": {
            "year_quarter": 20134,
            "year": 2013,
            "quarter": 4,
            "eps": 0.95,
            "eps_growth_year": 2.4,
            "eps_4q": 3.45,
            "eps_4q_growth_year": 5.25,
            "roe": 4.84,
            "roe_4q": 18.669999999999998,
            "gross_profit": null,
            "gross_margin": null,
            "gross_margin_4q_avg": 0,
            "net_income": 1140756,
            "revenue": 1719632,
            "common_shares": 12012343,
            "book_valuer_per_share": 20.24,
            "book_valuer_per_share_4q_avg": 18.91,
            "equity": 24307974,
            "current_ratio": null,
            "debt_ratio": 88.64,
            "inventory_turnover_ratio": null,
            "account_receivable_turnover_ratio": 37.62,
            "reinvestment_rate": -4.19,
            "research_to_sale_ratio": null,
            "price_fair": 100.52,
            "eps_avg_yearly": 2.87,
            "eps_latest_yearly": 3.8,
            "eps_growth_yearly": 46.69
        },
        "20141": {
            "year_quarter": 20141,
            "year": 2014,
            "quarter": 1,
            "eps": 1.05,
            "eps_growth_year": 7.14,
            "eps_4q": 3.61,
            "eps_4q_growth_year": 14.29,
            "roe": 5.03,
            "roe_4q": 18.67,
            "gross_profit": null,
            "gross_margin": null,
            "gross_margin_4q_avg": 0,
            "net_income": 1264937,
            "revenue": 1758428,
            "common_shares": 12012343,
            "book_valuer_per_share": 21.65,
            "book_valuer_per_share_4q_avg": 19.64,
            "equity": 26012399,
            "current_ratio": null,
            "debt_ratio": 88.28,
            "inventory_turnover_ratio": null,
            "account_receivable_turnover_ratio": 36.29,
            "reinvestment_rate": -3.78,
            "research_to_sale_ratio": null,
            "price_fair": 103.43,
            "eps_avg_yearly": 2.96,
            "eps_latest_yearly": 4.2,
            "eps_growth_yearly": 46.41
        },
        "20142": {
            "year_quarter": 20142,
            "year": 2014,
            "quarter": 2,
            "eps": 1.35,
            "eps_growth_year": 98.53,
            "eps_4q": 4.27,
            "eps_4q_growth_year": 35.14,
            "roe": 6.17,
            "roe_4q": 21.06,
            "gross_profit": null,
            "gross_margin": null,
            "gross_margin_4q_avg": 0,
            "net_income": 1621169,
            "revenue": 2449343,
            "common_shares": 12012343,
            "book_valuer_per_share": 22.11,
            "book_valuer_per_share_4q_avg": 20.76,
            "equity": 26564961,
            "current_ratio": null,
            "debt_ratio": 88.18,
            "inventory_turnover_ratio": null,
            "account_receivable_turnover_ratio": 47.8,
            "reinvestment_rate": -3.41,
            "research_to_sale_ratio": null,
            "price_fair": 110.86,
            "eps_avg_yearly": 3.17,
            "eps_latest_yearly": 5.4,
            "eps_growth_yearly": 32.25
        },
        "20143": {
            "year_quarter": 20143,
            "year": 2014,
            "quarter": 3,
            "eps": 0.96,
            "eps_growth_year": 4.35,
            "eps_4q": 4.31,
            "eps_4q_growth_year": 30.26,
            "roe": 4.27,
            "roe_4q": 20.31,
            "gross_profit": null,
            "gross_margin": null,
            "gross_margin_4q_avg": 0,
            "net_income": 1152304,
            "revenue": 1623472,
            "common_shares": 12012343,
            "book_valuer_per_share": 22.77,
            "book_valuer_per_share_4q_avg": 21.69,
            "equity": 27354569,
            "current_ratio": null,
            "debt_ratio": 88.16,
            "inventory_turnover_ratio": null,
            "account_receivable_turnover_ratio": 30.72,
            "reinvestment_rate": -3.19,
            "research_to_sale_ratio": null,
            "price_fair": 113.26,
            "eps_avg_yearly": 3.28,
            "eps_latest_yearly": 3.84,
            "eps_growth_yearly": 24.53
        },
        "20144": {
            "year_quarter": 20144,
            "year": 2014,
            "quarter": 4,
            "eps": 0.96,
            "eps_growth_year": 1.51,
            "eps_4q": 4.33,
            "eps_4q_growth_year": 25.45,
            "roe": 4.25,
            "roe_4q": 19.72,
            "gross_profit": null,
            "gross_margin": null,
            "gross_margin_4q_avg": 0,
            "net_income": 1157944,
            "revenue": 1933564,
            "common_shares": 12012343,
            "book_valuer_per_share": 22.6,
            "book_valuer_per_share_4q_avg": 22.28,
            "equity": 27146852,
            "current_ratio": null,
            "debt_ratio": 88.46,
            "inventory_turnover_ratio": null,
            "account_receivable_turnover_ratio": 31.84,
            "reinvestment_rate": -2.9,
            "research_to_sale_ratio": null,
            "price_fair": 119,
            "eps_avg_yearly": 3.4,
            "eps_latest_yearly": 3.84,
            "eps_growth_yearly": 26
        },
        "20151": {
            "year_quarter": 20151,
            "year": 2015,
            "quarter": 1,
            "eps": 0.95,
            "eps_growth_year": -9.52,
            "eps_4q": 4.23,
            "eps_4q_growth_year": 17.14,
            "roe": 4.09,
            "roe_4q": 18.78,
            "gross_profit": null,
            "gross_margin": null,
            "gross_margin_4q_avg": 0,
            "net_income": 1146290,
            "revenue": 1795271,
            "common_shares": 12012343,
            "book_valuer_per_share": 24.09,
            "book_valuer_per_share_4q_avg": 22.89,
            "equity": 28934471,
            "current_ratio": null,
            "debt_ratio": 87.86,
            "inventory_turnover_ratio": null,
            "account_receivable_turnover_ratio": 23.71,
            "reinvestment_rate": -2.36,
            "research_to_sale_ratio": null,
            "price_fair": 87.81,
            "eps_avg_yearly": 3.47,
            "eps_latest_yearly": 3.8,
            "eps_growth_yearly": 15.32
        },
        "20152": {
            "year_quarter": 20152,
            "year": 2015,
            "quarter": 2,
            "eps": 1.03,
            "eps_growth_year": -23.7,
            "eps_4q": 3.91,
            "eps_4q_growth_year": -8.43,
            "roe": 4.34,
            "roe_4q": 16.95,
            "gross_profit": null,
            "gross_margin": null,
            "gross_margin_4q_avg": 0,
            "net_income": 1242167,
            "revenue": 2176367,
            "common_shares": 12012343,
            "book_valuer_per_share": 23.61,
            "book_valuer_per_share_4q_avg": 23.27,
            "equity": 28367078,
            "current_ratio": null,
            "debt_ratio": 88.27,
            "inventory_turnover_ratio": null,
            "account_receivable_turnover_ratio": 24.09,
            "reinvestment_rate": -1.4,
            "research_to_sale_ratio": null,
            "price_fair": 115.55,
            "eps_avg_yearly": 3.59,
            "eps_latest_yearly": 4.12,
            "eps_growth_yearly": 22.21
        },
        "20153": {
            "year_quarter": 20153,
            "year": 2015,
            "quarter": 3,
            "eps": 0.42,
            "eps_growth_year": -56.25,
            "eps_4q": 3.42,
            "eps_4q_growth_year": -20.58,
            "roe": 1.78,
            "roe_4q": 14.46,
            "gross_profit": null,
            "gross_margin": null,
            "gross_margin_4q_avg": 0,
            "net_income": 498101,
            "revenue": 943593,
            "common_shares": 12012343,
            "book_valuer_per_share": 23.31,
            "book_valuer_per_share_4q_avg": 23.4,
            "equity": 27533605,
            "current_ratio": null,
            "debt_ratio": 88.41,
            "inventory_turnover_ratio": null,
            "account_receivable_turnover_ratio": 5.44,
            "reinvestment_rate": -1.79,
            "research_to_sale_ratio": null,
            "price_fair": 63.53,
            "eps_avg_yearly": 3.56,
            "eps_latest_yearly": 1.68,
            "eps_growth_yearly": 7.86
        },
        "20154": {
            "year_quarter": 20154,
            "year": 2015,
            "quarter": 4,
            "eps": 0.69,
            "eps_growth_year": -28.81,
            "eps_4q": 3.17,
            "eps_4q_growth_year": -26.63,
            "roe": 2.84,
            "roe_4q": 13.05,
            "gross_profit": null,
            "gross_margin": null,
            "gross_margin_4q_avg": 0,
            "net_income": 796196,
            "revenue": 1207473,
            "common_shares": 12012343,
            "book_valuer_per_share": 24.52,
            "book_valuer_per_share_4q_avg": 23.88,
            "equity": 28455109,
            "current_ratio": null,
            "debt_ratio": 88.02,
            "inventory_turnover_ratio": null,
            "account_receivable_turnover_ratio": 4.31,
            "reinvestment_rate": -1.74,
            "research_to_sale_ratio": null,
            "price_fair": 94.28,
            "eps_avg_yearly": 3.56,
            "eps_latest_yearly": 2.76,
            "eps_growth_yearly": 16.52
        },
        "20161": {
            "year_quarter": 20161,
            "year": 2016,
            "quarter": 1,
            "eps": 0.96,
            "eps_growth_year": 1.05,
            "eps_4q": 3.19,
            "eps_4q_growth_year": -24.52,
            "roe": 3.81,
            "roe_4q": 12.77,
            "gross_profit": null,
            "gross_margin": null,
            "gross_margin_4q_avg": 0,
            "net_income": 1104772,
            "revenue": 1876947,
            "common_shares": 11512343,
            "book_valuer_per_share": 25.84,
            "book_valuer_per_share_4q_avg": 24.32,
            "equity": 29490592,
            "current_ratio": null,
            "debt_ratio": 87.77,
            "inventory_turnover_ratio": null,
            "account_receivable_turnover_ratio": 5.11,
            "reinvestment_rate": -2.01,
            "research_to_sale_ratio": null,
            "price_fair": 126.79,
            "eps_avg_yearly": 3.62,
            "eps_latest_yearly": 3.84,
            "eps_growth_yearly": 26.66
        },
        "20162": {
            "year_quarter": 20162,
            "year": 2016,
            "quarter": 2,
            "eps": 0.95,
            "eps_growth_year": -7.77,
            "eps_4q": 3.05,
            "eps_4q_growth_year": -22,
            "roe": 3.62,
            "roe_4q": 12.049999999999999,
            "gross_profit": null,
            "gross_margin": null,
            "gross_margin_4q_avg": 0,
            "net_income": 1090248,
            "revenue": 1835676,
            "common_shares": 11512343,
            "book_valuer_per_share": 26.85,
            "book_valuer_per_share_4q_avg": 25.13,
            "equity": 30704035,
            "current_ratio": null,
            "debt_ratio": 87,
            "inventory_turnover_ratio": null,
            "account_receivable_turnover_ratio": 4.4,
            "reinvestment_rate": -1.67,
            "research_to_sale_ratio": null,
            "price_fair": 121.46,
            "eps_avg_yearly": 3.67,
            "eps_latest_yearly": 3.8,
            "eps_growth_yearly": 23.14
        },
        "20163": {
            "year_quarter": 20163,
            "year": 2016,
            "quarter": 3,
            "eps": 1.21,
            "eps_growth_year": 188.1,
            "eps_4q": 3.82,
            "eps_4q_growth_year": 11.44,
            "roe": 4.37,
            "roe_4q": 14.64,
            "gross_profit": null,
            "gross_margin": null,
            "gross_margin_4q_avg": 0,
            "net_income": 1383016,
            "revenue": 2093547,
            "common_shares": 11512343,
            "book_valuer_per_share": 28.5,
            "book_valuer_per_share_4q_avg": 26.43,
            "equity": 32663042,
            "current_ratio": null,
            "debt_ratio": 86.33,
            "inventory_turnover_ratio": null,
            "account_receivable_turnover_ratio": 5.29,
            "reinvestment_rate": -1.75,
            "research_to_sale_ratio": null,
            "price_fair": 131.16,
            "eps_avg_yearly": 3.75,
            "eps_latest_yearly": 4.84,
            "eps_growth_yearly": 26.78
        },
        "20164": {
            "year_quarter": 20164,
            "year": 2016,
            "quarter": 4,
            "eps": 1.05,
            "eps_growth_year": 53,
            "eps_4q": 4.17,
            "eps_4q_growth_year": 31.42,
            "roe": 3.68,
            "roe_4q": 15.480000000000002,
            "gross_profit": null,
            "gross_margin": null,
            "gross_margin_4q_avg": 0,
            "net_income": 1203422,
            "revenue": 1718589,
            "common_shares": 11512343,
            "book_valuer_per_share": 28.62,
            "book_valuer_per_share_4q_avg": 27.45,
            "equity": 32800496,
            "current_ratio": null,
            "debt_ratio": 86.56,
            "inventory_turnover_ratio": null,
            "account_receivable_turnover_ratio": 4.27,
            "reinvestment_rate": -1.61,
            "research_to_sale_ratio": null,
            "price_fair": 121.07,
            "eps_avg_yearly": 3.78,
            "eps_latest_yearly": 4.2,
            "eps_growth_yearly": 22.05
        },
        "20171": {
            "year_quarter": 20171,
            "year": 2017,
            "quarter": 1,
            "eps": 1.08,
            "eps_growth_year": 12.5,
            "eps_4q": 4.29,
            "eps_4q_growth_year": 34.44,
            "roe": 3.69,
            "roe_4q": 15.36,
            "gross_profit": null,
            "gross_margin": null,
            "gross_margin_4q_avg": 0,
            "net_income": 1239977,
            "revenue": 1923633,
            "common_shares": 11512343,
            "book_valuer_per_share": 30.01,
            "book_valuer_per_share_4q_avg": 28.5,
            "equity": 34394196,
            "current_ratio": null,
            "debt_ratio": 86.24,
            "inventory_turnover_ratio": null,
            "account_receivable_turnover_ratio": 3.61,
            "reinvestment_rate": -2.07,
            "research_to_sale_ratio": null,
            "price_fair": 119.48,
            "eps_avg_yearly": 3.8,
            "eps_latest_yearly": 4.32,
            "eps_growth_yearly": 21.42
        },
        "20172": {
            "year_quarter": 20172,
            "year": 2017,
            "quarter": 2,
            "eps": 1.32,
            "eps_growth_year": 38.95,
            "eps_4q": 4.66,
            "eps_4q_growth_year": 52.62,
            "roe": 4.39,
            "roe_4q": 16.13,
            "gross_profit": null,
            "gross_margin": null,
            "gross_margin_4q_avg": 0,
            "net_income": 1511494,
            "revenue": 2382852,
            "common_shares": 11512343,
            "book_valuer_per_share": 30.06,
            "book_valuer_per_share_4q_avg": 29.3,
            "equity": 34457169,
            "current_ratio": null,
            "debt_ratio": 86.17,
            "inventory_turnover_ratio": null,
            "account_receivable_turnover_ratio": 2.91,
            "reinvestment_rate": -1.54,
            "research_to_sale_ratio": null,
            "price_fair": 138.69,
            "eps_avg_yearly": 3.96,
            "eps_latest_yearly": 5.28,
            "eps_growth_yearly": 34.63
        },
        "20173": {
            "year_quarter": 20173,
            "year": 2017,
            "quarter": 3,
            "eps": 1.34,
            "eps_growth_year": 10.74,
            "eps_4q": 4.79,
            "eps_4q_growth_year": 25.48,
            "roe": 4.32,
            "roe_4q": 16.080000000000002,
            "gross_profit": null,
            "gross_margin": null,
            "gross_margin_4q_avg": 0,
            "net_income": 1533679,
            "revenue": 2241191,
            "common_shares": 11512343,
            "book_valuer_per_share": 31.94,
            "book_valuer_per_share_4q_avg": 30.16,
            "equity": 36611782,
            "current_ratio": null,
            "debt_ratio": 86.3,
            "inventory_turnover_ratio": null,
            "account_receivable_turnover_ratio": 2,
            "reinvestment_rate": -1.51,
            "research_to_sale_ratio": null,
            "price_fair": 142.36,
            "eps_avg_yearly": 4.07,
            "eps_latest_yearly": 5.36,
            "eps_growth_yearly": 26.19
        },
        "20174": {
            "year_quarter": 20174,
            "year": 2017,
            "quarter": 4,
            "eps": 1.16,
            "eps_growth_year": 10.13,
            "eps_4q": 4.89,
            "eps_4q_growth_year": 17.34,
            "roe": 3.6,
            "roe_4q": 15.999999999999998,
            "gross_profit": null,
            "gross_margin": null,
            "gross_margin_4q_avg": 0,
            "net_income": 1325384,
            "revenue": 2457769,
            "common_shares": 11512343,
            "book_valuer_per_share": 32.25,
            "book_valuer_per_share_4q_avg": 31.07,
            "equity": 36960880,
            "current_ratio": null,
            "debt_ratio": 86.37,
            "inventory_turnover_ratio": null,
            "account_receivable_turnover_ratio": 1.64,
            "reinvestment_rate": -1.5,
            "research_to_sale_ratio": null,
            "price_fair": 131.89,
            "eps_avg_yearly": 4.12,
            "eps_latest_yearly": 4.64,
            "eps_growth_yearly": 22.01
        },
        "20181": {
            "year_quarter": 20181,
            "year": 2018,
            "quarter": 1,
            "eps": 1.13,
            "eps_growth_year": 4.63,
            "eps_4q": 4.94,
            "eps_4q_growth_year": 15.13,
            "roe": 3.46,
            "roe_4q": 15.77,
            "gross_profit": null,
            "gross_margin": null,
            "gross_margin_4q_avg": 0,
            "net_income": 1294308,
            "revenue": 1964767,
            "common_shares": 11512343,
            "book_valuer_per_share": 32.93,
            "book_valuer_per_share_4q_avg": 31.8,
            "equity": 37779895,
            "current_ratio": null,
            "debt_ratio": 86.25,
            "inventory_turnover_ratio": null,
            "account_receivable_turnover_ratio": 0.99,
            "reinvestment_rate": -1.49,
            "research_to_sale_ratio": null,
            "price_fair": 118.96,
            "eps_avg_yearly": 4.14,
            "eps_latest_yearly": 4.52,
            "eps_growth_yearly": 18.73
        },
        "20182": {
            "year_quarter": 20182,
            "year": 2018,
            "quarter": 2,
            "eps": 0.91,
            "eps_growth_year": -31.06,
            "eps_4q": 4.53,
            "eps_4q_growth_year": -2.72,
            "roe": 2.82,
            "roe_4q": 14.2,
            "gross_profit": null,
            "gross_margin": null,
            "gross_margin_4q_avg": 0,
            "net_income": 1043694,
            "revenue": 1787719,
            "common_shares": 11512343,
            "book_valuer_per_share": 31.56,
            "book_valuer_per_share_4q_avg": 32.17,
            "equity": 36205701,
            "current_ratio": null,
            "debt_ratio": 86.93,
            "inventory_turnover_ratio": null,
            "account_receivable_turnover_ratio": 0.76,
            "reinvestment_rate": -1.13,
            "research_to_sale_ratio": null,
            "price_fair": 67.4,
            "eps_avg_yearly": 4.03,
            "eps_latest_yearly": 3.64,
            "eps_growth_yearly": 6.72
        },
        "20183": {
            "year_quarter": 20183,
            "year": 2018,
            "quarter": 3,
            "eps": 1.15,
            "eps_growth_year": -14.18,
            "eps_4q": 4.33,
            "eps_4q_growth_year": -9.56,
            "roe": 3.58,
            "roe_4q": 13.459999999999999,
            "gross_profit": null,
            "gross_margin": null,
            "gross_margin_4q_avg": 0,
            "net_income": 1322268,
            "revenue": 1946634,
            "common_shares": 11512343,
            "book_valuer_per_share": 32.68,
            "book_valuer_per_share_4q_avg": 32.36,
            "equity": 37626835,
            "current_ratio": null,
            "debt_ratio": 86.8,
            "inventory_turnover_ratio": null,
            "account_receivable_turnover_ratio": 0.75,
            "reinvestment_rate": -1.15,
            "research_to_sale_ratio": null,
            "price_fair": 124.52,
            "eps_avg_yearly": 4.08,
            "eps_latest_yearly": 4.6,
            "eps_growth_yearly": 20.54
        },
        "20184": {
            "year_quarter": 20184,
            "year": 2018,
            "quarter": 4,
            "eps": -0.69,
            "eps_growth_year": -159.3,
            "eps_4q": 2.52,
            "eps_4q_growth_year": -48.48,
            "roe": -2.15,
            "roe_4q": 7.71,
            "gross_profit": null,
            "gross_margin": null,
            "gross_margin_4q_avg": 0,
            "net_income": -782469,
            "revenue": 1301694,
            "common_shares": 11512343,
            "book_valuer_per_share": 30.83,
            "book_valuer_per_share_4q_avg": 32,
            "equity": 35184061,
            "current_ratio": null,
            "debt_ratio": 87.48,
            "inventory_turnover_ratio": null,
            "account_receivable_turnover_ratio": 0.49,
            "reinvestment_rate": -0.94,
            "research_to_sale_ratio": null,
            "price_fair": 130.61,
            "eps_avg_yearly": 4.09,
            "eps_latest_yearly": 4.6,
            "eps_growth_yearly": 21.91
        },
        "20191": {
            "year_quarter": 20191,
            "year": 2019,
            "quarter": 1,
            "eps": 1.6,
            "eps_growth_year": 41.59,
            "eps_4q": 2.99,
            "eps_4q_growth_year": -39.46,
            "roe": 4.92,
            "roe_4q": 9.17,
            "gross_profit": null,
            "gross_margin": null,
            "gross_margin_4q_avg": 0,
            "net_income": 1828465,
            "revenue": 2596032,
            "common_shares": 11412343,
            "book_valuer_per_share": 34.33,
            "book_valuer_per_share_4q_avg": 32.35,
            "equity": 39178922,
            "current_ratio": null,
            "debt_ratio": 86.39,
            "inventory_turnover_ratio": null,
            "account_receivable_turnover_ratio": 1,
            "reinvestment_rate": 0.27,
            "research_to_sale_ratio": null,
            "price_fair": 138.94,
            "eps_avg_yearly": 4.11,
            "eps_latest_yearly": 4.6,
            "eps_growth_yearly": 23.77
        },
        "20192": {
            "year_quarter": 20192,
            "year": 2019,
            "quarter": 2,
            "eps": -0.92,
            "eps_growth_year": -201.1,
            "eps_4q": 1.15,
            "eps_4q_growth_year": -74.65,
            "roe": -2.77,
            "roe_4q": 3.58,
            "gross_profit": null,
            "gross_margin": null,
            "gross_margin_4q_avg": 0,
            "net_income": -1057681,
            "revenue": 1798249,
            "common_shares": 11412343,
            "book_valuer_per_share": 32.63,
            "book_valuer_per_share_4q_avg": 32.62,
            "equity": 37241695,
            "current_ratio": null,
            "debt_ratio": 86.55,
            "inventory_turnover_ratio": null,
            "account_receivable_turnover_ratio": 0.64,
            "reinvestment_rate": 0.31,
            "research_to_sale_ratio": null,
            "price_fair": 135.79,
            "eps_avg_yearly": 4.11,
            "eps_latest_yearly": 4.6,
            "eps_growth_yearly": 23.01
        },
        "20193": {
            "year_quarter": 20193,
            "year": 2019,
            "quarter": 3,
            "eps": 1.1,
            "eps_growth_year": -4.35,
            "eps_4q": 1.1,
            "eps_4q_growth_year": -74.6,
            "roe": 3.29,
            "roe_4q": 3.2899999999999996,
            "gross_profit": null,
            "gross_margin": null,
            "gross_margin_4q_avg": 0,
            "net_income": 1256029,
            "revenue": 1939364,
            "common_shares": 11312343,
            "book_valuer_per_share": 34.57,
            "book_valuer_per_share_4q_avg": 33.09,
            "equity": 39108398,
            "current_ratio": null,
            "debt_ratio": 86.06,
            "inventory_turnover_ratio": null,
            "account_receivable_turnover_ratio": 0.59,
            "reinvestment_rate": 0.75,
            "research_to_sale_ratio": null,
            "price_fair": 151.08,
            "eps_avg_yearly": 4.32,
            "eps_latest_yearly": 4.6,
            "eps_growth_yearly": 44.67
        },
        "20194": {
            "year_quarter": 20194,
            "year": 2019,
            "quarter": 4,
            "eps": 1.22,
            "eps_growth_year": null,
            "eps_4q": 3.01,
            "eps_4q_growth_year": 19.5,
            "roe": 3.43,
            "roe_4q": 8.870000000000001,
            "gross_profit": null,
            "gross_margin": null,
            "gross_margin_4q_avg": 0,
            "net_income": 1372874,
            "revenue": 2159339,
            "common_shares": 11312343,
            "book_valuer_per_share": 36.28,
            "book_valuer_per_share_4q_avg": 34.45,
            "equity": 40931509,
            "current_ratio": null,
            "debt_ratio": 85.52,
            "inventory_turnover_ratio": null,
            "account_receivable_turnover_ratio": 0.6,
            "reinvestment_rate": 1.32,
            "research_to_sale_ratio": null,
            "price_fair": 157.27,
            "eps_avg_yearly": 4.49,
            "eps_latest_yearly": 4.88,
            "eps_growth_yearly": 26.87
        },
        "20201": {
            "year_quarter": 20201,
            "year": 2020,
            "quarter": 1,
            "eps": 0.79,
            "eps_growth_year": -50.62,
            "eps_4q": 2.2,
            "eps_4q_growth_year": -26.28,
            "roe": 2.31,
            "roe_4q": 6.260000000000002,
            "gross_profit": null,
            "gross_margin": null,
            "gross_margin_4q_avg": 0,
            "net_income": 893534,
            "revenue": 1560080,
            "common_shares": 11312343,
            "book_valuer_per_share": 32.47,
            "book_valuer_per_share_4q_avg": 33.99,
            "equity": 36310985,
            "current_ratio": null,
            "debt_ratio": 87.19,
            "inventory_turnover_ratio": null,
            "account_receivable_turnover_ratio": 0.42,
            "reinvestment_rate": 1.48,
            "research_to_sale_ratio": null,
            "price_fair": 53.61,
            "eps_avg_yearly": 4.44,
            "eps_latest_yearly": 3.16,
            "eps_growth_yearly": 2.08
        },
        "20202": {
            "year_quarter": 20202,
            "year": 2020,
            "quarter": 2,
            "eps": 0.98,
            "eps_growth_year": null,
            "eps_4q": 4.13,
            "eps_4q_growth_year": 259.4,
            "roe": 2.85,
            "roe_4q": 11.879999999999999,
            "gross_profit": null,
            "gross_margin": null,
            "gross_margin_4q_avg": 0,
            "net_income": 1092884,
            "revenue": 1876172,
            "common_shares": 11212343,
            "book_valuer_per_share": 36.2,
            "book_valuer_per_share_4q_avg": 34.88,
            "equity": 40477572,
            "current_ratio": null,
            "debt_ratio": 86.42,
            "inventory_turnover_ratio": null,
            "account_receivable_turnover_ratio": 0.45,
            "reinvestment_rate": 1.51,
            "research_to_sale_ratio": null,
            "price_fair": 90.92,
            "eps_avg_yearly": 4.45,
            "eps_latest_yearly": 3.92,
            "eps_growth_yearly": 10.45
        },
        "20203": {
            "year_quarter": 20203,
            "year": 2020,
            "quarter": 3,
            "eps": 1.52,
            "eps_growth_year": 38.18,
            "eps_4q": 4.52,
            "eps_4q_growth_year": 311.17,
            "roe": 4.08,
            "roe_4q": 12.67,
            "gross_profit": null,
            "gross_margin": null,
            "gross_margin_4q_avg": 0,
            "net_income": 1698238,
            "revenue": 2850901,
            "common_shares": 11212343,
            "book_valuer_per_share": 38.27,
            "book_valuer_per_share_4q_avg": 35.81,
            "equity": 42791184,
            "current_ratio": null,
            "debt_ratio": 86.35,
            "inventory_turnover_ratio": null,
            "account_receivable_turnover_ratio": 0.59,
            "reinvestment_rate": 3.14,
            "research_to_sale_ratio": null,
            "price_fair": 135.09,
            "eps_avg_yearly": 4.55,
            "eps_latest_yearly": 6.08,
            "eps_growth_yearly": 19.69
        },
        "20204": {
            "year_quarter": 20204,
            "year": 2020,
            "quarter": 4,
            "eps": 1.62,
            "eps_growth_year": 32.75,
            "eps_4q": 4.91,
            "eps_4q_growth_year": 62.96,
            "roe": 4.04,
            "roe_4q": 13.280000000000001,
            "gross_profit": null,
            "gross_margin": null,
            "gross_margin_4q_avg": 0,
            "net_income": 1806315,
            "revenue": 2619767,
            "common_shares": 11212343,
            "book_valuer_per_share": 41.66,
            "book_valuer_per_share_4q_avg": 37.15,
            "equity": 46583090,
            "current_ratio": null,
            "debt_ratio": 85.69,
            "inventory_turnover_ratio": null,
            "account_receivable_turnover_ratio": 0.51,
            "reinvestment_rate": 5.26,
            "research_to_sale_ratio": null,
            "price_fair": 165.9,
            "eps_avg_yearly": 4.74,
            "eps_latest_yearly": 6.48,
            "eps_growth_yearly": 26.29
        },
        "20211": {
            "year_quarter": 20211,
            "year": 2021,
            "quarter": 1,
            "eps": 2.17,
            "eps_growth_year": 174.68,
            "eps_4q": 6.26,
            "eps_4q_growth_year": 184.1,
            "roe": 5.12,
            "roe_4q": 16.09,
            "gross_profit": null,
            "gross_margin": null,
            "gross_margin_4q_avg": 0,
            "net_income": 2423762,
            "revenue": 2736376,
            "common_shares": 11212343,
            "book_valuer_per_share": 42.89,
            "book_valuer_per_share_4q_avg": 39.76,
            "equity": 48092921,
            "current_ratio": null,
            "debt_ratio": 85.32,
            "inventory_turnover_ratio": null,
            "account_receivable_turnover_ratio": 0.54,
            "reinvestment_rate": 5.85,
            "research_to_sale_ratio": null,
            "price_fair": 178.62,
            "eps_avg_yearly": 5.1,
            "eps_latest_yearly": 8.68,
            "eps_growth_yearly": 36.66
        },
        "20212": {
            "year_quarter": 20212,
            "year": 2021,
            "quarter": 2,
            "eps": 1.7,
            "eps_growth_year": 73.47,
            "eps_4q": 6.99,
            "eps_4q_growth_year": 69.39,
            "roe": 3.99,
            "roe_4q": 17.229999999999997,
            "gross_profit": null,
            "gross_margin": null,
            "gross_margin_4q_avg": 0,
            "net_income": 1910547,
            "revenue": 2888194,
            "common_shares": 11212343,
            "book_valuer_per_share": 42.55,
            "book_valuer_per_share_4q_avg": 41.34,
            "equity": 47705503,
            "current_ratio": null,
            "debt_ratio": 85.44,
            "inventory_turnover_ratio": null,
            "account_receivable_turnover_ratio": 0.51,
            "reinvestment_rate": 5.67,
            "research_to_sale_ratio": 0,
            "price_fair": 167.51,
            "eps_avg_yearly": 5.23,
            "eps_latest_yearly": 6.8,
            "eps_growth_yearly": 22.03
        },
        "20213": {
            "year_quarter": 20213,
            "year": 2021,
            "quarter": 3,
            "eps": 1.41,
            "eps_growth_year": -7.24,
            "eps_4q": 6.88,
            "eps_4q_growth_year": 52.21,
            "roe": 3.25,
            "roe_4q": 16.4,
            "gross_profit": null,
            "gross_margin": null,
            "gross_margin_4q_avg": 0,
            "net_income": 1578304,
            "revenue": 1969416,
            "common_shares": 11212343,
            "book_valuer_per_share": 43.98,
            "book_valuer_per_share_4q_avg": 42.77,
            "equity": 49313553,
            "current_ratio": null,
            "debt_ratio": 85.24,
            "inventory_turnover_ratio": null,
            "account_receivable_turnover_ratio": 0.3,
            "reinvestment_rate": 6.07,
            "research_to_sale_ratio": null,
            "price_fair": 135.73,
            "eps_avg_yearly": 5.25,
            "eps_latest_yearly": 5.64,
            "eps_growth_yearly": 15.84
        },
        "20214": {
            "year_quarter": 20214,
            "year": 2021,
            "quarter": 4,
            "eps": -0.25,
            "eps_growth_year": -115.59,
            "eps_4q": 5.02,
            "eps_4q_growth_year": 2.26,
            "roe": -0.58,
            "roe_4q": 11.780000000000001,
            "gross_profit": null,
            "gross_margin": null,
            "gross_margin_4q_avg": 0,
            "net_income": -282310,
            "revenue": 2667972,
            "common_shares": 11212343,
            "book_valuer_per_share": 43.6,
            "book_valuer_per_share_4q_avg": 43.26,
            "equity": 48881028,
            "current_ratio": null,
            "debt_ratio": 85.76,
            "inventory_turnover_ratio": null,
            "account_receivable_turnover_ratio": 0.36,
            "reinvestment_rate": 7.18,
            "research_to_sale_ratio": null,
            "price_fair": 170.75,
            "eps_avg_yearly": 5.31,
            "eps_latest_yearly": 5.64,
            "eps_growth_yearly": 22.16
        },
        "20221": {
            "year_quarter": 20221,
            "year": 2022,
            "quarter": 1,
            "eps": 0.03,
            "eps_growth_year": -98.62,
            "eps_4q": 2.89,
            "eps_4q_growth_year": -53.81,
            "roe": 0.08,
            "roe_4q": 6.74,
            "gross_profit": null,
            "gross_margin": null,
            "gross_margin_4q_avg": 0,
            "net_income": 36641,
            "revenue": 600548,
            "common_shares": 11212343,
            "book_valuer_per_share": 41.77,
            "book_valuer_per_share_4q_avg": 42.98,
            "equity": 46839307,
            "current_ratio": null,
            "debt_ratio": 86.46,
            "inventory_turnover_ratio": null,
            "account_receivable_turnover_ratio": 0.07,
            "reinvestment_rate": 9.7,
            "research_to_sale_ratio": null,
            "price_fair": 188.58,
            "eps_avg_yearly": 5.39,
            "eps_latest_yearly": 5.64,
            "eps_growth_yearly": 25.41
        },
        "20222": {
            "year_quarter": 20222,
            "year": 2022,
            "quarter": 2,
            "eps": 0.73,
            "eps_growth_year": -57.06,
            "eps_4q": 1.92,
            "eps_4q_growth_year": -72.6,
            "roe": 1.84,
            "roe_4q": 4.59,
            "gross_profit": null,
            "gross_margin": null,
            "gross_margin_4q_avg": 0,
            "net_income": 814863,
            "revenue": 1114415,
            "common_shares": 11212343,
            "book_valuer_per_share": 37.38,
            "book_valuer_per_share_4q_avg": 41.68,
            "equity": 41914571,
            "current_ratio": null,
            "debt_ratio": 88.2,
            "inventory_turnover_ratio": null,
            "account_receivable_turnover_ratio": 0.13,
            "reinvestment_rate": 11.23,
            "research_to_sale_ratio": 0,
            "price_fair": 186.06,
            "eps_avg_yearly": 5.32,
            "eps_latest_yearly": 2.92,
            "eps_growth_yearly": 966.53
        },
        "20223": {
            "year_quarter": 20223,
            "year": 2022,
            "quarter": 3,
            "eps": 0.22,
            "eps_growth_year": -84.4,
            "eps_4q": 0.73,
            "eps_4q_growth_year": -89.33,
            "roe": 0.61,
            "roe_4q": 1.9500000000000002,
            "gross_profit": null,
            "gross_margin": null,
            "gross_margin_4q_avg": 0,
            "net_income": 247262,
            "revenue": 1223181,
            "common_shares": 11112343,
            "book_valuer_per_share": 35.81,
            "book_valuer_per_share_4q_avg": 39.64,
            "equity": 39798629,
            "current_ratio": null,
            "debt_ratio": 89.09,
            "inventory_turnover_ratio": null,
            "account_receivable_turnover_ratio": 0.13,
            "reinvestment_rate": 13.21,
            "research_to_sale_ratio": null,
            "price_fair": 173.04,
            "eps_avg_yearly": 4.94,
            "eps_latest_yearly": 0.88,
            "eps_growth_yearly": 928.04
        },
        "20224": {
            "year_quarter": 20224,
            "year": 2022,
            "quarter": 4,
            "eps": 1,
            "eps_growth_year": null,
            "eps_4q": 1.99,
            "eps_4q_growth_year": -60.39,
            "roe": 2.7,
            "roe_4q": 5.23,
            "gross_profit": null,
            "gross_margin": null,
            "gross_margin_4q_avg": 0,
            "net_income": 1111656,
            "revenue": 2414226,
            "common_shares": 11112343,
            "book_valuer_per_share": 38.17,
            "book_valuer_per_share_4q_avg": 38.28,
            "equity": 42416736,
            "current_ratio": null,
            "debt_ratio": 88.84,
            "inventory_turnover_ratio": null,
            "account_receivable_turnover_ratio": 0.24,
            "reinvestment_rate": 13.36,
            "research_to_sale_ratio": null,
            "price_fair": 170.04,
            "eps_avg_yearly": 4.86,
            "eps_latest_yearly": 4,
            "eps_growth_yearly": 972.6
        },
        "20231": {
            "year_quarter": 20231,
            "year": 2023,
            "quarter": 1,
            "eps": 0.76,
            "eps_growth_year": 2433.33,
            "eps_4q": 2.71,
            "eps_4q_growth_year": -6.22,
            "roe": 1.94,
            "roe_4q": 7.090000000000001,
            "gross_profit": null,
            "gross_margin": null,
            "gross_margin_4q_avg": 0,
            "net_income": 840499,
            "revenue": 2055656,
            "common_shares": 11112343,
            "book_valuer_per_share": 39.69,
            "book_valuer_per_share_4q_avg": 37.76,
            "equity": 44105353,
            "current_ratio": null,
            "debt_ratio": 88.44,
            "inventory_turnover_ratio": null,
            "account_receivable_turnover_ratio": 0.19,
            "reinvestment_rate": 14.52,
            "research_to_sale_ratio": null,
            "price_fair": 164.73,
            "eps_avg_yearly": 4.71,
            "eps_latest_yearly": 3.04,
            "eps_growth_yearly": 883.55
        }
    },
    "months": {
        "2001-06": {
            "month": "2001-06",
            "price": "3.96",
            "revenue": 659117
        },
        "2001-07": {
            "month": "2001-07",
            "price": "3.15",
            "revenue": 658120
        },
        "2001-08": {
            "month": "2001-08",
            "price": "3.65",
            "revenue": 635571
        },
        "2001-09": {
            "month": "2001-09",
            "price": "3.64",
            "revenue": 593525
        },
        "2001-10": {
            "month": "2001-10",
            "price": "3.59",
            "revenue": 596884
        },
        "2001-11": {
            "month": "2001-11",
            "price": "3.59",
            "revenue": 586634
        },
        "2001-12": {
            "month": "2001-12",
            "price": "4.05",
            "revenue": 615228
        },
        "2002-01": {
            "month": "2002-01",
            "price": "4.07",
            "revenue": 577353
        },
        "2002-02": {
            "month": "2002-02",
            "price": "3.99",
            "revenue": 525316
        },
        "2002-03": {
            "month": "2002-03",
            "price": "4.51",
            "revenue": 553296
        },
        "2002-04": {
            "month": "2002-04",
            "price": "6.82",
            "revenue": 534144
        },
        "2002-05": {
            "month": "2002-05",
            "price": "6.73",
            "revenue": 561015
        },
        "2002-06": {
            "month": "2002-06",
            "price": "6.80",
            "revenue": 525593
        },
        "2002-07": {
            "month": "2002-07",
            "price": "6.11",
            "revenue": 529798
        },
        "2002-08": {
            "month": "2002-08",
            "price": "5.40",
            "revenue": 528301
        },
        "2002-09": {
            "month": "2002-09",
            "price": "4.04",
            "revenue": 492073
        },
        "2002-10": {
            "month": "2002-10",
            "price": "4.15",
            "revenue": 471055
        },
        "2002-11": {
            "month": "2002-11",
            "price": "4.78",
            "revenue": 455345
        },
        "2002-12": {
            "month": "2002-12",
            "price": "5.21",
            "revenue": 480208
        },
        "2003-01": {
            "month": "2003-01",
            "price": "6.66",
            "revenue": 449292
        },
        "2003-02": {
            "month": "2003-02",
            "price": "6.81",
            "revenue": 413042
        },
        "2003-03": {
            "month": "2003-03",
            "price": "5.81",
            "revenue": 422942
        },
        "2003-04": {
            "month": "2003-04",
            "price": "5.84",
            "revenue": 408639
        },
        "2003-05": {
            "month": "2003-05",
            "price": "5.01",
            "revenue": 415349
        },
        "2003-06": {
            "month": "2003-06",
            "price": "5.72",
            "revenue": 421412
        },
        "2003-07": {
            "month": "2003-07",
            "price": "6.37",
            "revenue": 437081
        },
        "2003-08": {
            "month": "2003-08",
            "price": "6.08",
            "revenue": 426041
        },
        "2003-09": {
            "month": "2003-09",
            "price": "6.16",
            "revenue": 406208
        },
        "2003-10": {
            "month": "2003-10",
            "price": "6.52",
            "revenue": 421332
        },
        "2003-11": {
            "month": "2003-11",
            "price": "6.72",
            "revenue": 399835
        },
        "2003-12": {
            "month": "2003-12",
            "price": "7.18",
            "revenue": 467389
        },
        "2004-01": {
            "month": "2004-01",
            "price": "8.09",
            "revenue": 368471
        },
        "2004-02": {
            "month": "2004-02",
            "price": "11.75",
            "revenue": 444478
        },
        "2004-03": {
            "month": "2004-03",
            "price": "13.83",
            "revenue": 415021
        },
        "2004-04": {
            "month": "2004-04",
            "price": "13.71",
            "revenue": 400862
        },
        "2004-05": {
            "month": "2004-05",
            "price": "11.68",
            "revenue": 405242
        },
        "2004-06": {
            "month": "2004-06",
            "price": "11.03",
            "revenue": 393838
        },
        "2004-07": {
            "month": "2004-07",
            "price": "10.28",
            "revenue": 389407
        },
        "2004-08": {
            "month": "2004-08",
            "price": "10.18",
            "revenue": 401373
        },
        "2004-09": {
            "month": "2004-09",
            "price": "13.36",
            "revenue": 417262
        },
        "2004-10": {
            "month": "2004-10",
            "price": "14.98",
            "revenue": 413758
        },
        "2004-11": {
            "month": "2004-11",
            "price": "15.73",
            "revenue": 432253
        },
        "2004-12": {
            "month": "2004-12",
            "price": "15.78",
            "revenue": 446881
        },
        "2005-01": {
            "month": "2005-01",
            "price": "16.38",
            "revenue": 425142
        },
        "2005-02": {
            "month": "2005-02",
            "price": "16.55",
            "revenue": 401942
        },
        "2005-03": {
            "month": "2005-03",
            "price": "15.69",
            "revenue": 417766
        },
        "2005-04": {
            "month": "2005-04",
            "price": "14.18",
            "revenue": 402197
        },
        "2005-05": {
            "month": "2005-05",
            "price": "12.00",
            "revenue": 408279
        },
        "2005-06": {
            "month": "2005-06",
            "price": "12.66",
            "revenue": 455055
        },
        "2005-07": {
            "month": "2005-07",
            "price": "12.68",
            "revenue": 436868
        },
        "2005-08": {
            "month": "2005-08",
            "price": "11.68",
            "revenue": 427085
        },
        "2005-09": {
            "month": "2005-09",
            "price": "10.70",
            "revenue": 391895
        },
        "2005-10": {
            "month": "2005-10",
            "price": "10.72",
            "revenue": 396909
        },
        "2005-11": {
            "month": "2005-11",
            "price": "10.43",
            "revenue": 389672
        },
        "2005-12": {
            "month": "2005-12",
            "price": "10.48",
            "revenue": 428051
        },
        "2006-01": {
            "month": "2006-01",
            "price": "11.05",
            "revenue": 160560
        },
        "2006-02": {
            "month": "2006-02",
            "price": "10.59",
            "revenue": 196499
        },
        "2006-03": {
            "month": "2006-03",
            "price": "10.04",
            "revenue": 424481
        },
        "2006-04": {
            "month": "2006-04",
            "price": "10.19",
            "revenue": 281703
        },
        "2006-05": {
            "month": "2006-05",
            "price": "10.70",
            "revenue": 201441
        },
        "2006-06": {
            "month": "2006-06",
            "price": "10.08",
            "revenue": 389511
        },
        "2006-07": {
            "month": "2006-07",
            "price": "9.70",
            "revenue": 239260
        },
        "2006-08": {
            "month": "2006-08",
            "price": "9.19",
            "revenue": 218993
        },
        "2006-09": {
            "month": "2006-09",
            "price": "9.15",
            "revenue": 282123
        },
        "2006-10": {
            "month": "2006-10",
            "price": "10.24",
            "revenue": 298932
        },
        "2006-11": {
            "month": "2006-11",
            "price": "10.17",
            "revenue": 361748
        },
        "2006-12": {
            "month": "2006-12",
            "price": "10.30",
            "revenue": 239764
        },
        "2007-01": {
            "month": "2007-01",
            "price": "10.09",
            "revenue": 257754
        },
        "2007-02": {
            "month": "2007-02",
            "price": "9.96",
            "revenue": 282831
        },
        "2007-03": {
            "month": "2007-03",
            "price": "9.48",
            "revenue": 275529
        },
        "2007-04": {
            "month": "2007-04",
            "price": "9.86",
            "revenue": 279562
        },
        "2007-05": {
            "month": "2007-05",
            "price": "9.30",
            "revenue": 221923
        },
        "2007-06": {
            "month": "2007-06",
            "price": "9.90",
            "revenue": 220845
        },
        "2007-07": {
            "month": "2007-07",
            "price": "13.04",
            "revenue": 294614
        },
        "2007-08": {
            "month": "2007-08",
            "price": "11.07",
            "revenue": 312631
        },
        "2007-09": {
            "month": "2007-09",
            "price": "10.94",
            "revenue": 290838
        },
        "2007-10": {
            "month": "2007-10",
            "price": "11.52",
            "revenue": 295546
        },
        "2007-11": {
            "month": "2007-11",
            "price": "10.69",
            "revenue": 169647
        },
        "2007-12": {
            "month": "2007-12",
            "price": "9.18",
            "revenue": 300380
        },
        "2008-01": {
            "month": "2008-01",
            "price": "9.17",
            "revenue": 290024
        },
        "2008-02": {
            "month": "2008-02",
            "price": "9.14",
            "revenue": 264697
        },
        "2008-03": {
            "month": "2008-03",
            "price": "9.63",
            "revenue": 314620
        },
        "2008-04": {
            "month": "2008-04",
            "price": "10.89",
            "revenue": 279633
        },
        "2008-05": {
            "month": "2008-05",
            "price": "10.94",
            "revenue": 260081
        },
        "2008-06": {
            "month": "2008-06",
            "price": "9.64",
            "revenue": 246304
        },
        "2008-07": {
            "month": "2008-07",
            "price": "8.46",
            "revenue": 282234
        },
        "2008-08": {
            "month": "2008-08",
            "price": "8.87",
            "revenue": 234307
        },
        "2008-09": {
            "month": "2008-09",
            "price": "8.07",
            "revenue": -72141
        },
        "2008-10": {
            "month": "2008-10",
            "price": "5.88",
            "revenue": 247454
        },
        "2008-11": {
            "month": "2008-11",
            "price": "6.06",
            "revenue": 264873
        },
        "2008-12": {
            "month": "2008-12",
            "price": "5.88",
            "revenue": 153412
        },
        "2009-01": {
            "month": "2009-01",
            "price": "5.53",
            "revenue": 208076
        },
        "2009-02": {
            "month": "2009-02",
            "price": "5.19",
            "revenue": 187883
        },
        "2009-03": {
            "month": "2009-03",
            "price": "5.25",
            "revenue": 165854
        },
        "2009-04": {
            "month": "2009-04",
            "price": "6.56",
            "revenue": 191912
        },
        "2009-05": {
            "month": "2009-05",
            "price": "7.55",
            "revenue": 240613
        },
        "2009-06": {
            "month": "2009-06",
            "price": "6.99",
            "revenue": 254186
        },
        "2009-07": {
            "month": "2009-07",
            "price": "7.66",
            "revenue": 277813
        },
        "2009-08": {
            "month": "2009-08",
            "price": "7.50",
            "revenue": 238707
        },
        "2009-09": {
            "month": "2009-09",
            "price": "7.76",
            "revenue": 272760
        },
        "2009-10": {
            "month": "2009-10",
            "price": "8.24",
            "revenue": 239093
        },
        "2009-11": {
            "month": "2009-11",
            "price": "8.16",
            "revenue": 215151
        },
        "2009-12": {
            "month": "2009-12",
            "price": "9.06",
            "revenue": 303177
        },
        "2010-01": {
            "month": "2010-01",
            "price": "8.88",
            "revenue": 282105
        },
        "2010-02": {
            "month": "2010-02",
            "price": "7.97",
            "revenue": 302065
        },
        "2010-03": {
            "month": "2010-03",
            "price": "8.51",
            "revenue": 324933
        },
        "2010-04": {
            "month": "2010-04",
            "price": "9.03",
            "revenue": 256777
        },
        "2010-05": {
            "month": "2010-05",
            "price": "8.77",
            "revenue": 318915
        },
        "2010-06": {
            "month": "2010-06",
            "price": "9.81",
            "revenue": 320968
        },
        "2010-07": {
            "month": "2010-07",
            "price": "12.18",
            "revenue": 323191
        },
        "2010-08": {
            "month": "2010-08",
            "price": "14.34",
            "revenue": 326497
        },
        "2010-09": {
            "month": "2010-09",
            "price": "14.17",
            "revenue": 330089
        },
        "2010-10": {
            "month": "2010-10",
            "price": "14.20",
            "revenue": 332751
        },
        "2010-11": {
            "month": "2010-11",
            "price": "13.74",
            "revenue": 303567
        },
        "2010-12": {
            "month": "2010-12",
            "price": "15.78",
            "revenue": 316093
        },
        "2011-01": {
            "month": "2011-01",
            "price": "16.64",
            "revenue": 327904
        },
        "2011-02": {
            "month": "2011-02",
            "price": "17.40",
            "revenue": 356231
        },
        "2011-03": {
            "month": "2011-03",
            "price": "16.83",
            "revenue": 414238
        },
        "2011-04": {
            "month": "2011-04",
            "price": "17.52",
            "revenue": 400372
        },
        "2011-05": {
            "month": "2011-05",
            "price": "18.42",
            "revenue": 367654
        },
        "2011-06": {
            "month": "2011-06",
            "price": "18.48",
            "revenue": 351608
        },
        "2011-07": {
            "month": "2011-07",
            "price": "19.29",
            "revenue": 363580
        },
        "2011-08": {
            "month": "2011-08",
            "price": "20.58",
            "revenue": 357970
        },
        "2011-09": {
            "month": "2011-09",
            "price": "18.31",
            "revenue": 286464
        },
        "2011-10": {
            "month": "2011-10",
            "price": "17.84",
            "revenue": 525107
        },
        "2011-11": {
            "month": "2011-11",
            "price": "18.12",
            "revenue": 320070
        },
        "2011-12": {
            "month": "2011-12",
            "price": "17.06",
            "revenue": 324184
        },
        "2012-01": {
            "month": "2012-01",
            "price": "17.05",
            "revenue": 410832
        },
        "2012-02": {
            "month": "2012-02",
            "price": "19.90",
            "revenue": 392563
        },
        "2012-03": {
            "month": "2012-03",
            "price": "19.79",
            "revenue": 421846
        },
        "2012-04": {
            "month": "2012-04",
            "price": "17.61",
            "revenue": 404426
        },
        "2012-05": {
            "month": "2012-05",
            "price": "17.27",
            "revenue": 496801
        },
        "2012-06": {
            "month": "2012-06",
            "price": "17.34",
            "revenue": 471464
        },
        "2012-07": {
            "month": "2012-07",
            "price": "19.10",
            "revenue": 535288
        },
        "2012-08": {
            "month": "2012-08",
            "price": "19.91",
            "revenue": 505327
        },
        "2012-09": {
            "month": "2012-09",
            "price": "20.43",
            "revenue": 428891
        },
        "2012-10": {
            "month": "2012-10",
            "price": "20.41",
            "revenue": 422000
        },
        "2012-11": {
            "month": "2012-11",
            "price": "20.20",
            "revenue": 470238
        },
        "2012-12": {
            "month": "2012-12",
            "price": "21.26",
            "revenue": 549844
        },
        "2013-01": {
            "month": "2013-01",
            "price": "23.90",
            "revenue": 558423
        },
        "2013-02": {
            "month": "2013-02",
            "price": "26.60",
            "revenue": 484000
        },
        "2013-03": {
            "month": "2013-03",
            "price": "27.26",
            "revenue": 785170
        },
        "2013-04": {
            "month": "2013-04",
            "price": "27.16",
            "revenue": 503358
        },
        "2013-05": {
            "month": "2013-05",
            "price": "27.11",
            "revenue": 538170
        },
        "2013-06": {
            "month": "2013-06",
            "price": "26.10",
            "revenue": 428027
        },
        "2013-07": {
            "month": "2013-07",
            "price": "25.87",
            "revenue": 616230
        },
        "2013-08": {
            "month": "2013-08",
            "price": "25.47",
            "revenue": 593522
        },
        "2013-09": {
            "month": "2013-09",
            "price": "25.37",
            "revenue": 545517
        },
        "2013-10": {
            "month": "2013-10",
            "price": "26.05",
            "revenue": 584730
        },
        "2013-11": {
            "month": "2013-11",
            "price": "26.03",
            "revenue": 515072
        },
        "2013-12": {
            "month": "2013-12",
            "price": "26.67",
            "revenue": 620896
        },
        "2014-01": {
            "month": "2014-01",
            "price": "28.99",
            "revenue": 582417
        },
        "2014-02": {
            "month": "2014-02",
            "price": "29.03",
            "revenue": 456406
        },
        "2014-03": {
            "month": "2014-03",
            "price": "28.44",
            "revenue": 718387
        },
        "2014-04": {
            "month": "2014-04",
            "price": "28.31",
            "revenue": 834944
        },
        "2014-05": {
            "month": "2014-05",
            "price": "28.61",
            "revenue": 805837
        },
        "2014-06": {
            "month": "2014-06",
            "price": "28.85",
            "revenue": 797860
        },
        "2014-07": {
            "month": "2014-07",
            "price": "29.55",
            "revenue": 625489
        },
        "2014-08": {
            "month": "2014-08",
            "price": "31.49",
            "revenue": 632253
        },
        "2014-09": {
            "month": "2014-09",
            "price": "33.60",
            "revenue": 365704
        },
        "2014-10": {
            "month": "2014-10",
            "price": "32.23",
            "revenue": 764807
        },
        "2014-11": {
            "month": "2014-11",
            "price": "33.06",
            "revenue": 429827
        },
        "2014-12": {
            "month": "2014-12",
            "price": "32.98",
            "revenue": 739716
        },
        "2015-01": {
            "month": "2015-01",
            "price": "33.45",
            "revenue": 482901
        },
        "2015-02": {
            "month": "2015-02",
            "price": "33.72",
            "revenue": 667052
        },
        "2015-03": {
            "month": "2015-03",
            "price": "32.16",
            "revenue": 645316
        },
        "2015-04": {
            "month": "2015-04",
            "price": "30.00",
            "revenue": 702865
        },
        "2015-05": {
            "month": "2015-05",
            "price": "29.92",
            "revenue": 804314
        },
        "2015-06": {
            "month": "2015-06",
            "price": "28.01",
            "revenue": 669190
        },
        "2015-07": {
            "month": "2015-07",
            "price": "27.10",
            "revenue": 347038
        },
        "2015-08": {
            "month": "2015-08",
            "price": "23.64",
            "revenue": -137197
        },
        "2015-09": {
            "month": "2015-09",
            "price": "23.02",
            "revenue": 733752
        },
        "2015-10": {
            "month": "2015-10",
            "price": "25.27",
            "revenue": 641525
        },
        "2015-11": {
            "month": "2015-11",
            "price": "24.30",
            "revenue": 278721
        },
        "2015-12": {
            "month": "2015-12",
            "price": "23.08",
            "revenue": 287227
        },
        "2016-01": {
            "month": "2016-01",
            "price": "21.25",
            "revenue": 576153
        },
        "2016-02": {
            "month": "2016-02",
            "price": "21.30",
            "revenue": 577453
        },
        "2016-03": {
            "month": "2016-03",
            "price": "21.91",
            "revenue": 719901
        },
        "2016-04": {
            "month": "2016-04",
            "price": "22.49",
            "revenue": 476464
        },
        "2016-05": {
            "month": "2016-05",
            "price": "21.17",
            "revenue": 674175
        },
        "2016-06": {
            "month": "2016-06",
            "price": "21.42",
            "revenue": 688478
        },
        "2016-07": {
            "month": "2016-07",
            "price": "22.74",
            "revenue": 759367
        },
        "2016-08": {
            "month": "2016-08",
            "price": "26.44",
            "revenue": 701573
        },
        "2016-09": {
            "month": "2016-09",
            "price": "27.07",
            "revenue": 632604
        },
        "2016-10": {
            "month": "2016-10",
            "price": "26.01",
            "revenue": 625679
        },
        "2016-11": {
            "month": "2016-11",
            "price": "26.53",
            "revenue": 547305
        },
        "2016-12": {
            "month": "2016-12",
            "price": "28.10",
            "revenue": 541075
        },
        "2017-01": {
            "month": "2017-01",
            "price": "28.33",
            "revenue": 700508
        },
        "2017-02": {
            "month": "2017-02",
            "price": "28.81",
            "revenue": 543837
        },
        "2017-03": {
            "month": "2017-03",
            "price": "29.80",
            "revenue": 679287
        },
        "2017-04": {
            "month": "2017-04",
            "price": "29.36",
            "revenue": 677211
        },
        "2017-05": {
            "month": "2017-05",
            "price": "29.93",
            "revenue": 928086
        },
        "2017-06": {
            "month": "2017-06",
            "price": "30.79",
            "revenue": 824555
        },
        "2017-07": {
            "month": "2017-07",
            "price": "31.54",
            "revenue": 656433
        },
        "2017-08": {
            "month": "2017-08",
            "price": "31.70",
            "revenue": 817588
        },
        "2017-09": {
            "month": "2017-09",
            "price": "31.99",
            "revenue": 720440
        },
        "2017-10": {
            "month": "2017-10",
            "price": "32.81",
            "revenue": 852283
        },
        "2017-11": {
            "month": "2017-11",
            "price": "33.34",
            "revenue": 783480
        },
        "2017-12": {
            "month": "2017-12",
            "price": "36.76",
            "revenue": 822006
        },
        "2018-01": {
            "month": "2018-01",
            "price": "40.95",
            "revenue": 676859
        },
        "2018-02": {
            "month": "2018-02",
            "price": "40.01",
            "revenue": 484462
        },
        "2018-03": {
            "month": "2018-03",
            "price": "37.93",
            "revenue": 803444
        },
        "2018-04": {
            "month": "2018-04",
            "price": "35.78",
            "revenue": 275419
        },
        "2018-05": {
            "month": "2018-05",
            "price": "34.78",
            "revenue": 922490
        },
        "2018-06": {
            "month": "2018-06",
            "price": "33.78",
            "revenue": 589811
        },
        "2018-07": {
            "month": "2018-07",
            "price": "31.93",
            "revenue": 720373
        },
        "2018-08": {
            "month": "2018-08",
            "price": "31.37",
            "revenue": 785708
        },
        "2018-09": {
            "month": "2018-09",
            "price": "30.79",
            "revenue": 440554
        },
        "2018-10": {
            "month": "2018-10",
            "price": "29.68",
            "revenue": -352903
        },
        "2018-11": {
            "month": "2018-11",
            "price": "31.05",
            "revenue": 1065671
        },
        "2018-12": {
            "month": "2018-12",
            "price": "30.20",
            "revenue": 588927
        },
        "2019-01": {
            "month": "2019-01",
            "price": "28.82",
            "revenue": 1017661
        },
        "2019-02": {
            "month": "2019-02",
            "price": "30.81",
            "revenue": 801109
        },
        "2019-03": {
            "month": "2019-03",
            "price": "33.26",
            "revenue": 777262
        },
        "2019-04": {
            "month": "2019-04",
            "price": "32.73",
            "revenue": 659955
        },
        "2019-05": {
            "month": "2019-05",
            "price": "33.39",
            "revenue": 469474
        },
        "2019-06": {
            "month": "2019-06",
            "price": "33.41",
            "revenue": 668820
        },
        "2019-07": {
            "month": "2019-07",
            "price": "33.12",
            "revenue": 751824
        },
        "2019-08": {
            "month": "2019-08",
            "price": "30.53",
            "revenue": 707201
        },
        "2019-09": {
            "month": "2019-09",
            "price": "31.32",
            "revenue": 480338
        },
        "2019-10": {
            "month": "2019-10",
            "price": "31.35",
            "revenue": 687435
        },
        "2019-11": {
            "month": "2019-11",
            "price": "32.58",
            "revenue": 714216
        },
        "2019-12": {
            "month": "2019-12",
            "price": "33.23",
            "revenue": 757688
        },
        "2020-01": {
            "month": "2020-01",
            "price": "34.66",
            "revenue": 736655
        },
        "2020-02": {
            "month": "2020-02",
            "price": "35.89",
            "revenue": 821277
        },
        "2020-03": {
            "month": "2020-03",
            "price": "31.60",
            "revenue": 2148
        },
        "2020-04": {
            "month": "2020-04",
            "price": "29.95",
            "revenue": 610561
        },
        "2020-05": {
            "month": "2020-05",
            "price": "32.33",
            "revenue": 617623
        },
        "2020-06": {
            "month": "2020-06",
            "price": "35.96",
            "revenue": 647988
        },
        "2020-07": {
            "month": "2020-07",
            "price": "35.32",
            "revenue": 1095140
        },
        "2020-08": {
            "month": "2020-08",
            "price": "36.68",
            "revenue": 695964
        },
        "2020-09": {
            "month": "2020-09",
            "price": "36.73",
            "revenue": 1059797
        },
        "2020-10": {
            "month": "2020-10",
            "price": "38.74",
            "revenue": 760400
        },
        "2020-11": {
            "month": "2020-11",
            "price": "38.93",
            "revenue": 882683
        },
        "2020-12": {
            "month": "2020-12",
            "price": "38.44",
            "revenue": 976690
        },
        "2021-01": {
            "month": "2021-01",
            "price": "39.20",
            "revenue": 887533
        },
        "2021-02": {
            "month": "2021-02",
            "price": "39.08",
            "revenue": 751123
        },
        "2021-03": {
            "month": "2021-03",
            "price": "39.04",
            "revenue": 1097720
        },
        "2021-04": {
            "month": "2021-04",
            "price": "40.69",
            "revenue": 906968
        },
        "2021-05": {
            "month": "2021-05",
            "price": "40.96",
            "revenue": 888297
        },
        "2021-06": {
            "month": "2021-06",
            "price": "40.10",
            "revenue": 1092929
        },
        "2021-07": {
            "month": "2021-07",
            "price": "40.55",
            "revenue": 859842
        },
        "2021-08": {
            "month": "2021-08",
            "price": "41.97",
            "revenue": 624202
        },
        "2021-09": {
            "month": "2021-09",
            "price": "42.76",
            "revenue": 485372
        },
        "2021-10": {
            "month": "2021-10",
            "price": "41.81",
            "revenue": 712003
        },
        "2021-11": {
            "month": "2021-11",
            "price": "41.06",
            "revenue": 894336
        },
        "2021-12": {
            "month": "2021-12",
            "price": "40.10",
            "revenue": 1061633
        },
        "2022-01": {
            "month": "2022-01",
            "price": "40.83",
            "revenue": 389594
        },
        "2022-02": {
            "month": "2022-02",
            "price": "40.67",
            "revenue": 558938
        },
        "2022-03": {
            "month": "2022-03",
            "price": "39.62",
            "revenue": -347984
        },
        "2022-04": {
            "month": "2022-04",
            "price": "40.07",
            "revenue": 120220
        },
        "2022-05": {
            "month": "2022-05",
            "price": "37.36",
            "revenue": 888099
        },
        "2022-06": {
            "month": "2022-06",
            "price": "36.17",
            "revenue": 106096
        },
        "2022-07": {
            "month": "2022-07",
            "price": "33.56",
            "revenue": 1136280
        },
        "2022-08": {
            "month": "2022-08",
            "price": "35.72",
            "revenue": 905008
        },
        "2022-09": {
            "month": "2022-09",
            "price": "34.37",
            "revenue": -818107
        },
        "2022-10": {
            "month": "2022-10",
            "price": "31.20",
            "revenue": 525434
        },
        "2022-11": {
            "month": "2022-11",
            "price": "34.08",
            "revenue": 1159759
        },
        "2022-12": {
            "month": "2022-12",
            "price": "34.73",
            "revenue": 729033
        },
        "2023-01": {
            "month": "2023-01",
            "price": "34.28",
            "revenue": 837953
        },
        "2023-02": {
            "month": "2023-02",
            "price": "34.69",
            "revenue": 1059410
        },
        "2023-03": {
            "month": "2023-03",
            "price": "34.38",
            "revenue": 158293
        },
        "2023-04": {
            "month": "2023-04",
            "price": "34.78",
            "revenue": 669996
        }
    }
}
