{
    "summary": {
        "stock_name": "台中銀",
        "stock_id": "2812",
        "category": "金融",
        "main_business": "銀行相關事業",
        "website_url": "http://www.tcbbank.com.tw",
        "ceo": "賈德威",
        "pe_ratio": 13,
        "report_year_from": 2001,
        "report_year_to": 2023,
        "age": 22,
        "eps_negative_percentage": 0,
        "eps_growth_avg": {
            "last_all": 12.84,
            "last_2y": -1.08,
            "last_4y": 0.46,
            "last_8y": -0.89,
            "last_12y": null,
            "last_16y": null,
            "last_20y": null,
            "at_2006_last_3y": null,
            "at_2007_last_3y": null,
            "at_2008_last_3y": null,
            "at_2009_last_3y": null,
            "at_2010_last_3y": null,
            "at_2011_last_3y": null,
            "at_2012_last_3y": null,
            "at_2013_last_3y": null,
            "at_2014_last_3y": 42.52,
            "at_2015_last_3y": 14,
            "at_2016_last_3y": -1.99,
            "at_2017_last_3y": -2.57,
            "at_2018_last_3y": -2.77,
            "at_2019_last_3y": 0.33,
            "at_2020_last_3y": -1.15,
            "at_2021_last_3y": 0.57,
            "at_2022_last_3y": -1.23,
            "at_2023_last_3y": -1.23,
            "at_2006_last_all": null,
            "at_2007_last_all": null,
            "at_2008_last_all": null,
            "at_2009_last_all": null,
            "at_2010_last_all": null,
            "at_2011_last_all": null,
            "at_2012_last_all": 78.95,
            "at_2013_last_all": 54.02,
            "at_2014_last_all": 42.52,
            "at_2015_last_all": 31.2,
            "at_2016_last_all": 24.99,
            "at_2017_last_all": 21.68,
            "at_2018_last_all": 19.87,
            "at_2019_last_all": 17.48,
            "at_2020_last_all": 14.53,
            "at_2021_last_all": 14.01,
            "at_2022_last_all": 12.84,
            "at_2023_last_all": 12.84
        },
        "latest_eps": 1.1,
        "latest_price": 14.7,
        "latest_roe": 8.16,
        "latest_gross_margin": null,
        "latest_equity": 71323523,
        "latest_revenue": 4149386,
        "latest_gross_profit": null,
        "latest_net_income": 1473320,
        "latest_debt_ratio": 91.19,
        "latest_current_ratio": null,
        "latest_account_receivable_turnover_ratio": null,
        "latest_inventory_turnover_ratio": null,
        "latest_reinvestment_rate": 39.86,
        "latest_research_to_sale_ratio": null
    },
    "eps_dividends": {
        "1989": {
            "cash": 1,
            "stock": 5,
            "eps": 0
        },
        "1990": {
            "cash": 0,
            "stock": 3,
            "eps": 0
        },
        "1991": {
            "cash": 0,
            "stock": 3,
            "eps": 0
        },
        "1992": {
            "cash": 0,
            "stock": 4,
            "eps": 0
        },
        "1993": {
            "cash": 0,
            "stock": 3,
            "eps": 0
        },
        "1994": {
            "cash": 0,
            "stock": 3,
            "eps": 0
        },
        "1995": {
            "cash": 0,
            "stock": 3,
            "eps": 0
        },
        "1996": {
            "cash": 0,
            "stock": 3,
            "eps": 0
        },
        "1997": {
            "cash": 0,
            "stock": 3,
            "eps": 0
        },
        "1998": {
            "cash": 0,
            "stock": 2,
            "eps": 0
        },
        "2001": {
            "cash": 0,
            "stock": 0,
            "eps": 0
        },
        "2002": {
            "cash": 0,
            "stock": 0,
            "eps": 0
        },
        "2003": {
            "cash": 0,
            "stock": 0,
            "eps": 0
        },
        "2004": {
            "cash": 0,
            "stock": 0,
            "eps": 0
        },
        "2005": {
            "cash": 0,
            "stock": 0,
            "eps": 0
        },
        "2006": {
            "cash": 0,
            "stock": 0,
            "eps": 0
        },
        "2007": {
            "cash": 0,
            "stock": 0,
            "eps": 0
        },
        "2008": {
            "cash": 0,
            "stock": 1,
            "eps": 0
        },
        "2009": {
            "cash": 0,
            "stock": 0,
            "eps": 0
        },
        "2010": {
            "cash": 0,
            "stock": 0,
            "eps": 0.31
        },
        "2011": {
            "cash": 0,
            "stock": 0,
            "eps": 0.76
        },
        "2012": {
            "cash": 0,
            "stock": 0,
            "eps": 1.2
        },
        "2013": {
            "cash": 0,
            "stock": 1,
            "eps": 1.25
        },
        "2014": {
            "cash": 0,
            "stock": 1,
            "eps": 1.35
        },
        "2015": {
            "cash": 0,
            "stock": 1,
            "eps": 1.16
        },
        "2016": {
            "cash": 1,
            "stock": 0,
            "eps": 1.09
        },
        "2017": {
            "cash": 1,
            "stock": 0,
            "eps": 1.11
        },
        "2018": {
            "cash": 0,
            "stock": 0,
            "eps": 1.19
        },
        "2019": {
            "cash": 0,
            "stock": 1,
            "eps": 1.17
        },
        "2020": {
            "cash": 0,
            "stock": 1,
            "eps": 1.03
        },
        "2021": {
            "cash": 0,
            "stock": 0,
            "eps": 1.12
        },
        "2022": {
            "cash": 0,
            "stock": 1,
            "eps": 1.12
        },
        "2023": {
            "cash": 0,
            "stock": 0,
            "eps": 0.29
        }
    },
    "dividends": {
        "1989-03-23": {
            "cash": 0.6,
            "stock": 5
        },
        "1990-03-23": {
            "cash": 0,
            "stock": 2.8
        },
        "1991-06-28": {
            "cash": 0,
            "stock": 3.4
        },
        "1992-06-03": {
            "cash": 0,
            "stock": 3.7
        },
        "1993-06-05": {
            "cash": 0,
            "stock": 3.3
        },
        "1994-04-23": {
            "cash": 0,
            "stock": 3
        },
        "1995-06-10": {
            "cash": 0,
            "stock": 2.5
        },
        "1996-03-28": {
            "cash": 0,
            "stock": 3
        },
        "1997-05-08": {
            "cash": 0,
            "stock": 2.5
        },
        "1998-06-20": {
            "cash": 0,
            "stock": 2.2
        },
        "2008-03-24": {
            "cash": 0.4,
            "stock": 0.52
        },
        "2009-05-06": {
            "cash": 0.11,
            "stock": 0
        },
        "2011-01-01": {
            "cash": 0.05,
            "stock": 0.38
        },
        "2011-03-09": {
            "cash": 0,
            "stock": 0.3
        },
        "2013-03-13": {
            "cash": 0.1,
            "stock": 0.73
        },
        "2014-10-09": {
            "cash": 0.19,
            "stock": 0.59
        },
        "2015-10-07": {
            "cash": 0.25,
            "stock": 0.64
        },
        "2016-10-05": {
            "cash": 0.5,
            "stock": 0.17
        },
        "2017-09-04": {
            "cash": 0.55,
            "stock": 0.17
        },
        "2018-09-03": {
            "cash": 0.45,
            "stock": 0.25
        },
        "2019-09-30": {
            "cash": 0.28,
            "stock": 0.52
        },
        "2020-09-30": {
            "cash": 0.28,
            "stock": 0.52
        },
        "2021-09-30": {
            "cash": 0.24,
            "stock": 0.45
        },
        "2022-08-22": {
            "cash": 0.25,
            "stock": 0.5
        },
        "2023-02-23": {
            "cash": 0.3,
            "stock": 0.42
        }
    },
    "prices": {
        "200101": "4.37",
        "200102": "4.91",
        "200103": "4.51",
        "200104": "4.08",
        "200105": "3.51",
        "200106": "4.05",
        "200107": "3.85",
        "200108": "3.88",
        "200109": "3.82",
        "200110": "3.60",
        "200111": "3.54",
        "200112": "3.95",
        "200201": "3.96",
        "200202": "4.19",
        "200203": "5.01",
        "200204": "6.62",
        "200205": "6.58",
        "200206": "6.48",
        "200207": "5.63",
        "200208": "5.16",
        "200209": "3.94",
        "200210": "3.83",
        "200211": "4.27",
        "200212": "4.28",
        "200301": "5.74",
        "200302": "5.52",
        "200303": "4.93",
        "200304": "5.09",
        "200305": "4.75",
        "200306": "5.40",
        "200307": "5.87",
        "200308": "5.80",
        "200309": "6.14",
        "200310": "6.39",
        "200311": "6.47",
        "200312": "6.42",
        "200401": "7.12",
        "200402": "9.54",
        "200403": "9.83",
        "200404": "10.07",
        "200405": "8.50",
        "200406": "8.80",
        "200407": "8.53",
        "200408": "8.60",
        "200409": "9.65",
        "200410": "10.99",
        "200411": "11.83",
        "200412": "12.22",
        "200501": "13.32",
        "200502": "12.34",
        "200503": "11.98",
        "200504": "10.26",
        "200505": "9.24",
        "200506": "9.61",
        "200507": "9.54",
        "200508": "9.08",
        "200509": "7.75",
        "200510": "7.25",
        "200511": "7.00",
        "200512": "7.12",
        "200601": "7.20",
        "200602": "6.98",
        "200603": "6.44",
        "200604": "6.48",
        "200605": "6.91",
        "200606": "6.15",
        "200607": "6.28",
        "200608": "6.21",
        "200609": "6.02",
        "200610": "6.69",
        "200611": "6.34",
        "200612": "7.53",
        "200701": "8.32",
        "200702": "8.33",
        "200703": "無",
        "200704": "12.01",
        "200705": "11.46",
        "200706": "11.97",
        "200707": "15.17",
        "200708": "13.22",
        "200709": "13.69",
        "200710": "14.74",
        "200711": "13.93",
        "200712": "13.05",
        "200801": "13.47",
        "200802": "13.53",
        "200803": "14.69",
        "200804": "15.55",
        "200805": "14.97",
        "200806": "13.79",
        "200807": "12.44",
        "200808": "11.81",
        "200809": "9.92",
        "200810": "7.03",
        "200811": "5.88",
        "200812": "6.26",
        "200901": "6.13",
        "200902": "5.51",
        "200903": "5.72",
        "200904": "7.56",
        "200905": "7.93",
        "200906": "7.81",
        "200907": "8.07",
        "200908": "8.06",
        "200909": "8.02",
        "200910": "8.47",
        "200911": "8.24",
        "200912": "8.15",
        "201001": "8.48",
        "201002": "7.98",
        "201003": "8.17",
        "201004": "8.49",
        "201005": "8.16",
        "201006": "8.26",
        "201007": "9.81",
        "201008": "11.00",
        "201009": "10.56",
        "201010": "10.42",
        "201011": "10.20",
        "201012": "11.28",
        "201101": "12.51",
        "201102": "13.63",
        "201103": "12.86",
        "201104": "12.17",
        "201105": "11.83",
        "201106": "11.49",
        "201107": "11.51",
        "201108": "11.63",
        "201109": "10.17",
        "201110": "9.94",
        "201111": "9.38",
        "201112": "8.75",
        "201201": "8.50",
        "201202": "9.72",
        "201203": "9.78",
        "201204": "9.14",
        "201205": "9.02",
        "201206": "8.98",
        "201207": "9.42",
        "201208": "9.76",
        "201209": "9.89",
        "201210": "9.76",
        "201211": "9.34",
        "201212": "10.00",
        "201301": "10.36",
        "201302": "10.80",
        "201303": "10.66",
        "201304": "10.59",
        "201305": "10.87",
        "201306": "10.83",
        "201307": "10.94",
        "201308": "10.91",
        "201309": "10.62",
        "201310": "10.77",
        "201311": "10.78",
        "201312": "10.86",
        "201401": "10.92",
        "201402": "10.82",
        "201403": "10.46",
        "201404": "10.27",
        "201405": "10.23",
        "201406": "10.52",
        "201407": "10.81",
        "201408": "10.80",
        "201409": "10.47",
        "201410": "10.20",
        "201411": "10.22",
        "201412": "10.21",
        "201501": "10.30",
        "201502": "10.44",
        "201503": "10.53",
        "201504": "10.84",
        "201505": "10.88",
        "201506": "10.74",
        "201507": "10.60",
        "201508": "10.11",
        "201509": "9.37",
        "201510": "9.78",
        "201511": "9.86",
        "201512": "9.46",
        "201601": "8.97",
        "201602": "9.10",
        "201603": "9.38",
        "201604": "9.28",
        "201605": "9.02",
        "201606": "9.07",
        "201607": "9.14",
        "201608": "9.30",
        "201609": "8.94",
        "201610": "8.95",
        "201611": "9.02",
        "201612": "9.16",
        "201701": "9.18",
        "201702": "9.35",
        "201703": "9.63",
        "201704": "9.79",
        "201705": "9.90",
        "201706": "10.06",
        "201707": "10.27",
        "201708": "9.61",
        "201709": "9.58",
        "201710": "9.65",
        "201711": "9.65",
        "201712": "9.85",
        "201801": "10.15",
        "201802": "10.08",
        "201803": "10.22",
        "201804": "10.19",
        "201805": "10.35",
        "201806": "10.45",
        "201807": "10.43",
        "201808": "10.26",
        "201809": "10.58",
        "201810": "10.36",
        "201811": "10.25",
        "201812": "10.18",
        "201901": "10.33",
        "201902": "10.60",
        "201903": "11.10",
        "201904": "11.38",
        "201905": "11.98",
        "201906": "12.45",
        "201907": "12.58",
        "201908": "12.31",
        "201909": "11.90",
        "201910": "11.80",
        "201911": "11.91",
        "201912": "11.93",
        "202001": "12.29",
        "202002": "12.26",
        "202003": "11.00",
        "202004": "10.88",
        "202005": "11.37",
        "202006": "11.80",
        "202007": "11.79",
        "202008": "11.82",
        "202009": "10.85",
        "202010": "10.84",
        "202011": "10.98",
        "202012": "10.86",
        "202101": "10.81",
        "202102": "10.85",
        "202103": "11.36",
        "202104": "11.69",
        "202105": "11.50",
        "202106": "11.50",
        "202107": "11.83",
        "202108": "11.96",
        "202109": "11.56",
        "202110": "11.72",
        "202111": "12.00",
        "202112": "12.03",
        "202201": "13.15",
        "202202": "13.66",
        "202203": "14.20",
        "202204": "15.23",
        "202205": "13.91",
        "202206": "13.76",
        "202207": "13.38",
        "202208": "13.45",
        "202209": "13.52",
        "202210": "12.70",
        "202211": "12.80",
        "202212": "12.98",
        "202301": "13.00",
        "202302": "13.29",
        "202303": "13.80",
        "202304": "14.04",
        "202305": "14.61"
    },
    "quarters": {
        "20011": {
            "year_quarter": 20011,
            "year": 2001,
            "quarter": 1,
            "eps": null,
            "eps_growth_year": null,
            "eps_4q": null,
            "eps_4q_growth_year": null,
            "roe": null,
            "roe_4q": 0,
            "gross_profit": null,
            "gross_margin": null,
            "gross_margin_4q_avg": 0,
            "net_income": null,
            "revenue": null,
            "common_shares": null,
            "book_valuer_per_share": null,
            "book_valuer_per_share_4q_avg": 0,
            "equity": null,
            "current_ratio": null,
            "debt_ratio": null,
            "inventory_turnover_ratio": null,
            "account_receivable_turnover_ratio": null,
            "reinvestment_rate": null,
            "research_to_sale_ratio": null,
            "price_fair": 0,
            "eps_avg_yearly": 0,
            "eps_latest_yearly": 0,
            "eps_growth_yearly": 0
        },
        "20012": {
            "year_quarter": 20012,
            "year": 2001,
            "quarter": 2,
            "eps": null,
            "eps_growth_year": null,
            "eps_4q": null,
            "eps_4q_growth_year": null,
            "roe": null,
            "roe_4q": 0,
            "gross_profit": null,
            "gross_margin": null,
            "gross_margin_4q_avg": 0,
            "net_income": null,
            "revenue": null,
            "common_shares": null,
            "book_valuer_per_share": null,
            "book_valuer_per_share_4q_avg": 0,
            "equity": null,
            "current_ratio": null,
            "debt_ratio": null,
            "inventory_turnover_ratio": null,
            "account_receivable_turnover_ratio": null,
            "reinvestment_rate": null,
            "research_to_sale_ratio": null,
            "price_fair": 0,
            "eps_avg_yearly": 0,
            "eps_latest_yearly": 0,
            "eps_growth_yearly": 0
        },
        "20013": {
            "year_quarter": 20013,
            "year": 2001,
            "quarter": 3,
            "eps": null,
            "eps_growth_year": null,
            "eps_4q": null,
            "eps_4q_growth_year": null,
            "roe": null,
            "roe_4q": 0,
            "gross_profit": null,
            "gross_margin": null,
            "gross_margin_4q_avg": 0,
            "net_income": null,
            "revenue": null,
            "common_shares": null,
            "book_valuer_per_share": null,
            "book_valuer_per_share_4q_avg": 0,
            "equity": null,
            "current_ratio": null,
            "debt_ratio": null,
            "inventory_turnover_ratio": null,
            "account_receivable_turnover_ratio": null,
            "reinvestment_rate": null,
            "research_to_sale_ratio": null,
            "price_fair": 0,
            "eps_avg_yearly": 0,
            "eps_latest_yearly": 0,
            "eps_growth_yearly": 0
        },
        "20014": {
            "year_quarter": 20014,
            "year": 2001,
            "quarter": 4,
            "eps": null,
            "eps_growth_year": null,
            "eps_4q": null,
            "eps_4q_growth_year": null,
            "roe": null,
            "roe_4q": 0,
            "gross_profit": null,
            "gross_margin": null,
            "gross_margin_4q_avg": 0,
            "net_income": null,
            "revenue": null,
            "common_shares": null,
            "book_valuer_per_share": null,
            "book_valuer_per_share_4q_avg": 0,
            "equity": null,
            "current_ratio": null,
            "debt_ratio": null,
            "inventory_turnover_ratio": null,
            "account_receivable_turnover_ratio": null,
            "reinvestment_rate": null,
            "research_to_sale_ratio": null,
            "price_fair": 0,
            "eps_avg_yearly": 0,
            "eps_latest_yearly": 0,
            "eps_growth_yearly": 0
        },
        "20021": {
            "year_quarter": 20021,
            "year": 2002,
            "quarter": 1,
            "eps": null,
            "eps_growth_year": null,
            "eps_4q": null,
            "eps_4q_growth_year": null,
            "roe": null,
            "roe_4q": 0,
            "gross_profit": null,
            "gross_margin": null,
            "gross_margin_4q_avg": 0,
            "net_income": null,
            "revenue": null,
            "common_shares": null,
            "book_valuer_per_share": null,
            "book_valuer_per_share_4q_avg": 0,
            "equity": null,
            "current_ratio": null,
            "debt_ratio": null,
            "inventory_turnover_ratio": null,
            "account_receivable_turnover_ratio": null,
            "reinvestment_rate": null,
            "research_to_sale_ratio": null,
            "price_fair": 0,
            "eps_avg_yearly": 0,
            "eps_latest_yearly": 0,
            "eps_growth_yearly": 0
        },
        "20022": {
            "year_quarter": 20022,
            "year": 2002,
            "quarter": 2,
            "eps": null,
            "eps_growth_year": null,
            "eps_4q": null,
            "eps_4q_growth_year": null,
            "roe": null,
            "roe_4q": 0,
            "gross_profit": null,
            "gross_margin": null,
            "gross_margin_4q_avg": 0,
            "net_income": null,
            "revenue": null,
            "common_shares": null,
            "book_valuer_per_share": null,
            "book_valuer_per_share_4q_avg": 0,
            "equity": null,
            "current_ratio": null,
            "debt_ratio": null,
            "inventory_turnover_ratio": null,
            "account_receivable_turnover_ratio": null,
            "reinvestment_rate": null,
            "research_to_sale_ratio": null,
            "price_fair": 0,
            "eps_avg_yearly": 0,
            "eps_latest_yearly": 0,
            "eps_growth_yearly": 0
        },
        "20023": {
            "year_quarter": 20023,
            "year": 2002,
            "quarter": 3,
            "eps": null,
            "eps_growth_year": null,
            "eps_4q": null,
            "eps_4q_growth_year": null,
            "roe": null,
            "roe_4q": 0,
            "gross_profit": null,
            "gross_margin": null,
            "gross_margin_4q_avg": 0,
            "net_income": null,
            "revenue": null,
            "common_shares": null,
            "book_valuer_per_share": null,
            "book_valuer_per_share_4q_avg": 0,
            "equity": null,
            "current_ratio": null,
            "debt_ratio": null,
            "inventory_turnover_ratio": null,
            "account_receivable_turnover_ratio": null,
            "reinvestment_rate": null,
            "research_to_sale_ratio": null,
            "price_fair": 0,
            "eps_avg_yearly": 0,
            "eps_latest_yearly": 0,
            "eps_growth_yearly": 0
        },
        "20024": {
            "year_quarter": 20024,
            "year": 2002,
            "quarter": 4,
            "eps": null,
            "eps_growth_year": null,
            "eps_4q": null,
            "eps_4q_growth_year": null,
            "roe": null,
            "roe_4q": 0,
            "gross_profit": null,
            "gross_margin": null,
            "gross_margin_4q_avg": 0,
            "net_income": null,
            "revenue": null,
            "common_shares": null,
            "book_valuer_per_share": null,
            "book_valuer_per_share_4q_avg": 0,
            "equity": null,
            "current_ratio": null,
            "debt_ratio": null,
            "inventory_turnover_ratio": null,
            "account_receivable_turnover_ratio": null,
            "reinvestment_rate": null,
            "research_to_sale_ratio": null,
            "price_fair": 0,
            "eps_avg_yearly": 0,
            "eps_latest_yearly": 0,
            "eps_growth_yearly": 0
        },
        "20031": {
            "year_quarter": 20031,
            "year": 2003,
            "quarter": 1,
            "eps": null,
            "eps_growth_year": null,
            "eps_4q": null,
            "eps_4q_growth_year": null,
            "roe": null,
            "roe_4q": 0,
            "gross_profit": null,
            "gross_margin": null,
            "gross_margin_4q_avg": 0,
            "net_income": null,
            "revenue": null,
            "common_shares": null,
            "book_valuer_per_share": null,
            "book_valuer_per_share_4q_avg": 0,
            "equity": null,
            "current_ratio": null,
            "debt_ratio": null,
            "inventory_turnover_ratio": null,
            "account_receivable_turnover_ratio": null,
            "reinvestment_rate": null,
            "research_to_sale_ratio": null,
            "price_fair": 0,
            "eps_avg_yearly": 0,
            "eps_latest_yearly": 0,
            "eps_growth_yearly": 0
        },
        "20032": {
            "year_quarter": 20032,
            "year": 2003,
            "quarter": 2,
            "eps": null,
            "eps_growth_year": null,
            "eps_4q": null,
            "eps_4q_growth_year": null,
            "roe": null,
            "roe_4q": 0,
            "gross_profit": null,
            "gross_margin": null,
            "gross_margin_4q_avg": 0,
            "net_income": null,
            "revenue": null,
            "common_shares": null,
            "book_valuer_per_share": null,
            "book_valuer_per_share_4q_avg": 0,
            "equity": null,
            "current_ratio": null,
            "debt_ratio": null,
            "inventory_turnover_ratio": null,
            "account_receivable_turnover_ratio": null,
            "reinvestment_rate": null,
            "research_to_sale_ratio": null,
            "price_fair": 0,
            "eps_avg_yearly": 0,
            "eps_latest_yearly": 0,
            "eps_growth_yearly": 0
        },
        "20033": {
            "year_quarter": 20033,
            "year": 2003,
            "quarter": 3,
            "eps": null,
            "eps_growth_year": null,
            "eps_4q": null,
            "eps_4q_growth_year": null,
            "roe": null,
            "roe_4q": 0,
            "gross_profit": null,
            "gross_margin": null,
            "gross_margin_4q_avg": 0,
            "net_income": null,
            "revenue": null,
            "common_shares": null,
            "book_valuer_per_share": null,
            "book_valuer_per_share_4q_avg": 0,
            "equity": null,
            "current_ratio": null,
            "debt_ratio": null,
            "inventory_turnover_ratio": null,
            "account_receivable_turnover_ratio": null,
            "reinvestment_rate": null,
            "research_to_sale_ratio": null,
            "price_fair": 0,
            "eps_avg_yearly": 0,
            "eps_latest_yearly": 0,
            "eps_growth_yearly": 0
        },
        "20034": {
            "year_quarter": 20034,
            "year": 2003,
            "quarter": 4,
            "eps": null,
            "eps_growth_year": null,
            "eps_4q": null,
            "eps_4q_growth_year": null,
            "roe": null,
            "roe_4q": 0,
            "gross_profit": null,
            "gross_margin": null,
            "gross_margin_4q_avg": 0,
            "net_income": null,
            "revenue": null,
            "common_shares": null,
            "book_valuer_per_share": null,
            "book_valuer_per_share_4q_avg": 0,
            "equity": null,
            "current_ratio": null,
            "debt_ratio": null,
            "inventory_turnover_ratio": null,
            "account_receivable_turnover_ratio": null,
            "reinvestment_rate": null,
            "research_to_sale_ratio": null,
            "price_fair": 0,
            "eps_avg_yearly": 0,
            "eps_latest_yearly": 0,
            "eps_growth_yearly": 0
        },
        "20041": {
            "year_quarter": 20041,
            "year": 2004,
            "quarter": 1,
            "eps": null,
            "eps_growth_year": null,
            "eps_4q": null,
            "eps_4q_growth_year": null,
            "roe": null,
            "roe_4q": 0,
            "gross_profit": null,
            "gross_margin": null,
            "gross_margin_4q_avg": 0,
            "net_income": null,
            "revenue": null,
            "common_shares": null,
            "book_valuer_per_share": null,
            "book_valuer_per_share_4q_avg": 0,
            "equity": null,
            "current_ratio": null,
            "debt_ratio": null,
            "inventory_turnover_ratio": null,
            "account_receivable_turnover_ratio": null,
            "reinvestment_rate": null,
            "research_to_sale_ratio": null,
            "price_fair": 0,
            "eps_avg_yearly": 0,
            "eps_latest_yearly": 0,
            "eps_growth_yearly": 0
        },
        "20042": {
            "year_quarter": 20042,
            "year": 2004,
            "quarter": 2,
            "eps": null,
            "eps_growth_year": null,
            "eps_4q": null,
            "eps_4q_growth_year": null,
            "roe": null,
            "roe_4q": 0,
            "gross_profit": null,
            "gross_margin": null,
            "gross_margin_4q_avg": 0,
            "net_income": null,
            "revenue": null,
            "common_shares": null,
            "book_valuer_per_share": null,
            "book_valuer_per_share_4q_avg": 0,
            "equity": null,
            "current_ratio": null,
            "debt_ratio": null,
            "inventory_turnover_ratio": null,
            "account_receivable_turnover_ratio": null,
            "reinvestment_rate": null,
            "research_to_sale_ratio": null,
            "price_fair": 0,
            "eps_avg_yearly": 0,
            "eps_latest_yearly": 0,
            "eps_growth_yearly": 0
        },
        "20043": {
            "year_quarter": 20043,
            "year": 2004,
            "quarter": 3,
            "eps": null,
            "eps_growth_year": null,
            "eps_4q": null,
            "eps_4q_growth_year": null,
            "roe": null,
            "roe_4q": 0,
            "gross_profit": null,
            "gross_margin": null,
            "gross_margin_4q_avg": 0,
            "net_income": null,
            "revenue": null,
            "common_shares": null,
            "book_valuer_per_share": null,
            "book_valuer_per_share_4q_avg": 0,
            "equity": null,
            "current_ratio": null,
            "debt_ratio": null,
            "inventory_turnover_ratio": null,
            "account_receivable_turnover_ratio": null,
            "reinvestment_rate": null,
            "research_to_sale_ratio": null,
            "price_fair": 0,
            "eps_avg_yearly": 0,
            "eps_latest_yearly": 0,
            "eps_growth_yearly": 0
        },
        "20044": {
            "year_quarter": 20044,
            "year": 2004,
            "quarter": 4,
            "eps": null,
            "eps_growth_year": null,
            "eps_4q": null,
            "eps_4q_growth_year": null,
            "roe": null,
            "roe_4q": 0,
            "gross_profit": null,
            "gross_margin": null,
            "gross_margin_4q_avg": 0,
            "net_income": null,
            "revenue": null,
            "common_shares": null,
            "book_valuer_per_share": null,
            "book_valuer_per_share_4q_avg": 0,
            "equity": null,
            "current_ratio": null,
            "debt_ratio": null,
            "inventory_turnover_ratio": null,
            "account_receivable_turnover_ratio": null,
            "reinvestment_rate": null,
            "research_to_sale_ratio": null,
            "price_fair": 0,
            "eps_avg_yearly": 0,
            "eps_latest_yearly": 0,
            "eps_growth_yearly": 0
        },
        "20051": {
            "year_quarter": 20051,
            "year": 2005,
            "quarter": 1,
            "eps": null,
            "eps_growth_year": null,
            "eps_4q": null,
            "eps_4q_growth_year": null,
            "roe": null,
            "roe_4q": 0,
            "gross_profit": null,
            "gross_margin": null,
            "gross_margin_4q_avg": 0,
            "net_income": null,
            "revenue": null,
            "common_shares": null,
            "book_valuer_per_share": null,
            "book_valuer_per_share_4q_avg": 0,
            "equity": null,
            "current_ratio": null,
            "debt_ratio": null,
            "inventory_turnover_ratio": null,
            "account_receivable_turnover_ratio": null,
            "reinvestment_rate": null,
            "research_to_sale_ratio": null,
            "price_fair": 0,
            "eps_avg_yearly": 0,
            "eps_latest_yearly": 0,
            "eps_growth_yearly": 0
        },
        "20052": {
            "year_quarter": 20052,
            "year": 2005,
            "quarter": 2,
            "eps": null,
            "eps_growth_year": null,
            "eps_4q": null,
            "eps_4q_growth_year": null,
            "roe": null,
            "roe_4q": 0,
            "gross_profit": null,
            "gross_margin": null,
            "gross_margin_4q_avg": 0,
            "net_income": null,
            "revenue": null,
            "common_shares": null,
            "book_valuer_per_share": null,
            "book_valuer_per_share_4q_avg": 0,
            "equity": null,
            "current_ratio": null,
            "debt_ratio": null,
            "inventory_turnover_ratio": null,
            "account_receivable_turnover_ratio": null,
            "reinvestment_rate": null,
            "research_to_sale_ratio": null,
            "price_fair": 0,
            "eps_avg_yearly": 0,
            "eps_latest_yearly": 0,
            "eps_growth_yearly": 0
        },
        "20053": {
            "year_quarter": 20053,
            "year": 2005,
            "quarter": 3,
            "eps": null,
            "eps_growth_year": null,
            "eps_4q": null,
            "eps_4q_growth_year": null,
            "roe": null,
            "roe_4q": 0,
            "gross_profit": null,
            "gross_margin": null,
            "gross_margin_4q_avg": 0,
            "net_income": null,
            "revenue": null,
            "common_shares": null,
            "book_valuer_per_share": null,
            "book_valuer_per_share_4q_avg": 0,
            "equity": null,
            "current_ratio": null,
            "debt_ratio": null,
            "inventory_turnover_ratio": null,
            "account_receivable_turnover_ratio": null,
            "reinvestment_rate": null,
            "research_to_sale_ratio": null,
            "price_fair": 0,
            "eps_avg_yearly": 0,
            "eps_latest_yearly": 0,
            "eps_growth_yearly": 0
        },
        "20054": {
            "year_quarter": 20054,
            "year": 2005,
            "quarter": 4,
            "eps": null,
            "eps_growth_year": null,
            "eps_4q": null,
            "eps_4q_growth_year": null,
            "roe": null,
            "roe_4q": 0,
            "gross_profit": null,
            "gross_margin": null,
            "gross_margin_4q_avg": 0,
            "net_income": null,
            "revenue": null,
            "common_shares": null,
            "book_valuer_per_share": null,
            "book_valuer_per_share_4q_avg": 0,
            "equity": null,
            "current_ratio": null,
            "debt_ratio": null,
            "inventory_turnover_ratio": null,
            "account_receivable_turnover_ratio": null,
            "reinvestment_rate": null,
            "research_to_sale_ratio": null,
            "price_fair": 0,
            "eps_avg_yearly": 0,
            "eps_latest_yearly": 0,
            "eps_growth_yearly": 0
        },
        "20061": {
            "year_quarter": 20061,
            "year": 2006,
            "quarter": 1,
            "eps": null,
            "eps_growth_year": null,
            "eps_4q": null,
            "eps_4q_growth_year": null,
            "roe": null,
            "roe_4q": 0,
            "gross_profit": null,
            "gross_margin": null,
            "gross_margin_4q_avg": 0,
            "net_income": null,
            "revenue": null,
            "common_shares": null,
            "book_valuer_per_share": null,
            "book_valuer_per_share_4q_avg": 0,
            "equity": null,
            "current_ratio": null,
            "debt_ratio": null,
            "inventory_turnover_ratio": null,
            "account_receivable_turnover_ratio": null,
            "reinvestment_rate": null,
            "research_to_sale_ratio": null,
            "price_fair": 0,
            "eps_avg_yearly": 0,
            "eps_latest_yearly": 0,
            "eps_growth_yearly": 0
        },
        "20062": {
            "year_quarter": 20062,
            "year": 2006,
            "quarter": 2,
            "eps": null,
            "eps_growth_year": null,
            "eps_4q": null,
            "eps_4q_growth_year": null,
            "roe": null,
            "roe_4q": 0,
            "gross_profit": null,
            "gross_margin": null,
            "gross_margin_4q_avg": 0,
            "net_income": null,
            "revenue": null,
            "common_shares": null,
            "book_valuer_per_share": null,
            "book_valuer_per_share_4q_avg": 0,
            "equity": null,
            "current_ratio": null,
            "debt_ratio": null,
            "inventory_turnover_ratio": null,
            "account_receivable_turnover_ratio": null,
            "reinvestment_rate": null,
            "research_to_sale_ratio": null,
            "price_fair": 0,
            "eps_avg_yearly": 0,
            "eps_latest_yearly": 0,
            "eps_growth_yearly": 0
        },
        "20063": {
            "year_quarter": 20063,
            "year": 2006,
            "quarter": 3,
            "eps": null,
            "eps_growth_year": null,
            "eps_4q": null,
            "eps_4q_growth_year": null,
            "roe": null,
            "roe_4q": 0,
            "gross_profit": null,
            "gross_margin": null,
            "gross_margin_4q_avg": 0,
            "net_income": null,
            "revenue": null,
            "common_shares": null,
            "book_valuer_per_share": null,
            "book_valuer_per_share_4q_avg": 0,
            "equity": null,
            "current_ratio": null,
            "debt_ratio": null,
            "inventory_turnover_ratio": null,
            "account_receivable_turnover_ratio": null,
            "reinvestment_rate": null,
            "research_to_sale_ratio": null,
            "price_fair": 0,
            "eps_avg_yearly": 0,
            "eps_latest_yearly": 0,
            "eps_growth_yearly": 0
        },
        "20064": {
            "year_quarter": 20064,
            "year": 2006,
            "quarter": 4,
            "eps": null,
            "eps_growth_year": null,
            "eps_4q": null,
            "eps_4q_growth_year": null,
            "roe": null,
            "roe_4q": 0,
            "gross_profit": null,
            "gross_margin": null,
            "gross_margin_4q_avg": 0,
            "net_income": null,
            "revenue": null,
            "common_shares": null,
            "book_valuer_per_share": null,
            "book_valuer_per_share_4q_avg": 0,
            "equity": null,
            "current_ratio": null,
            "debt_ratio": null,
            "inventory_turnover_ratio": null,
            "account_receivable_turnover_ratio": null,
            "reinvestment_rate": null,
            "research_to_sale_ratio": null,
            "price_fair": 0,
            "eps_avg_yearly": 0,
            "eps_latest_yearly": 0,
            "eps_growth_yearly": 0
        },
        "20071": {
            "year_quarter": 20071,
            "year": 2007,
            "quarter": 1,
            "eps": null,
            "eps_growth_year": null,
            "eps_4q": null,
            "eps_4q_growth_year": null,
            "roe": null,
            "roe_4q": 0,
            "gross_profit": null,
            "gross_margin": null,
            "gross_margin_4q_avg": 0,
            "net_income": null,
            "revenue": null,
            "common_shares": null,
            "book_valuer_per_share": null,
            "book_valuer_per_share_4q_avg": 0,
            "equity": null,
            "current_ratio": null,
            "debt_ratio": null,
            "inventory_turnover_ratio": null,
            "account_receivable_turnover_ratio": null,
            "reinvestment_rate": null,
            "research_to_sale_ratio": null,
            "price_fair": 0,
            "eps_avg_yearly": 0,
            "eps_latest_yearly": 0,
            "eps_growth_yearly": 0
        },
        "20072": {
            "year_quarter": 20072,
            "year": 2007,
            "quarter": 2,
            "eps": null,
            "eps_growth_year": null,
            "eps_4q": null,
            "eps_4q_growth_year": null,
            "roe": null,
            "roe_4q": 0,
            "gross_profit": null,
            "gross_margin": null,
            "gross_margin_4q_avg": 0,
            "net_income": null,
            "revenue": null,
            "common_shares": null,
            "book_valuer_per_share": null,
            "book_valuer_per_share_4q_avg": 0,
            "equity": null,
            "current_ratio": null,
            "debt_ratio": null,
            "inventory_turnover_ratio": null,
            "account_receivable_turnover_ratio": null,
            "reinvestment_rate": null,
            "research_to_sale_ratio": null,
            "price_fair": 0,
            "eps_avg_yearly": 0,
            "eps_latest_yearly": 0,
            "eps_growth_yearly": 0
        },
        "20073": {
            "year_quarter": 20073,
            "year": 2007,
            "quarter": 3,
            "eps": null,
            "eps_growth_year": null,
            "eps_4q": null,
            "eps_4q_growth_year": null,
            "roe": null,
            "roe_4q": 0,
            "gross_profit": null,
            "gross_margin": null,
            "gross_margin_4q_avg": 0,
            "net_income": null,
            "revenue": null,
            "common_shares": null,
            "book_valuer_per_share": null,
            "book_valuer_per_share_4q_avg": 0,
            "equity": null,
            "current_ratio": null,
            "debt_ratio": null,
            "inventory_turnover_ratio": null,
            "account_receivable_turnover_ratio": null,
            "reinvestment_rate": null,
            "research_to_sale_ratio": null,
            "price_fair": 0,
            "eps_avg_yearly": 0,
            "eps_latest_yearly": 0,
            "eps_growth_yearly": 0
        },
        "20074": {
            "year_quarter": 20074,
            "year": 2007,
            "quarter": 4,
            "eps": null,
            "eps_growth_year": null,
            "eps_4q": null,
            "eps_4q_growth_year": null,
            "roe": null,
            "roe_4q": 0,
            "gross_profit": null,
            "gross_margin": null,
            "gross_margin_4q_avg": 0,
            "net_income": null,
            "revenue": null,
            "common_shares": null,
            "book_valuer_per_share": null,
            "book_valuer_per_share_4q_avg": 0,
            "equity": null,
            "current_ratio": null,
            "debt_ratio": null,
            "inventory_turnover_ratio": null,
            "account_receivable_turnover_ratio": null,
            "reinvestment_rate": null,
            "research_to_sale_ratio": null,
            "price_fair": 0,
            "eps_avg_yearly": 0,
            "eps_latest_yearly": 0,
            "eps_growth_yearly": 0
        },
        "20081": {
            "year_quarter": 20081,
            "year": 2008,
            "quarter": 1,
            "eps": null,
            "eps_growth_year": null,
            "eps_4q": null,
            "eps_4q_growth_year": null,
            "roe": null,
            "roe_4q": 0,
            "gross_profit": null,
            "gross_margin": null,
            "gross_margin_4q_avg": 0,
            "net_income": null,
            "revenue": null,
            "common_shares": null,
            "book_valuer_per_share": null,
            "book_valuer_per_share_4q_avg": 0,
            "equity": null,
            "current_ratio": null,
            "debt_ratio": null,
            "inventory_turnover_ratio": null,
            "account_receivable_turnover_ratio": null,
            "reinvestment_rate": null,
            "research_to_sale_ratio": null,
            "price_fair": 0,
            "eps_avg_yearly": 0,
            "eps_latest_yearly": 0,
            "eps_growth_yearly": 0
        },
        "20082": {
            "year_quarter": 20082,
            "year": 2008,
            "quarter": 2,
            "eps": null,
            "eps_growth_year": null,
            "eps_4q": null,
            "eps_4q_growth_year": null,
            "roe": null,
            "roe_4q": 0,
            "gross_profit": null,
            "gross_margin": null,
            "gross_margin_4q_avg": 0,
            "net_income": null,
            "revenue": null,
            "common_shares": null,
            "book_valuer_per_share": null,
            "book_valuer_per_share_4q_avg": 0,
            "equity": null,
            "current_ratio": null,
            "debt_ratio": null,
            "inventory_turnover_ratio": null,
            "account_receivable_turnover_ratio": null,
            "reinvestment_rate": null,
            "research_to_sale_ratio": null,
            "price_fair": 0,
            "eps_avg_yearly": 0,
            "eps_latest_yearly": 0,
            "eps_growth_yearly": 0
        },
        "20083": {
            "year_quarter": 20083,
            "year": 2008,
            "quarter": 3,
            "eps": null,
            "eps_growth_year": null,
            "eps_4q": null,
            "eps_4q_growth_year": null,
            "roe": null,
            "roe_4q": 0,
            "gross_profit": null,
            "gross_margin": null,
            "gross_margin_4q_avg": 0,
            "net_income": null,
            "revenue": null,
            "common_shares": null,
            "book_valuer_per_share": null,
            "book_valuer_per_share_4q_avg": 0,
            "equity": null,
            "current_ratio": null,
            "debt_ratio": null,
            "inventory_turnover_ratio": null,
            "account_receivable_turnover_ratio": null,
            "reinvestment_rate": null,
            "research_to_sale_ratio": null,
            "price_fair": 0,
            "eps_avg_yearly": 0,
            "eps_latest_yearly": 0,
            "eps_growth_yearly": 0
        },
        "20084": {
            "year_quarter": 20084,
            "year": 2008,
            "quarter": 4,
            "eps": null,
            "eps_growth_year": null,
            "eps_4q": null,
            "eps_4q_growth_year": null,
            "roe": null,
            "roe_4q": 0,
            "gross_profit": null,
            "gross_margin": null,
            "gross_margin_4q_avg": 0,
            "net_income": null,
            "revenue": null,
            "common_shares": 13719006,
            "book_valuer_per_share": null,
            "book_valuer_per_share_4q_avg": 0,
            "equity": 15504958,
            "current_ratio": null,
            "debt_ratio": null,
            "inventory_turnover_ratio": null,
            "account_receivable_turnover_ratio": null,
            "reinvestment_rate": null,
            "research_to_sale_ratio": null,
            "price_fair": 0,
            "eps_avg_yearly": 0,
            "eps_latest_yearly": 0,
            "eps_growth_yearly": 0
        },
        "20091": {
            "year_quarter": 20091,
            "year": 2009,
            "quarter": 1,
            "eps": null,
            "eps_growth_year": null,
            "eps_4q": null,
            "eps_4q_growth_year": null,
            "roe": null,
            "roe_4q": 0,
            "gross_profit": null,
            "gross_margin": null,
            "gross_margin_4q_avg": 0,
            "net_income": -67724,
            "revenue": 1022397,
            "common_shares": 13719006,
            "book_valuer_per_share": null,
            "book_valuer_per_share_4q_avg": 0,
            "equity": 15422680,
            "current_ratio": null,
            "debt_ratio": null,
            "inventory_turnover_ratio": null,
            "account_receivable_turnover_ratio": null,
            "reinvestment_rate": null,
            "research_to_sale_ratio": null,
            "price_fair": 0,
            "eps_avg_yearly": 0,
            "eps_latest_yearly": 0,
            "eps_growth_yearly": 0
        },
        "20092": {
            "year_quarter": 20092,
            "year": 2009,
            "quarter": 2,
            "eps": null,
            "eps_growth_year": null,
            "eps_4q": null,
            "eps_4q_growth_year": null,
            "roe": null,
            "roe_4q": 0,
            "gross_profit": null,
            "gross_margin": null,
            "gross_margin_4q_avg": 0,
            "net_income": -945422,
            "revenue": -141360,
            "common_shares": 13719006,
            "book_valuer_per_share": null,
            "book_valuer_per_share_4q_avg": 0,
            "equity": 14314544,
            "current_ratio": null,
            "debt_ratio": null,
            "inventory_turnover_ratio": null,
            "account_receivable_turnover_ratio": null,
            "reinvestment_rate": null,
            "research_to_sale_ratio": null,
            "price_fair": 0,
            "eps_avg_yearly": 0,
            "eps_latest_yearly": 0,
            "eps_growth_yearly": 0
        },
        "20093": {
            "year_quarter": 20093,
            "year": 2009,
            "quarter": 3,
            "eps": null,
            "eps_growth_year": null,
            "eps_4q": null,
            "eps_4q_growth_year": null,
            "roe": null,
            "roe_4q": 0,
            "gross_profit": null,
            "gross_margin": null,
            "gross_margin_4q_avg": 0,
            "net_income": 191158,
            "revenue": 1164037,
            "common_shares": 13719006,
            "book_valuer_per_share": null,
            "book_valuer_per_share_4q_avg": 0,
            "equity": 14529949,
            "current_ratio": null,
            "debt_ratio": null,
            "inventory_turnover_ratio": null,
            "account_receivable_turnover_ratio": null,
            "reinvestment_rate": null,
            "research_to_sale_ratio": null,
            "price_fair": 0,
            "eps_avg_yearly": 0,
            "eps_latest_yearly": 0,
            "eps_growth_yearly": 0
        },
        "20094": {
            "year_quarter": 20094,
            "year": 2009,
            "quarter": 4,
            "eps": null,
            "eps_growth_year": null,
            "eps_4q": null,
            "eps_4q_growth_year": null,
            "roe": null,
            "roe_4q": 0,
            "gross_profit": null,
            "gross_margin": null,
            "gross_margin_4q_avg": 0,
            "net_income": 840976,
            "revenue": 1320126,
            "common_shares": 13719006,
            "book_valuer_per_share": 11.2,
            "book_valuer_per_share_4q_avg": 2.8,
            "equity": 15361003,
            "current_ratio": null,
            "debt_ratio": 95.03,
            "inventory_turnover_ratio": null,
            "account_receivable_turnover_ratio": null,
            "reinvestment_rate": null,
            "research_to_sale_ratio": null,
            "price_fair": 0,
            "eps_avg_yearly": 0,
            "eps_latest_yearly": 0,
            "eps_growth_yearly": 0
        },
        "20101": {
            "year_quarter": 20101,
            "year": 2010,
            "quarter": 1,
            "eps": 0.2,
            "eps_growth_year": null,
            "eps_4q": 0.2,
            "eps_4q_growth_year": null,
            "roe": 1.73,
            "roe_4q": 1.73,
            "gross_profit": null,
            "gross_margin": null,
            "gross_margin_4q_avg": 0,
            "net_income": 267779,
            "revenue": 1291460,
            "common_shares": 13719006,
            "book_valuer_per_share": 11.4,
            "book_valuer_per_share_4q_avg": 5.65,
            "equity": 15634784,
            "current_ratio": null,
            "debt_ratio": 95.01,
            "inventory_turnover_ratio": null,
            "account_receivable_turnover_ratio": 3.39,
            "reinvestment_rate": null,
            "research_to_sale_ratio": null,
            "price_fair": 0,
            "eps_avg_yearly": 0,
            "eps_latest_yearly": 0,
            "eps_growth_yearly": 0
        },
        "20102": {
            "year_quarter": 20102,
            "year": 2010,
            "quarter": 2,
            "eps": -0.05,
            "eps_growth_year": null,
            "eps_4q": 0.15,
            "eps_4q_growth_year": null,
            "roe": -0.42,
            "roe_4q": 1.31,
            "gross_profit": null,
            "gross_margin": null,
            "gross_margin_4q_avg": 0,
            "net_income": -65124,
            "revenue": 1286156,
            "common_shares": 13719006,
            "book_valuer_per_share": 11.36,
            "book_valuer_per_share_4q_avg": 8.49,
            "equity": 15584790,
            "current_ratio": null,
            "debt_ratio": 95.14,
            "inventory_turnover_ratio": null,
            "account_receivable_turnover_ratio": 3.43,
            "reinvestment_rate": null,
            "research_to_sale_ratio": null,
            "price_fair": 0,
            "eps_avg_yearly": 0,
            "eps_latest_yearly": 0,
            "eps_growth_yearly": 0
        },
        "20103": {
            "year_quarter": 20103,
            "year": 2010,
            "quarter": 3,
            "eps": 0.16,
            "eps_growth_year": null,
            "eps_4q": 0.3,
            "eps_4q_growth_year": null,
            "roe": 1.36,
            "roe_4q": 2.67,
            "gross_profit": null,
            "gross_margin": null,
            "gross_margin_4q_avg": 0,
            "net_income": 213807,
            "revenue": 1089722,
            "common_shares": 13719006,
            "book_valuer_per_share": 11.52,
            "book_valuer_per_share_4q_avg": 11.37,
            "equity": 15806264,
            "current_ratio": null,
            "debt_ratio": 95.21,
            "inventory_turnover_ratio": null,
            "account_receivable_turnover_ratio": 2.91,
            "reinvestment_rate": null,
            "research_to_sale_ratio": null,
            "price_fair": 0,
            "eps_avg_yearly": 0,
            "eps_latest_yearly": 0,
            "eps_growth_yearly": 0
        },
        "20104": {
            "year_quarter": 20104,
            "year": 2010,
            "quarter": 4,
            "eps": -0,
            "eps_growth_year": null,
            "eps_4q": 0.24,
            "eps_4q_growth_year": null,
            "roe": -0.03,
            "roe_4q": 2.64,
            "gross_profit": null,
            "gross_margin": null,
            "gross_margin_4q_avg": 0,
            "net_income": -4506,
            "revenue": 929029,
            "common_shares": 17319006,
            "book_valuer_per_share": 11.21,
            "book_valuer_per_share_4q_avg": 11.37,
            "equity": 19415020,
            "current_ratio": null,
            "debt_ratio": 94.29,
            "inventory_turnover_ratio": null,
            "account_receivable_turnover_ratio": 2.36,
            "reinvestment_rate": null,
            "research_to_sale_ratio": null,
            "price_fair": 0,
            "eps_avg_yearly": 0,
            "eps_latest_yearly": 0,
            "eps_growth_yearly": 0
        },
        "20111": {
            "year_quarter": 20111,
            "year": 2011,
            "quarter": 1,
            "eps": 0.22,
            "eps_growth_year": 10,
            "eps_4q": 0.3,
            "eps_4q_growth_year": 53.99,
            "roe": 1.92,
            "roe_4q": 2.83,
            "gross_profit": null,
            "gross_margin": null,
            "gross_margin_4q_avg": 0,
            "net_income": 376375,
            "revenue": 1328209,
            "common_shares": 17319006,
            "book_valuer_per_share": 11.44,
            "book_valuer_per_share_4q_avg": 11.38,
            "equity": 19817579,
            "current_ratio": null,
            "debt_ratio": 94.36,
            "inventory_turnover_ratio": null,
            "account_receivable_turnover_ratio": 3.34,
            "reinvestment_rate": null,
            "research_to_sale_ratio": null,
            "price_fair": 0,
            "eps_avg_yearly": 0,
            "eps_latest_yearly": 0,
            "eps_growth_yearly": 0
        },
        "20112": {
            "year_quarter": 20112,
            "year": 2011,
            "quarter": 2,
            "eps": 0.18,
            "eps_growth_year": null,
            "eps_4q": 0.51,
            "eps_4q_growth_year": 246.93,
            "roe": 1.64,
            "roe_4q": 4.89,
            "gross_profit": null,
            "gross_margin": null,
            "gross_margin_4q_avg": 0,
            "net_income": 328517,
            "revenue": 1289392,
            "common_shares": 17319006,
            "book_valuer_per_share": 11.67,
            "book_valuer_per_share_4q_avg": 11.46,
            "equity": 20209786,
            "current_ratio": null,
            "debt_ratio": 94.23,
            "inventory_turnover_ratio": null,
            "account_receivable_turnover_ratio": 3.31,
            "reinvestment_rate": null,
            "research_to_sale_ratio": null,
            "price_fair": 2.16,
            "eps_avg_yearly": 0.72,
            "eps_latest_yearly": 0.72,
            "eps_growth_yearly": -72.73
        },
        "20113": {
            "year_quarter": 20113,
            "year": 2011,
            "quarter": 3,
            "eps": 0.14,
            "eps_growth_year": -11.07,
            "eps_4q": 0.53,
            "eps_4q_growth_year": 73.37,
            "roe": 1.22,
            "roe_4q": 4.749999999999999,
            "gross_profit": null,
            "gross_margin": null,
            "gross_margin_4q_avg": 0,
            "net_income": 250368,
            "revenue": 1509677,
            "common_shares": 17838576,
            "book_valuer_per_share": 11.5,
            "book_valuer_per_share_4q_avg": 11.46,
            "equity": 20767556,
            "current_ratio": null,
            "debt_ratio": 94.19,
            "inventory_turnover_ratio": null,
            "account_receivable_turnover_ratio": 3.83,
            "reinvestment_rate": null,
            "research_to_sale_ratio": null,
            "price_fair": 1.92,
            "eps_avg_yearly": 0.64,
            "eps_latest_yearly": 0.56,
            "eps_growth_yearly": -80.81
        },
        "20114": {
            "year_quarter": 20114,
            "year": 2011,
            "quarter": 4,
            "eps": 0.22,
            "eps_growth_year": null,
            "eps_4q": 0.65,
            "eps_4q_growth_year": 173.64,
            "roe": 2.16,
            "roe_4q": 6.9399999999999995,
            "gross_profit": null,
            "gross_margin": null,
            "gross_margin_4q_avg": 0,
            "net_income": 498740,
            "revenue": 1652474,
            "common_shares": 22338576,
            "book_valuer_per_share": 11.4,
            "book_valuer_per_share_4q_avg": 11.5,
            "equity": 25461054,
            "current_ratio": null,
            "debt_ratio": 93.37,
            "inventory_turnover_ratio": null,
            "account_receivable_turnover_ratio": 4.16,
            "reinvestment_rate": null,
            "research_to_sale_ratio": null,
            "price_fair": 23.27,
            "eps_avg_yearly": 0.72,
            "eps_latest_yearly": 0.88,
            "eps_growth_yearly": 22.32
        },
        "20121": {
            "year_quarter": 20121,
            "year": 2012,
            "quarter": 1,
            "eps": 0.29,
            "eps_growth_year": 31.82,
            "eps_4q": 0.78,
            "eps_4q_growth_year": 158.36,
            "roe": 2.55,
            "roe_4q": 7.569999999999999,
            "gross_profit": null,
            "gross_margin": null,
            "gross_margin_4q_avg": 0,
            "net_income": 657086,
            "revenue": 1628253,
            "common_shares": 22338576,
            "book_valuer_per_share": 11.7,
            "book_valuer_per_share_4q_avg": 11.57,
            "equity": 26142360,
            "current_ratio": null,
            "debt_ratio": 93.37,
            "inventory_turnover_ratio": null,
            "account_receivable_turnover_ratio": 4.05,
            "reinvestment_rate": null,
            "research_to_sale_ratio": null,
            "price_fair": 29.05,
            "eps_avg_yearly": 0.83,
            "eps_latest_yearly": 1.16,
            "eps_growth_yearly": 48.56
        },
        "20122": {
            "year_quarter": 20122,
            "year": 2012,
            "quarter": 2,
            "eps": 0.26,
            "eps_growth_year": 43.21,
            "eps_4q": 0.87,
            "eps_4q_growth_year": 69.8,
            "roe": 2.32,
            "roe_4q": 8.25,
            "gross_profit": null,
            "gross_margin": null,
            "gross_margin_4q_avg": 0,
            "net_income": 611560,
            "revenue": 1692259,
            "common_shares": 22338576,
            "book_valuer_per_share": 11.93,
            "book_valuer_per_share_4q_avg": 11.63,
            "equity": 26640969,
            "current_ratio": null,
            "debt_ratio": 93.56,
            "inventory_turnover_ratio": null,
            "account_receivable_turnover_ratio": 3.99,
            "reinvestment_rate": null,
            "research_to_sale_ratio": null,
            "price_fair": 30.52,
            "eps_avg_yearly": 0.87,
            "eps_latest_yearly": 1.04,
            "eps_growth_yearly": 30.57
        },
        "20123": {
            "year_quarter": 20123,
            "year": 2012,
            "quarter": 3,
            "eps": 0.34,
            "eps_growth_year": 147.53,
            "eps_4q": 1.11,
            "eps_4q_growth_year": 110.01,
            "roe": 2.94,
            "roe_4q": 9.969999999999999,
            "gross_profit": null,
            "gross_margin": null,
            "gross_margin_4q_avg": 0,
            "net_income": 795445,
            "revenue": 1880017,
            "common_shares": 23187442,
            "book_valuer_per_share": 11.84,
            "book_valuer_per_share_4q_avg": 11.72,
            "equity": 27459547,
            "current_ratio": null,
            "debt_ratio": 93.61,
            "inventory_turnover_ratio": null,
            "account_receivable_turnover_ratio": 4.15,
            "reinvestment_rate": null,
            "research_to_sale_ratio": null,
            "price_fair": 33.37,
            "eps_avg_yearly": 0.95,
            "eps_latest_yearly": 1.36,
            "eps_growth_yearly": 45.99
        },
        "20124": {
            "year_quarter": 20124,
            "year": 2012,
            "quarter": 4,
            "eps": 0.31,
            "eps_growth_year": 37.89,
            "eps_4q": 1.2,
            "eps_4q_growth_year": 84.06,
            "roe": 2.57,
            "roe_4q": 10.379999999999999,
            "gross_profit": null,
            "gross_margin": null,
            "gross_margin_4q_avg": 0,
            "net_income": 713867,
            "revenue": 1839147,
            "common_shares": 23187442,
            "book_valuer_per_share": 12.11,
            "book_valuer_per_share_4q_avg": 11.9,
            "equity": 28081100,
            "current_ratio": null,
            "debt_ratio": 93.68,
            "inventory_turnover_ratio": null,
            "account_receivable_turnover_ratio": 1.95,
            "reinvestment_rate": -4.25,
            "research_to_sale_ratio": null,
            "price_fair": 34.8,
            "eps_avg_yearly": 0.99,
            "eps_latest_yearly": 1.24,
            "eps_growth_yearly": 34.38
        },
        "20131": {
            "year_quarter": 20131,
            "year": 2013,
            "quarter": 1,
            "eps": 0.34,
            "eps_growth_year": 17.24,
            "eps_4q": 1.26,
            "eps_4q_growth_year": 61.88,
            "roe": 2.8,
            "roe_4q": 10.629999999999999,
            "gross_profit": null,
            "gross_margin": null,
            "gross_margin_4q_avg": 0,
            "net_income": 793972,
            "revenue": 2176131,
            "common_shares": 23187442,
            "book_valuer_per_share": 12.38,
            "book_valuer_per_share_4q_avg": 12.07,
            "equity": 28696578,
            "current_ratio": null,
            "debt_ratio": 93.72,
            "inventory_turnover_ratio": null,
            "account_receivable_turnover_ratio": 1.37,
            "reinvestment_rate": -1.5,
            "research_to_sale_ratio": null,
            "price_fair": 36.4,
            "eps_avg_yearly": 1.04,
            "eps_latest_yearly": 1.36,
            "eps_growth_yearly": 34.92
        },
        "20132": {
            "year_quarter": 20132,
            "year": 2013,
            "quarter": 2,
            "eps": 0.37,
            "eps_growth_year": 40.29,
            "eps_4q": 1.29,
            "eps_4q_growth_year": 48.8,
            "roe": 3.16,
            "roe_4q": 11.469999999999999,
            "gross_profit": null,
            "gross_margin": null,
            "gross_margin_4q_avg": 0,
            "net_income": 916830,
            "revenue": 2506036,
            "common_shares": 23187442,
            "book_valuer_per_share": 12.68,
            "book_valuer_per_share_4q_avg": 12.25,
            "equity": 29404487,
            "current_ratio": null,
            "debt_ratio": 93.81,
            "inventory_turnover_ratio": null,
            "account_receivable_turnover_ratio": 2.31,
            "reinvestment_rate": -1.11,
            "research_to_sale_ratio": null,
            "price_fair": 38.11,
            "eps_avg_yearly": 1.09,
            "eps_latest_yearly": 1.48,
            "eps_growth_yearly": 34.96
        },
        "20133": {
            "year_quarter": 20133,
            "year": 2013,
            "quarter": 3,
            "eps": 0.32,
            "eps_growth_year": -6.72,
            "eps_4q": 1.29,
            "eps_4q_growth_year": 16.85,
            "roe": 2.65,
            "roe_4q": 11.18,
            "gross_profit": null,
            "gross_margin": null,
            "gross_margin_4q_avg": 0,
            "net_income": 787057,
            "revenue": 2152771,
            "common_shares": 24868532,
            "book_valuer_per_share": 12.08,
            "book_valuer_per_share_4q_avg": 12.31,
            "equity": 30043997,
            "current_ratio": null,
            "debt_ratio": 93.77,
            "inventory_turnover_ratio": null,
            "account_receivable_turnover_ratio": 5.18,
            "reinvestment_rate": -0.8,
            "research_to_sale_ratio": null,
            "price_fair": 38.78,
            "eps_avg_yearly": 1.11,
            "eps_latest_yearly": 1.28,
            "eps_growth_yearly": 26.06
        },
        "20134": {
            "year_quarter": 20134,
            "year": 2013,
            "quarter": 4,
            "eps": 0.22,
            "eps_growth_year": -27.92,
            "eps_4q": 1.21,
            "eps_4q_growth_year": 0.78,
            "roe": 1.84,
            "roe_4q": 10.45,
            "gross_profit": null,
            "gross_margin": null,
            "gross_margin_4q_avg": 0,
            "net_income": 562412,
            "revenue": 2429314,
            "common_shares": 25345339,
            "book_valuer_per_share": 12.25,
            "book_valuer_per_share_4q_avg": 12.35,
            "equity": 31037590,
            "current_ratio": null,
            "debt_ratio": 93.75,
            "inventory_turnover_ratio": null,
            "account_receivable_turnover_ratio": 6.17,
            "reinvestment_rate": -1.89,
            "research_to_sale_ratio": null,
            "price_fair": 24.27,
            "eps_avg_yearly": 1.09,
            "eps_latest_yearly": 0.88,
            "eps_growth_yearly": 12.33
        },
        "20141": {
            "year_quarter": 20141,
            "year": 2014,
            "quarter": 1,
            "eps": 0.4,
            "eps_growth_year": 17.65,
            "eps_4q": 1.26,
            "eps_4q_growth_year": 0.56,
            "roe": 3.24,
            "roe_4q": 10.89,
            "gross_profit": null,
            "gross_margin": null,
            "gross_margin_4q_avg": 0,
            "net_income": 1036839,
            "revenue": 2845289,
            "common_shares": 25677846,
            "book_valuer_per_share": 12.81,
            "book_valuer_per_share_4q_avg": 12.46,
            "equity": 32901354,
            "current_ratio": null,
            "debt_ratio": 93.52,
            "inventory_turnover_ratio": null,
            "account_receivable_turnover_ratio": 6.73,
            "reinvestment_rate": -1.29,
            "research_to_sale_ratio": null,
            "price_fair": 39.55,
            "eps_avg_yearly": 1.13,
            "eps_latest_yearly": 1.6,
            "eps_growth_yearly": 38.57
        },
        "20142": {
            "year_quarter": 20142,
            "year": 2014,
            "quarter": 2,
            "eps": 0.36,
            "eps_growth_year": -2.7,
            "eps_4q": 1.19,
            "eps_4q_growth_year": -8.05,
            "roe": 3,
            "roe_4q": 10.73,
            "gross_profit": null,
            "gross_margin": null,
            "gross_margin_4q_avg": 0,
            "net_income": 1008862,
            "revenue": 2370319,
            "common_shares": 26935822,
            "book_valuer_per_share": 12.71,
            "book_valuer_per_share_4q_avg": 12.46,
            "equity": 34247383,
            "current_ratio": null,
            "debt_ratio": 93.25,
            "inventory_turnover_ratio": null,
            "account_receivable_turnover_ratio": 5.58,
            "reinvestment_rate": -0.66,
            "research_to_sale_ratio": null,
            "price_fair": 40.38,
            "eps_avg_yearly": 1.15,
            "eps_latest_yearly": 1.44,
            "eps_growth_yearly": 32.53
        },
        "20143": {
            "year_quarter": 20143,
            "year": 2014,
            "quarter": 3,
            "eps": 0.36,
            "eps_growth_year": 12.5,
            "eps_4q": 1.27,
            "eps_4q_growth_year": -1.29,
            "roe": 2.96,
            "roe_4q": 11.04,
            "gross_profit": null,
            "gross_margin": null,
            "gross_margin_4q_avg": 0,
            "net_income": 1027140,
            "revenue": 2454201,
            "common_shares": 28515063,
            "book_valuer_per_share": 12.37,
            "book_valuer_per_share_4q_avg": 12.54,
            "equity": 35266078,
            "current_ratio": null,
            "debt_ratio": 93.08,
            "inventory_turnover_ratio": null,
            "account_receivable_turnover_ratio": 6.92,
            "reinvestment_rate": 1.19,
            "research_to_sale_ratio": null,
            "price_fair": 41.1,
            "eps_avg_yearly": 1.17,
            "eps_latest_yearly": 1.44,
            "eps_growth_yearly": 30.2
        },
        "20144": {
            "year_quarter": 20144,
            "year": 2014,
            "quarter": 4,
            "eps": 0.23,
            "eps_growth_year": 2.16,
            "eps_4q": 1.3,
            "eps_4q_growth_year": 8.02,
            "roe": 1.82,
            "roe_4q": 11.02,
            "gross_profit": null,
            "gross_margin": null,
            "gross_margin_4q_avg": 0,
            "net_income": 646415,
            "revenue": 3045190,
            "common_shares": 28515063,
            "book_valuer_per_share": 12.59,
            "book_valuer_per_share_4q_avg": 12.62,
            "equity": 35890951,
            "current_ratio": null,
            "debt_ratio": 93.23,
            "inventory_turnover_ratio": null,
            "account_receivable_turnover_ratio": 9.38,
            "reinvestment_rate": 16.96,
            "research_to_sale_ratio": null,
            "price_fair": 33.05,
            "eps_avg_yearly": 1.16,
            "eps_latest_yearly": 0.92,
            "eps_growth_yearly": 18.56
        },
        "20151": {
            "year_quarter": 20151,
            "year": 2015,
            "quarter": 1,
            "eps": 0.36,
            "eps_growth_year": -10,
            "eps_4q": 1.3,
            "eps_4q_growth_year": 2.84,
            "roe": 2.82,
            "roe_4q": 10.6,
            "gross_profit": null,
            "gross_margin": null,
            "gross_margin_4q_avg": 0,
            "net_income": 1024368,
            "revenue": 2524503,
            "common_shares": 28515063,
            "book_valuer_per_share": 12.89,
            "book_valuer_per_share_4q_avg": 12.64,
            "equity": 36758524,
            "current_ratio": null,
            "debt_ratio": 93.14,
            "inventory_turnover_ratio": null,
            "account_receivable_turnover_ratio": 7.68,
            "reinvestment_rate": 51.07,
            "research_to_sale_ratio": null,
            "price_fair": 41.13,
            "eps_avg_yearly": 1.18,
            "eps_latest_yearly": 1.44,
            "eps_growth_yearly": 31.53
        },
        "20152": {
            "year_quarter": 20152,
            "year": 2015,
            "quarter": 2,
            "eps": 0.33,
            "eps_growth_year": -8.33,
            "eps_4q": 1.22,
            "eps_4q_growth_year": 2.47,
            "roe": 2.72,
            "roe_4q": 10.32,
            "gross_profit": null,
            "gross_margin": null,
            "gross_margin_4q_avg": 0,
            "net_income": 1003917,
            "revenue": 2434644,
            "common_shares": 28515063,
            "book_valuer_per_share": 13,
            "book_valuer_per_share_4q_avg": 12.71,
            "equity": 37062408,
            "current_ratio": null,
            "debt_ratio": 93.17,
            "inventory_turnover_ratio": null,
            "account_receivable_turnover_ratio": 7.85,
            "reinvestment_rate": 48.38,
            "research_to_sale_ratio": null,
            "price_fair": 42.44,
            "eps_avg_yearly": 1.21,
            "eps_latest_yearly": 1.32,
            "eps_growth_yearly": 33.99
        },
        "20153": {
            "year_quarter": 20153,
            "year": 2015,
            "quarter": 3,
            "eps": 0.26,
            "eps_growth_year": -27.78,
            "eps_4q": 1.14,
            "eps_4q_growth_year": -10.62,
            "roe": 2.09,
            "roe_4q": 9.450000000000001,
            "gross_profit": null,
            "gross_margin": null,
            "gross_margin_4q_avg": 0,
            "net_income": 782578,
            "revenue": 2352553,
            "common_shares": 30340027,
            "book_valuer_per_share": 12.51,
            "book_valuer_per_share_4q_avg": 12.75,
            "equity": 37964492,
            "current_ratio": null,
            "debt_ratio": 93.36,
            "inventory_turnover_ratio": null,
            "account_receivable_turnover_ratio": 8.39,
            "reinvestment_rate": 45.94,
            "research_to_sale_ratio": null,
            "price_fair": 43.49,
            "eps_avg_yearly": 1.24,
            "eps_latest_yearly": 1.04,
            "eps_growth_yearly": 34.25
        },
        "20154": {
            "year_quarter": 20154,
            "year": 2015,
            "quarter": 4,
            "eps": 0.21,
            "eps_growth_year": -7.71,
            "eps_4q": 1.09,
            "eps_4q_growth_year": -16.28,
            "roe": 1.71,
            "roe_4q": 9.34,
            "gross_profit": null,
            "gross_margin": null,
            "gross_margin_4q_avg": 0,
            "net_income": 666169,
            "revenue": 2791041,
            "common_shares": 31840027,
            "book_valuer_per_share": 12.55,
            "book_valuer_per_share_4q_avg": 12.74,
            "equity": 39945989,
            "current_ratio": null,
            "debt_ratio": 93.06,
            "inventory_turnover_ratio": null,
            "account_receivable_turnover_ratio": 9.61,
            "reinvestment_rate": 45.58,
            "research_to_sale_ratio": null,
            "price_fair": 31.19,
            "eps_avg_yearly": 1.24,
            "eps_latest_yearly": 0.84,
            "eps_growth_yearly": 15.15
        },
        "20161": {
            "year_quarter": 20161,
            "year": 2016,
            "quarter": 1,
            "eps": 0.25,
            "eps_growth_year": -30.56,
            "eps_4q": 1.02,
            "eps_4q_growth_year": -21.66,
            "roe": 1.95,
            "roe_4q": 8.47,
            "gross_profit": null,
            "gross_margin": null,
            "gross_margin_4q_avg": 0,
            "net_income": 789771,
            "revenue": 2413479,
            "common_shares": 31840027,
            "book_valuer_per_share": 12.84,
            "book_valuer_per_share_4q_avg": 12.73,
            "equity": 40872308,
            "current_ratio": null,
            "debt_ratio": 93.05,
            "inventory_turnover_ratio": null,
            "account_receivable_turnover_ratio": 7.81,
            "reinvestment_rate": 45.17,
            "research_to_sale_ratio": null,
            "price_fair": 27.01,
            "eps_avg_yearly": 1.23,
            "eps_latest_yearly": 1,
            "eps_growth_yearly": 11.96
        },
        "20162": {
            "year_quarter": 20162,
            "year": 2016,
            "quarter": 2,
            "eps": 0.25,
            "eps_growth_year": -24.24,
            "eps_4q": 0.94,
            "eps_4q_growth_year": -23.19,
            "roe": 1.97,
            "roe_4q": 7.72,
            "gross_profit": null,
            "gross_margin": null,
            "gross_margin_4q_avg": 0,
            "net_income": 796065,
            "revenue": 2549627,
            "common_shares": 31840027,
            "book_valuer_per_share": 12.57,
            "book_valuer_per_share_4q_avg": 12.62,
            "equity": 40024215,
            "current_ratio": null,
            "debt_ratio": 93.25,
            "inventory_turnover_ratio": null,
            "account_receivable_turnover_ratio": 7.89,
            "reinvestment_rate": 45.19,
            "research_to_sale_ratio": null,
            "price_fair": 30.13,
            "eps_avg_yearly": 1.23,
            "eps_latest_yearly": 1,
            "eps_growth_yearly": 14.55
        },
        "20163": {
            "year_quarter": 20163,
            "year": 2016,
            "quarter": 3,
            "eps": 0.29,
            "eps_growth_year": 11.54,
            "eps_4q": 0.99,
            "eps_4q_growth_year": -13.41,
            "roe": 2.33,
            "roe_4q": 7.96,
            "gross_profit": null,
            "gross_margin": null,
            "gross_margin_4q_avg": 0,
            "net_income": 942957,
            "revenue": 2770535,
            "common_shares": 32381307,
            "book_valuer_per_share": 12.68,
            "book_valuer_per_share_4q_avg": 12.66,
            "equity": 41053400,
            "current_ratio": null,
            "debt_ratio": 93.15,
            "inventory_turnover_ratio": null,
            "account_receivable_turnover_ratio": 7.79,
            "reinvestment_rate": 45.28,
            "research_to_sale_ratio": null,
            "price_fair": 25.34,
            "eps_avg_yearly": 1.22,
            "eps_latest_yearly": 1.16,
            "eps_growth_yearly": 10.85
        },
        "20164": {
            "year_quarter": 20164,
            "year": 2016,
            "quarter": 4,
            "eps": 0.3,
            "eps_growth_year": 45.54,
            "eps_4q": 1.09,
            "eps_4q_growth_year": -0.6,
            "roe": 2.39,
            "roe_4q": 8.64,
            "gross_profit": null,
            "gross_margin": null,
            "gross_margin_4q_avg": 0,
            "net_income": 986022,
            "revenue": 3058995,
            "common_shares": 32381307,
            "book_valuer_per_share": 12.78,
            "book_valuer_per_share_4q_avg": 12.72,
            "equity": 41382035,
            "current_ratio": null,
            "debt_ratio": 93.4,
            "inventory_turnover_ratio": null,
            "account_receivable_turnover_ratio": 3.85,
            "reinvestment_rate": 44.23,
            "research_to_sale_ratio": null,
            "price_fair": 29,
            "eps_avg_yearly": 1.21,
            "eps_latest_yearly": 1.2,
            "eps_growth_yearly": 13.92
        },
        "20171": {
            "year_quarter": 20171,
            "year": 2017,
            "quarter": 1,
            "eps": 0.27,
            "eps_growth_year": 8,
            "eps_4q": 1.11,
            "eps_4q_growth_year": 9.25,
            "roe": 2.1,
            "roe_4q": 8.790000000000001,
            "gross_profit": null,
            "gross_margin": null,
            "gross_margin_4q_avg": 0,
            "net_income": 877592,
            "revenue": 2603049,
            "common_shares": 32381307,
            "book_valuer_per_share": 13.01,
            "book_valuer_per_share_4q_avg": 12.76,
            "equity": 42124323,
            "current_ratio": null,
            "debt_ratio": 93.42,
            "inventory_turnover_ratio": null,
            "account_receivable_turnover_ratio": 2.73,
            "reinvestment_rate": 43.18,
            "research_to_sale_ratio": null,
            "price_fair": 22.71,
            "eps_avg_yearly": 1.2,
            "eps_latest_yearly": 1.08,
            "eps_growth_yearly": 9
        },
        "20172": {
            "year_quarter": 20172,
            "year": 2017,
            "quarter": 2,
            "eps": 0.24,
            "eps_growth_year": -4,
            "eps_4q": 1.09,
            "eps_4q_growth_year": 16.59,
            "roe": 1.9,
            "roe_4q": 8.72,
            "gross_profit": null,
            "gross_margin": null,
            "gross_margin_4q_avg": 0,
            "net_income": 791741,
            "revenue": 2732031,
            "common_shares": 32381307,
            "book_valuer_per_share": 12.76,
            "book_valuer_per_share_4q_avg": 12.81,
            "equity": 41317265,
            "current_ratio": null,
            "debt_ratio": 93.54,
            "inventory_turnover_ratio": null,
            "account_receivable_turnover_ratio": 4.03,
            "reinvestment_rate": 43.76,
            "research_to_sale_ratio": null,
            "price_fair": 16.3,
            "eps_avg_yearly": 1.16,
            "eps_latest_yearly": 0.96,
            "eps_growth_yearly": 4.02
        },
        "20173": {
            "year_quarter": 20173,
            "year": 2017,
            "quarter": 3,
            "eps": 0.29,
            "eps_growth_year": 0,
            "eps_4q": 1.1,
            "eps_4q_growth_year": 11.16,
            "roe": 2.29,
            "roe_4q": 8.68,
            "gross_profit": null,
            "gross_margin": null,
            "gross_margin_4q_avg": 0,
            "net_income": 956637,
            "revenue": 2808932,
            "common_shares": 32931789,
            "book_valuer_per_share": 12.84,
            "book_valuer_per_share_4q_avg": 12.85,
            "equity": 42291787,
            "current_ratio": null,
            "debt_ratio": 93.45,
            "inventory_turnover_ratio": null,
            "account_receivable_turnover_ratio": 4.48,
            "reinvestment_rate": 43.12,
            "research_to_sale_ratio": null,
            "price_fair": 26.11,
            "eps_avg_yearly": 1.16,
            "eps_latest_yearly": 1.16,
            "eps_growth_yearly": 12.61
        },
        "20174": {
            "year_quarter": 20174,
            "year": 2017,
            "quarter": 4,
            "eps": 0.31,
            "eps_growth_year": 0.38,
            "eps_4q": 1.1,
            "eps_4q_growth_year": 1.62,
            "roe": 2.35,
            "roe_4q": 8.64,
            "gross_profit": null,
            "gross_margin": null,
            "gross_margin_4q_avg": 0,
            "net_income": 1006572,
            "revenue": 3250743,
            "common_shares": 32931789,
            "book_valuer_per_share": 13.18,
            "book_valuer_per_share_4q_avg": 12.95,
            "equity": 43401940,
            "current_ratio": null,
            "debt_ratio": 93.45,
            "inventory_turnover_ratio": null,
            "account_receivable_turnover_ratio": 5.99,
            "reinvestment_rate": 41.53,
            "research_to_sale_ratio": null,
            "price_fair": 37.85,
            "eps_avg_yearly": 1.18,
            "eps_latest_yearly": 1.24,
            "eps_growth_yearly": 22.14
        },
        "20181": {
            "year_quarter": 20181,
            "year": 2018,
            "quarter": 1,
            "eps": 0.27,
            "eps_growth_year": 0,
            "eps_4q": 1.1,
            "eps_4q_growth_year": -0.77,
            "roe": 2,
            "roe_4q": 8.54,
            "gross_profit": null,
            "gross_margin": null,
            "gross_margin_4q_avg": 0,
            "net_income": 880814,
            "revenue": 2720607,
            "common_shares": 32931789,
            "book_valuer_per_share": 13.55,
            "book_valuer_per_share_4q_avg": 13.08,
            "equity": 44613790,
            "current_ratio": null,
            "debt_ratio": 93.28,
            "inventory_turnover_ratio": null,
            "account_receivable_turnover_ratio": 5.53,
            "reinvestment_rate": 42.06,
            "research_to_sale_ratio": null,
            "price_fair": 3.44,
            "eps_avg_yearly": 1.15,
            "eps_latest_yearly": 1.08,
            "eps_growth_yearly": -1.54
        },
        "20182": {
            "year_quarter": 20182,
            "year": 2018,
            "quarter": 2,
            "eps": 0.31,
            "eps_growth_year": 29.17,
            "eps_4q": 1.15,
            "eps_4q_growth_year": 5.03,
            "roe": 2.32,
            "roe_4q": 8.96,
            "gross_profit": null,
            "gross_margin": null,
            "gross_margin_4q_avg": 0,
            "net_income": 1029611,
            "revenue": 2939304,
            "common_shares": 32931789,
            "book_valuer_per_share": 13.44,
            "book_valuer_per_share_4q_avg": 13.25,
            "equity": 44258955,
            "current_ratio": null,
            "debt_ratio": 93.52,
            "inventory_turnover_ratio": null,
            "account_receivable_turnover_ratio": 5.23,
            "reinvestment_rate": 42.42,
            "research_to_sale_ratio": 0,
            "price_fair": 16.61,
            "eps_avg_yearly": 1.13,
            "eps_latest_yearly": 1.24,
            "eps_growth_yearly": 4.67
        },
        "20183": {
            "year_quarter": 20183,
            "year": 2018,
            "quarter": 3,
            "eps": 0.32,
            "eps_growth_year": 10.34,
            "eps_4q": 1.18,
            "eps_4q_growth_year": 7.92,
            "roe": 2.41,
            "roe_4q": 9.08,
            "gross_profit": null,
            "gross_margin": null,
            "gross_margin_4q_avg": 0,
            "net_income": 1078623,
            "revenue": 2993952,
            "common_shares": 33755084,
            "book_valuer_per_share": 13.45,
            "book_valuer_per_share_4q_avg": 13.41,
            "equity": 45409478,
            "current_ratio": null,
            "debt_ratio": 93.34,
            "inventory_turnover_ratio": null,
            "account_receivable_turnover_ratio": 1.55,
            "reinvestment_rate": 42.34,
            "research_to_sale_ratio": 0,
            "price_fair": 17.37,
            "eps_avg_yearly": 1.12,
            "eps_latest_yearly": 1.28,
            "eps_growth_yearly": 5.47
        },
        "20184": {
            "year_quarter": 20184,
            "year": 2018,
            "quarter": 4,
            "eps": 0.29,
            "eps_growth_year": -5.41,
            "eps_4q": 1.14,
            "eps_4q_growth_year": 3.07,
            "roe": 2.19,
            "roe_4q": 8.92,
            "gross_profit": null,
            "gross_margin": null,
            "gross_margin_4q_avg": 0,
            "net_income": 1019321,
            "revenue": 3035561,
            "common_shares": 35255084,
            "book_valuer_per_share": 13.57,
            "book_valuer_per_share_4q_avg": 13.5,
            "equity": 47823653,
            "current_ratio": null,
            "debt_ratio": 93.08,
            "inventory_turnover_ratio": null,
            "account_receivable_turnover_ratio": 0.93,
            "reinvestment_rate": 29.77,
            "research_to_sale_ratio": 0,
            "price_fair": 25.2,
            "eps_avg_yearly": 1.14,
            "eps_latest_yearly": 1.16,
            "eps_growth_yearly": 12.16
        },
        "20191": {
            "year_quarter": 20191,
            "year": 2019,
            "quarter": 1,
            "eps": 0.29,
            "eps_growth_year": 7.41,
            "eps_4q": 1.18,
            "eps_4q_growth_year": 6.48,
            "roe": 2.1,
            "roe_4q": 9.02,
            "gross_profit": null,
            "gross_margin": null,
            "gross_margin_4q_avg": 0,
            "net_income": 1016786,
            "revenue": 3078968,
            "common_shares": 35255084,
            "book_valuer_per_share": 13.95,
            "book_valuer_per_share_4q_avg": 13.6,
            "equity": 49191355,
            "current_ratio": null,
            "debt_ratio": 92.88,
            "inventory_turnover_ratio": null,
            "account_receivable_turnover_ratio": 1.88,
            "reinvestment_rate": 1.85,
            "research_to_sale_ratio": null,
            "price_fair": 3.36,
            "eps_avg_yearly": 1.12,
            "eps_latest_yearly": 1.16,
            "eps_growth_yearly": -1.97
        },
        "20192": {
            "year_quarter": 20192,
            "year": 2019,
            "quarter": 2,
            "eps": 0.28,
            "eps_growth_year": -9.68,
            "eps_4q": 1.13,
            "eps_4q_growth_year": -1.22,
            "roe": 2.21,
            "roe_4q": 8.91,
            "gross_profit": null,
            "gross_margin": null,
            "gross_margin_4q_avg": 0,
            "net_income": 1089688,
            "revenue": 2990793,
            "common_shares": 35255084,
            "book_valuer_per_share": 13.99,
            "book_valuer_per_share_4q_avg": 13.74,
            "equity": 49313228,
            "current_ratio": null,
            "debt_ratio": 92.76,
            "inventory_turnover_ratio": null,
            "account_receivable_turnover_ratio": null,
            "reinvestment_rate": 1.96,
            "research_to_sale_ratio": null,
            "price_fair": 3.32,
            "eps_avg_yearly": 1.11,
            "eps_latest_yearly": 1.12,
            "eps_growth_yearly": -0.75
        },
        "20193": {
            "year_quarter": 20193,
            "year": 2019,
            "quarter": 3,
            "eps": 0.28,
            "eps_growth_year": -12.5,
            "eps_4q": 1.12,
            "eps_4q_growth_year": -5.3,
            "roe": 2.07,
            "roe_4q": 8.569999999999999,
            "gross_profit": null,
            "gross_margin": null,
            "gross_margin_4q_avg": 0,
            "net_income": 1031839,
            "revenue": 3031449,
            "common_shares": 37088349,
            "book_valuer_per_share": 13.56,
            "book_valuer_per_share_4q_avg": 13.77,
            "equity": 50287896,
            "current_ratio": null,
            "debt_ratio": 92.64,
            "inventory_turnover_ratio": null,
            "account_receivable_turnover_ratio": null,
            "reinvestment_rate": 9.4,
            "research_to_sale_ratio": null,
            "price_fair": 16.19,
            "eps_avg_yearly": 1.11,
            "eps_latest_yearly": 1.12,
            "eps_growth_yearly": 4.55
        },
        "20194": {
            "year_quarter": 20194,
            "year": 2019,
            "quarter": 4,
            "eps": 0.32,
            "eps_growth_year": 10.19,
            "eps_4q": 1.16,
            "eps_4q_growth_year": 2.44,
            "roe": 2.33,
            "roe_4q": 8.71,
            "gross_profit": null,
            "gross_margin": null,
            "gross_margin_4q_avg": 0,
            "net_income": 1181570,
            "revenue": 2994418,
            "common_shares": 37088349,
            "book_valuer_per_share": 13.83,
            "book_valuer_per_share_4q_avg": 13.83,
            "equity": 51309206,
            "current_ratio": null,
            "debt_ratio": 92.48,
            "inventory_turnover_ratio": null,
            "account_receivable_turnover_ratio": null,
            "reinvestment_rate": 9.25,
            "research_to_sale_ratio": null,
            "price_fair": 26.14,
            "eps_avg_yearly": 1.14,
            "eps_latest_yearly": 1.28,
            "eps_growth_yearly": 12.93
        },
        "20201": {
            "year_quarter": 20201,
            "year": 2020,
            "quarter": 1,
            "eps": 0.24,
            "eps_growth_year": -17.24,
            "eps_4q": 1.13,
            "eps_4q_growth_year": -4.06,
            "roe": 1.7,
            "roe_4q": 8.309999999999999,
            "gross_profit": null,
            "gross_margin": null,
            "gross_margin_4q_avg": 0,
            "net_income": 879690,
            "revenue": 2767838,
            "common_shares": 37088349,
            "book_valuer_per_share": 14.06,
            "book_valuer_per_share_4q_avg": 13.86,
            "equity": 52149917,
            "current_ratio": null,
            "debt_ratio": 92.42,
            "inventory_turnover_ratio": null,
            "account_receivable_turnover_ratio": null,
            "reinvestment_rate": 9.09,
            "research_to_sale_ratio": null,
            "price_fair": 13.56,
            "eps_avg_yearly": 1.14,
            "eps_latest_yearly": 0.96,
            "eps_growth_yearly": 1.92
        },
        "20202": {
            "year_quarter": 20202,
            "year": 2020,
            "quarter": 2,
            "eps": 0.25,
            "eps_growth_year": -10.71,
            "eps_4q": 1.04,
            "eps_4q_growth_year": -8.34,
            "roe": 1.84,
            "roe_4q": 7.9399999999999995,
            "gross_profit": null,
            "gross_margin": null,
            "gross_margin_4q_avg": 0,
            "net_income": 961148,
            "revenue": 2678766,
            "common_shares": 37088349,
            "book_valuer_per_share": 14.13,
            "book_valuer_per_share_4q_avg": 13.9,
            "equity": 52393816,
            "current_ratio": null,
            "debt_ratio": 92.66,
            "inventory_turnover_ratio": null,
            "account_receivable_turnover_ratio": null,
            "reinvestment_rate": 16.44,
            "research_to_sale_ratio": null,
            "price_fair": 14.74,
            "eps_avg_yearly": 1.14,
            "eps_latest_yearly": 1,
            "eps_growth_yearly": 2.96
        },
        "20203": {
            "year_quarter": 20203,
            "year": 2020,
            "quarter": 3,
            "eps": 0.28,
            "eps_growth_year": 0,
            "eps_4q": 1.06,
            "eps_4q_growth_year": -5.84,
            "roe": 2.07,
            "roe_4q": 7.94,
            "gross_profit": null,
            "gross_margin": null,
            "gross_margin_4q_avg": 0,
            "net_income": 1096201,
            "revenue": 3068674,
            "common_shares": 39016943,
            "book_valuer_per_share": 13.75,
            "book_valuer_per_share_4q_avg": 13.94,
            "equity": 53637439,
            "current_ratio": null,
            "debt_ratio": 92.49,
            "inventory_turnover_ratio": null,
            "account_receivable_turnover_ratio": null,
            "reinvestment_rate": 17.46,
            "research_to_sale_ratio": null,
            "price_fair": 13.57,
            "eps_avg_yearly": 1.14,
            "eps_latest_yearly": 1.12,
            "eps_growth_yearly": 1.96
        },
        "20204": {
            "year_quarter": 20204,
            "year": 2020,
            "quarter": 4,
            "eps": 0.26,
            "eps_growth_year": -17.7,
            "eps_4q": 0.97,
            "eps_4q_growth_year": -16.75,
            "roe": 1.96,
            "roe_4q": 7.569999999999999,
            "gross_profit": null,
            "gross_margin": null,
            "gross_margin_4q_avg": 0,
            "net_income": 1088494,
            "revenue": 3128464,
            "common_shares": 41516943,
            "book_valuer_per_share": 13.81,
            "book_valuer_per_share_4q_avg": 13.94,
            "equity": 57321753,
            "current_ratio": null,
            "debt_ratio": 92.22,
            "inventory_turnover_ratio": null,
            "account_receivable_turnover_ratio": null,
            "reinvestment_rate": 18.32,
            "research_to_sale_ratio": null,
            "price_fair": 3.38,
            "eps_avg_yearly": 1.13,
            "eps_latest_yearly": 1.04,
            "eps_growth_yearly": -0.69
        },
        "20211": {
            "year_quarter": 20211,
            "year": 2021,
            "quarter": 1,
            "eps": 0.27,
            "eps_growth_year": 12.5,
            "eps_4q": 1.03,
            "eps_4q_growth_year": -8.67,
            "roe": 1.95,
            "roe_4q": 7.82,
            "gross_profit": null,
            "gross_margin": null,
            "gross_margin_4q_avg": 0,
            "net_income": 1130244,
            "revenue": 3288523,
            "common_shares": 41516943,
            "book_valuer_per_share": 14.15,
            "book_valuer_per_share_4q_avg": 13.96,
            "equity": 58742826,
            "current_ratio": null,
            "debt_ratio": 92.14,
            "inventory_turnover_ratio": null,
            "account_receivable_turnover_ratio": null,
            "reinvestment_rate": 18.62,
            "research_to_sale_ratio": null,
            "price_fair": 14.37,
            "eps_avg_yearly": 1.13,
            "eps_latest_yearly": 1.08,
            "eps_growth_yearly": 2.77
        },
        "20212": {
            "year_quarter": 20212,
            "year": 2021,
            "quarter": 2,
            "eps": 0.28,
            "eps_growth_year": 12,
            "eps_4q": 1.07,
            "eps_4q_growth_year": 3.41,
            "roe": 1.93,
            "roe_4q": 7.91,
            "gross_profit": null,
            "gross_margin": null,
            "gross_margin_4q_avg": 0,
            "net_income": 1146074,
            "revenue": 3301294,
            "common_shares": 41516943,
            "book_valuer_per_share": 14.43,
            "book_valuer_per_share_4q_avg": 14.04,
            "equity": 59909236,
            "current_ratio": null,
            "debt_ratio": 92.05,
            "inventory_turnover_ratio": null,
            "account_receivable_turnover_ratio": null,
            "reinvestment_rate": 17.95,
            "research_to_sale_ratio": null,
            "price_fair": 18.7,
            "eps_avg_yearly": 1.14,
            "eps_latest_yearly": 1.12,
            "eps_growth_yearly": 6.48
        },
        "20213": {
            "year_quarter": 20213,
            "year": 2021,
            "quarter": 3,
            "eps": 0.3,
            "eps_growth_year": 7.14,
            "eps_4q": 1.07,
            "eps_4q_growth_year": 1.65,
            "roe": 2.15,
            "roe_4q": 7.99,
            "gross_profit": null,
            "gross_margin": null,
            "gross_margin_4q_avg": 0,
            "net_income": 1290526,
            "revenue": 3388091,
            "common_shares": 43385205,
            "book_valuer_per_share": 13.87,
            "book_valuer_per_share_4q_avg": 14.07,
            "equity": 60191978,
            "current_ratio": null,
            "debt_ratio": 91.96,
            "inventory_turnover_ratio": null,
            "account_receivable_turnover_ratio": null,
            "reinvestment_rate": 23.17,
            "research_to_sale_ratio": null,
            "price_fair": 14.85,
            "eps_avg_yearly": 1.14,
            "eps_latest_yearly": 1.2,
            "eps_growth_yearly": 3.05
        },
        "20214": {
            "year_quarter": 20214,
            "year": 2021,
            "quarter": 4,
            "eps": 0.27,
            "eps_growth_year": 3.32,
            "eps_4q": 1.06,
            "eps_4q_growth_year": 8.99,
            "roe": 1.99,
            "roe_4q": 8.02,
            "gross_profit": null,
            "gross_margin": null,
            "gross_margin_4q_avg": 0,
            "net_income": 1229430,
            "revenue": 3743966,
            "common_shares": 45385205,
            "book_valuer_per_share": 13.98,
            "book_valuer_per_share_4q_avg": 14.11,
            "equity": 63459985,
            "current_ratio": null,
            "debt_ratio": 91.79,
            "inventory_turnover_ratio": null,
            "account_receivable_turnover_ratio": null,
            "reinvestment_rate": 25.68,
            "research_to_sale_ratio": null,
            "price_fair": 3.38,
            "eps_avg_yearly": 1.13,
            "eps_latest_yearly": 1.08,
            "eps_growth_yearly": -1.17
        },
        "20221": {
            "year_quarter": 20221,
            "year": 2022,
            "quarter": 1,
            "eps": 0.28,
            "eps_growth_year": 3.7,
            "eps_4q": 1.09,
            "eps_4q_growth_year": 5.72,
            "roe": 1.99,
            "roe_4q": 8.06,
            "gross_profit": null,
            "gross_margin": null,
            "gross_margin_4q_avg": 0,
            "net_income": 1276014,
            "revenue": 3437494,
            "common_shares": 45385205,
            "book_valuer_per_share": 14.23,
            "book_valuer_per_share_4q_avg": 14.13,
            "equity": 64567750,
            "current_ratio": null,
            "debt_ratio": 91.75,
            "inventory_turnover_ratio": null,
            "account_receivable_turnover_ratio": null,
            "reinvestment_rate": 26.71,
            "research_to_sale_ratio": null,
            "price_fair": 14.67,
            "eps_avg_yearly": 1.13,
            "eps_latest_yearly": 1.12,
            "eps_growth_yearly": 2.98
        },
        "20222": {
            "year_quarter": 20222,
            "year": 2022,
            "quarter": 2,
            "eps": 0.28,
            "eps_growth_year": 0,
            "eps_4q": 1.08,
            "eps_4q_growth_year": 0.11,
            "roe": 2.07,
            "roe_4q": 8.2,
            "gross_profit": null,
            "gross_margin": null,
            "gross_margin_4q_avg": 0,
            "net_income": 1330251,
            "revenue": 3606957,
            "common_shares": 45385205,
            "book_valuer_per_share": 14.04,
            "book_valuer_per_share_4q_avg": 14.03,
            "equity": 63741752,
            "current_ratio": null,
            "debt_ratio": 91.83,
            "inventory_turnover_ratio": null,
            "account_receivable_turnover_ratio": null,
            "reinvestment_rate": 30.77,
            "research_to_sale_ratio": null,
            "price_fair": 3.37,
            "eps_avg_yearly": 1.12,
            "eps_latest_yearly": 1.12,
            "eps_growth_yearly": -0.72
        },
        "20223": {
            "year_quarter": 20223,
            "year": 2022,
            "quarter": 3,
            "eps": 0.28,
            "eps_growth_year": -6.67,
            "eps_4q": 1.09,
            "eps_4q_growth_year": 1.19,
            "roe": 2.08,
            "roe_4q": 8.13,
            "gross_profit": null,
            "gross_margin": null,
            "gross_margin_4q_avg": 0,
            "net_income": 1338561,
            "revenue": 4105271,
            "common_shares": 47654465,
            "book_valuer_per_share": 13.6,
            "book_valuer_per_share_4q_avg": 13.96,
            "equity": 64827415,
            "current_ratio": null,
            "debt_ratio": 91.95,
            "inventory_turnover_ratio": null,
            "account_receivable_turnover_ratio": null,
            "reinvestment_rate": 34.02,
            "research_to_sale_ratio": null,
            "price_fair": 3.34,
            "eps_avg_yearly": 1.11,
            "eps_latest_yearly": 1.12,
            "eps_growth_yearly": -1.53
        },
        "20224": {
            "year_quarter": 20224,
            "year": 2022,
            "quarter": 4,
            "eps": 0.28,
            "eps_growth_year": 3,
            "eps_4q": 1.07,
            "eps_4q_growth_year": 0.83,
            "roe": 2.09,
            "roe_4q": 8.23,
            "gross_profit": null,
            "gross_margin": null,
            "gross_margin_4q_avg": 0,
            "net_income": 1399379,
            "revenue": 3867442,
            "common_shares": 50154465,
            "book_valuer_per_share": 13.8,
            "book_valuer_per_share_4q_avg": 13.92,
            "equity": 69229626,
            "current_ratio": null,
            "debt_ratio": 91.43,
            "inventory_turnover_ratio": null,
            "account_receivable_turnover_ratio": null,
            "reinvestment_rate": 36.94,
            "research_to_sale_ratio": null,
            "price_fair": 11.1,
            "eps_avg_yearly": 1.11,
            "eps_latest_yearly": 1.12,
            "eps_growth_yearly": 0.81
        },
        "20231": {
            "year_quarter": 20231,
            "year": 2023,
            "quarter": 1,
            "eps": 0.29,
            "eps_growth_year": 3.57,
            "eps_4q": 1.1,
            "eps_4q_growth_year": 1.47,
            "roe": 2.1,
            "roe_4q": 8.34,
            "gross_profit": null,
            "gross_margin": null,
            "gross_margin_4q_avg": 0,
            "net_income": 1473320,
            "revenue": 4149386,
            "common_shares": 50154465,
            "book_valuer_per_share": 14.22,
            "book_valuer_per_share_4q_avg": 13.92,
            "equity": 71323523,
            "current_ratio": null,
            "debt_ratio": 91.19,
            "inventory_turnover_ratio": null,
            "account_receivable_turnover_ratio": null,
            "reinvestment_rate": 39.86,
            "research_to_sale_ratio": null,
            "price_fair": 13,
            "eps_avg_yearly": 1.11,
            "eps_latest_yearly": 1.16,
            "eps_growth_yearly": 1.71
        }
    },
    "months": {
        "2001-06": {
            "month": "2001-06",
            "price": "4.05",
            "revenue": 1115130
        },
        "2001-07": {
            "month": "2001-07",
            "price": "3.85",
            "revenue": 1097984
        },
        "2001-08": {
            "month": "2001-08",
            "price": "3.88",
            "revenue": 1484893
        },
        "2001-09": {
            "month": "2001-09",
            "price": "3.82",
            "revenue": 2715134
        },
        "2001-10": {
            "month": "2001-10",
            "price": "3.60",
            "revenue": 1046462
        },
        "2001-11": {
            "month": "2001-11",
            "price": "3.54",
            "revenue": 992650
        },
        "2001-12": {
            "month": "2001-12",
            "price": "3.95",
            "revenue": 1050425
        },
        "2002-01": {
            "month": "2002-01",
            "price": "3.96",
            "revenue": 996341
        },
        "2002-02": {
            "month": "2002-02",
            "price": "4.19",
            "revenue": 941593
        },
        "2002-03": {
            "month": "2002-03",
            "price": "5.01",
            "revenue": 971122
        },
        "2002-04": {
            "month": "2002-04",
            "price": "6.62",
            "revenue": 935628
        },
        "2002-05": {
            "month": "2002-05",
            "price": "6.58",
            "revenue": 965252
        },
        "2002-06": {
            "month": "2002-06",
            "price": "6.48",
            "revenue": 964769
        },
        "2002-07": {
            "month": "2002-07",
            "price": "5.63",
            "revenue": 941179
        },
        "2002-08": {
            "month": "2002-08",
            "price": "5.16",
            "revenue": 914139
        },
        "2002-09": {
            "month": "2002-09",
            "price": "3.94",
            "revenue": 890125
        },
        "2002-10": {
            "month": "2002-10",
            "price": "3.83",
            "revenue": 865918
        },
        "2002-11": {
            "month": "2002-11",
            "price": "4.27",
            "revenue": 857570
        },
        "2002-12": {
            "month": "2002-12",
            "price": "4.28",
            "revenue": 619877
        },
        "2003-01": {
            "month": "2003-01",
            "price": "5.74",
            "revenue": 814787
        },
        "2003-02": {
            "month": "2003-02",
            "price": "5.52",
            "revenue": 736145
        },
        "2003-03": {
            "month": "2003-03",
            "price": "4.93",
            "revenue": 760316
        },
        "2003-04": {
            "month": "2003-04",
            "price": "5.09",
            "revenue": 738508
        },
        "2003-05": {
            "month": "2003-05",
            "price": "4.75",
            "revenue": 744139
        },
        "2003-06": {
            "month": "2003-06",
            "price": "5.40",
            "revenue": 740183
        },
        "2003-07": {
            "month": "2003-07",
            "price": "5.87",
            "revenue": 732482
        },
        "2003-08": {
            "month": "2003-08",
            "price": "5.80",
            "revenue": 695192
        },
        "2003-09": {
            "month": "2003-09",
            "price": "6.14",
            "revenue": 686477
        },
        "2003-10": {
            "month": "2003-10",
            "price": "6.39",
            "revenue": 671396
        },
        "2003-11": {
            "month": "2003-11",
            "price": "6.47",
            "revenue": 648076
        },
        "2003-12": {
            "month": "2003-12",
            "price": "6.42",
            "revenue": 680600
        },
        "2004-01": {
            "month": "2004-01",
            "price": "7.12",
            "revenue": 651356
        },
        "2004-02": {
            "month": "2004-02",
            "price": "9.54",
            "revenue": 649590
        },
        "2004-03": {
            "month": "2004-03",
            "price": "9.83",
            "revenue": 659014
        },
        "2004-04": {
            "month": "2004-04",
            "price": "10.07",
            "revenue": 664802
        },
        "2004-05": {
            "month": "2004-05",
            "price": "8.50",
            "revenue": 650708
        },
        "2004-06": {
            "month": "2004-06",
            "price": "8.80",
            "revenue": 667182
        },
        "2004-07": {
            "month": "2004-07",
            "price": "8.53",
            "revenue": 681360
        },
        "2004-08": {
            "month": "2004-08",
            "price": "8.60",
            "revenue": 652906
        },
        "2004-09": {
            "month": "2004-09",
            "price": "9.65",
            "revenue": 666436
        },
        "2004-10": {
            "month": "2004-10",
            "price": "10.99",
            "revenue": 653953
        },
        "2004-11": {
            "month": "2004-11",
            "price": "11.83",
            "revenue": 676881
        },
        "2004-12": {
            "month": "2004-12",
            "price": "12.22",
            "revenue": 869271
        },
        "2005-01": {
            "month": "2005-01",
            "price": "13.32",
            "revenue": 703709
        },
        "2005-02": {
            "month": "2005-02",
            "price": "12.34",
            "revenue": 658322
        },
        "2005-03": {
            "month": "2005-03",
            "price": "11.98",
            "revenue": 734633
        },
        "2005-04": {
            "month": "2005-04",
            "price": "10.26",
            "revenue": 719833
        },
        "2005-05": {
            "month": "2005-05",
            "price": "9.24",
            "revenue": 771239
        },
        "2005-06": {
            "month": "2005-06",
            "price": "9.61",
            "revenue": 753870
        },
        "2005-07": {
            "month": "2005-07",
            "price": "9.54",
            "revenue": 716080
        },
        "2005-08": {
            "month": "2005-08",
            "price": "9.08",
            "revenue": 754214
        },
        "2005-09": {
            "month": "2005-09",
            "price": "7.75",
            "revenue": 728269
        },
        "2005-10": {
            "month": "2005-10",
            "price": "7.25",
            "revenue": 731949
        },
        "2005-11": {
            "month": "2005-11",
            "price": "7.00",
            "revenue": 732602
        },
        "2005-12": {
            "month": "2005-12",
            "price": "7.12",
            "revenue": 758416
        },
        "2006-01": {
            "month": "2006-01",
            "price": "7.20",
            "revenue": 323632
        },
        "2006-02": {
            "month": "2006-02",
            "price": "6.98",
            "revenue": 453551
        },
        "2006-03": {
            "month": "2006-03",
            "price": "6.44",
            "revenue": 366727
        },
        "2006-04": {
            "month": "2006-04",
            "price": "6.48",
            "revenue": 324662
        },
        "2006-05": {
            "month": "2006-05",
            "price": "6.91",
            "revenue": 468423
        },
        "2006-06": {
            "month": "2006-06",
            "price": "6.15",
            "revenue": 322761
        },
        "2006-07": {
            "month": "2006-07",
            "price": "6.28",
            "revenue": 327951
        },
        "2006-08": {
            "month": "2006-08",
            "price": "6.21",
            "revenue": 307779
        },
        "2006-09": {
            "month": "2006-09",
            "price": "6.02",
            "revenue": -4541747
        },
        "2006-10": {
            "month": "2006-10",
            "price": "6.69",
            "revenue": 520582
        },
        "2006-11": {
            "month": "2006-11",
            "price": "6.34",
            "revenue": 421333
        },
        "2006-12": {
            "month": "2006-12",
            "price": "7.53",
            "revenue": 432800
        },
        "2007-01": {
            "month": "2007-01",
            "price": "8.32",
            "revenue": 520890
        },
        "2007-02": {
            "month": "2007-02",
            "price": "8.33",
            "revenue": 439002
        },
        "2007-04": {
            "month": "2007-04",
            "price": "12.01",
            "revenue": 503849
        },
        "2007-05": {
            "month": "2007-05",
            "price": "11.46",
            "revenue": 525897
        },
        "2007-06": {
            "month": "2007-06",
            "price": "11.97",
            "revenue": 568999
        },
        "2007-07": {
            "month": "2007-07",
            "price": "15.17",
            "revenue": 591446
        },
        "2007-08": {
            "month": "2007-08",
            "price": "13.22",
            "revenue": 475128
        },
        "2007-09": {
            "month": "2007-09",
            "price": "13.69",
            "revenue": 483004
        },
        "2007-10": {
            "month": "2007-10",
            "price": "14.74",
            "revenue": 547939
        },
        "2007-11": {
            "month": "2007-11",
            "price": "13.93",
            "revenue": 441643
        },
        "2007-12": {
            "month": "2007-12",
            "price": "13.05",
            "revenue": 570680
        },
        "2008-01": {
            "month": "2008-01",
            "price": "13.47",
            "revenue": 438532
        },
        "2008-02": {
            "month": "2008-02",
            "price": "13.53",
            "revenue": 556875
        },
        "2008-03": {
            "month": "2008-03",
            "price": "14.69",
            "revenue": 467136
        },
        "2008-04": {
            "month": "2008-04",
            "price": "15.55",
            "revenue": 550940
        },
        "2008-05": {
            "month": "2008-05",
            "price": "14.97",
            "revenue": 526774
        },
        "2008-06": {
            "month": "2008-06",
            "price": "13.79",
            "revenue": 483114
        },
        "2008-07": {
            "month": "2008-07",
            "price": "12.44",
            "revenue": 479026
        },
        "2008-08": {
            "month": "2008-08",
            "price": "11.81",
            "revenue": 575058
        },
        "2008-09": {
            "month": "2008-09",
            "price": "9.92",
            "revenue": 458896
        },
        "2008-10": {
            "month": "2008-10",
            "price": "7.03",
            "revenue": 458938
        },
        "2008-11": {
            "month": "2008-11",
            "price": "5.88",
            "revenue": 377853
        },
        "2008-12": {
            "month": "2008-12",
            "price": "6.26",
            "revenue": 102677
        },
        "2009-01": {
            "month": "2009-01",
            "price": "6.13",
            "revenue": 361141
        },
        "2009-02": {
            "month": "2009-02",
            "price": "5.51",
            "revenue": 382007
        },
        "2009-03": {
            "month": "2009-03",
            "price": "5.72",
            "revenue": 303486
        },
        "2009-04": {
            "month": "2009-04",
            "price": "7.56",
            "revenue": 358798
        },
        "2009-05": {
            "month": "2009-05",
            "price": "7.93",
            "revenue": 356108
        },
        "2009-06": {
            "month": "2009-06",
            "price": "7.81",
            "revenue": -826151
        },
        "2009-07": {
            "month": "2009-07",
            "price": "8.07",
            "revenue": 410677
        },
        "2009-08": {
            "month": "2009-08",
            "price": "8.06",
            "revenue": 407136
        },
        "2009-09": {
            "month": "2009-09",
            "price": "8.02",
            "revenue": 390896
        },
        "2009-10": {
            "month": "2009-10",
            "price": "8.47",
            "revenue": 424147
        },
        "2009-11": {
            "month": "2009-11",
            "price": "8.24",
            "revenue": 487547
        },
        "2009-12": {
            "month": "2009-12",
            "price": "8.15",
            "revenue": 453879
        },
        "2010-01": {
            "month": "2010-01",
            "price": "8.48",
            "revenue": 441553
        },
        "2010-02": {
            "month": "2010-02",
            "price": "7.98",
            "revenue": 430491
        },
        "2010-03": {
            "month": "2010-03",
            "price": "8.17",
            "revenue": 473863
        },
        "2010-04": {
            "month": "2010-04",
            "price": "8.49",
            "revenue": 511209
        },
        "2010-05": {
            "month": "2010-05",
            "price": "8.16",
            "revenue": 435492
        },
        "2010-06": {
            "month": "2010-06",
            "price": "8.26",
            "revenue": 369232
        },
        "2010-07": {
            "month": "2010-07",
            "price": "9.81",
            "revenue": 519860
        },
        "2010-08": {
            "month": "2010-08",
            "price": "11.00",
            "revenue": 464712
        },
        "2010-09": {
            "month": "2010-09",
            "price": "10.56",
            "revenue": 145522
        },
        "2010-10": {
            "month": "2010-10",
            "price": "10.42",
            "revenue": 505244
        },
        "2010-11": {
            "month": "2010-11",
            "price": "10.20",
            "revenue": 513337
        },
        "2010-12": {
            "month": "2010-12",
            "price": "11.28",
            "revenue": -27423
        },
        "2011-01": {
            "month": "2011-01",
            "price": "12.51",
            "revenue": 540580
        },
        "2011-02": {
            "month": "2011-02",
            "price": "13.63",
            "revenue": 328447
        },
        "2011-03": {
            "month": "2011-03",
            "price": "12.86",
            "revenue": 474370
        },
        "2011-04": {
            "month": "2011-04",
            "price": "12.17",
            "revenue": 536916
        },
        "2011-05": {
            "month": "2011-05",
            "price": "11.83",
            "revenue": 468787
        },
        "2011-06": {
            "month": "2011-06",
            "price": "11.49",
            "revenue": 302539
        },
        "2011-07": {
            "month": "2011-07",
            "price": "11.51",
            "revenue": 635042
        },
        "2011-08": {
            "month": "2011-08",
            "price": "11.63",
            "revenue": 449537
        },
        "2011-09": {
            "month": "2011-09",
            "price": "10.17",
            "revenue": 455547
        },
        "2011-10": {
            "month": "2011-10",
            "price": "9.94",
            "revenue": 660741
        },
        "2011-11": {
            "month": "2011-11",
            "price": "9.38",
            "revenue": 661122
        },
        "2011-12": {
            "month": "2011-12",
            "price": "8.75",
            "revenue": 409087
        },
        "2012-01": {
            "month": "2012-01",
            "price": "8.50",
            "revenue": 525174
        },
        "2012-02": {
            "month": "2012-02",
            "price": "9.72",
            "revenue": 560354
        },
        "2012-03": {
            "month": "2012-03",
            "price": "9.78",
            "revenue": 562165
        },
        "2012-04": {
            "month": "2012-04",
            "price": "9.14",
            "revenue": 584107
        },
        "2012-05": {
            "month": "2012-05",
            "price": "9.02",
            "revenue": 576210
        },
        "2012-06": {
            "month": "2012-06",
            "price": "8.98",
            "revenue": 550224
        },
        "2012-07": {
            "month": "2012-07",
            "price": "9.42",
            "revenue": 683613
        },
        "2012-08": {
            "month": "2012-08",
            "price": "9.76",
            "revenue": 634992
        },
        "2012-09": {
            "month": "2012-09",
            "price": "9.89",
            "revenue": 576715
        },
        "2012-10": {
            "month": "2012-10",
            "price": "9.76",
            "revenue": 519257
        },
        "2012-11": {
            "month": "2012-11",
            "price": "9.34",
            "revenue": 683474
        },
        "2012-12": {
            "month": "2012-12",
            "price": "10.00",
            "revenue": 642791
        },
        "2013-01": {
            "month": "2013-01",
            "price": "10.36",
            "revenue": 696389
        },
        "2013-02": {
            "month": "2013-02",
            "price": "10.80",
            "revenue": 611512
        },
        "2013-03": {
            "month": "2013-03",
            "price": "10.66",
            "revenue": 863096
        },
        "2013-04": {
            "month": "2013-04",
            "price": "10.59",
            "revenue": 760533
        },
        "2013-05": {
            "month": "2013-05",
            "price": "10.87",
            "revenue": 924347
        },
        "2013-06": {
            "month": "2013-06",
            "price": "10.83",
            "revenue": 818590
        },
        "2013-07": {
            "month": "2013-07",
            "price": "10.94",
            "revenue": 728404
        },
        "2013-08": {
            "month": "2013-08",
            "price": "10.91",
            "revenue": 682513
        },
        "2013-09": {
            "month": "2013-09",
            "price": "10.62",
            "revenue": 741043
        },
        "2013-10": {
            "month": "2013-10",
            "price": "10.77",
            "revenue": 847284
        },
        "2013-11": {
            "month": "2013-11",
            "price": "10.78",
            "revenue": 763432
        },
        "2013-12": {
            "month": "2013-12",
            "price": "10.86",
            "revenue": 813815
        },
        "2014-01": {
            "month": "2014-01",
            "price": "10.92",
            "revenue": 960477
        },
        "2014-02": {
            "month": "2014-02",
            "price": "10.82",
            "revenue": 1136648
        },
        "2014-03": {
            "month": "2014-03",
            "price": "10.46",
            "revenue": 746295
        },
        "2014-04": {
            "month": "2014-04",
            "price": "10.27",
            "revenue": 738341
        },
        "2014-05": {
            "month": "2014-05",
            "price": "10.23",
            "revenue": 833328
        },
        "2014-06": {
            "month": "2014-06",
            "price": "10.52",
            "revenue": 801407
        },
        "2014-07": {
            "month": "2014-07",
            "price": "10.81",
            "revenue": 808070
        },
        "2014-08": {
            "month": "2014-08",
            "price": "10.80",
            "revenue": 856420
        },
        "2014-09": {
            "month": "2014-09",
            "price": "10.47",
            "revenue": 745305
        },
        "2014-10": {
            "month": "2014-10",
            "price": "10.20",
            "revenue": 761349
        },
        "2014-11": {
            "month": "2014-11",
            "price": "10.22",
            "revenue": 894669
        },
        "2014-12": {
            "month": "2014-12",
            "price": "10.21",
            "revenue": 1452405
        },
        "2015-01": {
            "month": "2015-01",
            "price": "10.30",
            "revenue": 884230
        },
        "2015-02": {
            "month": "2015-02",
            "price": "10.44",
            "revenue": 758875
        },
        "2015-03": {
            "month": "2015-03",
            "price": "10.53",
            "revenue": 842847
        },
        "2015-04": {
            "month": "2015-04",
            "price": "10.84",
            "revenue": 842289
        },
        "2015-05": {
            "month": "2015-05",
            "price": "10.88",
            "revenue": 858671
        },
        "2015-06": {
            "month": "2015-06",
            "price": "10.74",
            "revenue": 739411
        },
        "2015-07": {
            "month": "2015-07",
            "price": "10.60",
            "revenue": 754787
        },
        "2015-08": {
            "month": "2015-08",
            "price": "10.11",
            "revenue": 776432
        },
        "2015-09": {
            "month": "2015-09",
            "price": "9.37",
            "revenue": 778978
        },
        "2015-10": {
            "month": "2015-10",
            "price": "9.78",
            "revenue": 819565
        },
        "2015-11": {
            "month": "2015-11",
            "price": "9.86",
            "revenue": 820480
        },
        "2015-12": {
            "month": "2015-12",
            "price": "9.46",
            "revenue": 1162393
        },
        "2016-01": {
            "month": "2016-01",
            "price": "8.97",
            "revenue": 783889
        },
        "2016-02": {
            "month": "2016-02",
            "price": "9.10",
            "revenue": 758812
        },
        "2016-03": {
            "month": "2016-03",
            "price": "9.38",
            "revenue": 861625
        },
        "2016-04": {
            "month": "2016-04",
            "price": "9.28",
            "revenue": 783011
        },
        "2016-05": {
            "month": "2016-05",
            "price": "9.02",
            "revenue": 822212
        },
        "2016-06": {
            "month": "2016-06",
            "price": "9.07",
            "revenue": 910422
        },
        "2016-07": {
            "month": "2016-07",
            "price": "9.14",
            "revenue": 875867
        },
        "2016-08": {
            "month": "2016-08",
            "price": "9.30",
            "revenue": 883398
        },
        "2016-09": {
            "month": "2016-09",
            "price": "8.94",
            "revenue": 1022586
        },
        "2016-10": {
            "month": "2016-10",
            "price": "8.95",
            "revenue": 867449
        },
        "2016-11": {
            "month": "2016-11",
            "price": "9.02",
            "revenue": 888468
        },
        "2016-12": {
            "month": "2016-12",
            "price": "9.16",
            "revenue": 1262607
        },
        "2017-01": {
            "month": "2017-01",
            "price": "9.18",
            "revenue": 819456
        },
        "2017-02": {
            "month": "2017-02",
            "price": "9.35",
            "revenue": 876721
        },
        "2017-03": {
            "month": "2017-03",
            "price": "9.63",
            "revenue": 880870
        },
        "2017-04": {
            "month": "2017-04",
            "price": "9.79",
            "revenue": 850586
        },
        "2017-05": {
            "month": "2017-05",
            "price": "9.90",
            "revenue": 934318
        },
        "2017-06": {
            "month": "2017-06",
            "price": "10.06",
            "revenue": 954599
        },
        "2017-07": {
            "month": "2017-07",
            "price": "10.27",
            "revenue": 921330
        },
        "2017-08": {
            "month": "2017-08",
            "price": "9.61",
            "revenue": 928563
        },
        "2017-09": {
            "month": "2017-09",
            "price": "9.58",
            "revenue": 931371
        },
        "2017-10": {
            "month": "2017-10",
            "price": "9.65",
            "revenue": 932051
        },
        "2017-11": {
            "month": "2017-11",
            "price": "9.65",
            "revenue": 914135
        },
        "2017-12": {
            "month": "2017-12",
            "price": "9.85",
            "revenue": 1367292
        },
        "2018-01": {
            "month": "2018-01",
            "price": "10.15",
            "revenue": 939198
        },
        "2018-02": {
            "month": "2018-02",
            "price": "10.08",
            "revenue": 838782
        },
        "2018-03": {
            "month": "2018-03",
            "price": "10.22",
            "revenue": 921477
        },
        "2018-04": {
            "month": "2018-04",
            "price": "10.19",
            "revenue": 907065
        },
        "2018-05": {
            "month": "2018-05",
            "price": "10.35",
            "revenue": 1100490
        },
        "2018-06": {
            "month": "2018-06",
            "price": "10.45",
            "revenue": 909818
        },
        "2018-07": {
            "month": "2018-07",
            "price": "10.43",
            "revenue": 1043541
        },
        "2018-08": {
            "month": "2018-08",
            "price": "10.26",
            "revenue": 1004148
        },
        "2018-09": {
            "month": "2018-09",
            "price": "10.58",
            "revenue": 981528
        },
        "2018-10": {
            "month": "2018-10",
            "price": "10.36",
            "revenue": 812958
        },
        "2018-11": {
            "month": "2018-11",
            "price": "10.25",
            "revenue": 985906
        },
        "2018-12": {
            "month": "2018-12",
            "price": "10.18",
            "revenue": 1218644
        },
        "2019-01": {
            "month": "2019-01",
            "price": "10.33",
            "revenue": 1088352
        },
        "2019-02": {
            "month": "2019-02",
            "price": "10.60",
            "revenue": 959671
        },
        "2019-03": {
            "month": "2019-03",
            "price": "11.10",
            "revenue": 1008408
        },
        "2019-04": {
            "month": "2019-04",
            "price": "11.38",
            "revenue": 984909
        },
        "2019-05": {
            "month": "2019-05",
            "price": "11.98",
            "revenue": 998397
        },
        "2019-06": {
            "month": "2019-06",
            "price": "12.45",
            "revenue": 965811
        },
        "2019-07": {
            "month": "2019-07",
            "price": "12.58",
            "revenue": 1019598
        },
        "2019-08": {
            "month": "2019-08",
            "price": "12.31",
            "revenue": 1080071
        },
        "2019-09": {
            "month": "2019-09",
            "price": "11.90",
            "revenue": 930816
        },
        "2019-10": {
            "month": "2019-10",
            "price": "11.80",
            "revenue": 945979
        },
        "2019-11": {
            "month": "2019-11",
            "price": "11.91",
            "revenue": 1023757
        },
        "2019-12": {
            "month": "2019-12",
            "price": "11.93",
            "revenue": 1009070
        },
        "2020-01": {
            "month": "2020-01",
            "price": "12.29",
            "revenue": 954284
        },
        "2020-02": {
            "month": "2020-02",
            "price": "12.26",
            "revenue": 941540
        },
        "2020-03": {
            "month": "2020-03",
            "price": "11.00",
            "revenue": 833745
        },
        "2020-04": {
            "month": "2020-04",
            "price": "10.88",
            "revenue": 912982
        },
        "2020-05": {
            "month": "2020-05",
            "price": "11.37",
            "revenue": 856844
        },
        "2020-06": {
            "month": "2020-06",
            "price": "11.80",
            "revenue": 895424
        },
        "2020-07": {
            "month": "2020-07",
            "price": "11.79",
            "revenue": 1111747
        },
        "2020-08": {
            "month": "2020-08",
            "price": "11.82",
            "revenue": 1014851
        },
        "2020-09": {
            "month": "2020-09",
            "price": "10.85",
            "revenue": 920040
        },
        "2020-10": {
            "month": "2020-10",
            "price": "10.84",
            "revenue": 929974
        },
        "2020-11": {
            "month": "2020-11",
            "price": "10.98",
            "revenue": 1050135
        },
        "2020-12": {
            "month": "2020-12",
            "price": "10.86",
            "revenue": 1128223
        },
        "2021-01": {
            "month": "2021-01",
            "price": "10.81",
            "revenue": 1057056
        },
        "2021-02": {
            "month": "2021-02",
            "price": "10.85",
            "revenue": 1046674
        },
        "2021-03": {
            "month": "2021-03",
            "price": "11.36",
            "revenue": 1157584
        },
        "2021-04": {
            "month": "2021-04",
            "price": "11.69",
            "revenue": 1171528
        },
        "2021-05": {
            "month": "2021-05",
            "price": "11.50",
            "revenue": 951593
        },
        "2021-06": {
            "month": "2021-06",
            "price": "11.50",
            "revenue": 1151247
        },
        "2021-07": {
            "month": "2021-07",
            "price": "11.83",
            "revenue": 1088417
        },
        "2021-08": {
            "month": "2021-08",
            "price": "11.96",
            "revenue": 1162125
        },
        "2021-09": {
            "month": "2021-09",
            "price": "11.56",
            "revenue": 1117991
        },
        "2021-10": {
            "month": "2021-10",
            "price": "11.72",
            "revenue": 1201104
        },
        "2021-11": {
            "month": "2021-11",
            "price": "12.00",
            "revenue": 1293785
        },
        "2021-12": {
            "month": "2021-12",
            "price": "12.03",
            "revenue": 1247879
        },
        "2022-01": {
            "month": "2022-01",
            "price": "13.15",
            "revenue": 1039219
        },
        "2022-02": {
            "month": "2022-02",
            "price": "13.66",
            "revenue": 1088240
        },
        "2022-03": {
            "month": "2022-03",
            "price": "14.20",
            "revenue": 1265168
        },
        "2022-04": {
            "month": "2022-04",
            "price": "15.23",
            "revenue": 1080334
        },
        "2022-05": {
            "month": "2022-05",
            "price": "13.91",
            "revenue": 1262711
        },
        "2022-06": {
            "month": "2022-06",
            "price": "13.76",
            "revenue": 1251588
        },
        "2022-07": {
            "month": "2022-07",
            "price": "13.38",
            "revenue": 1436922
        },
        "2022-08": {
            "month": "2022-08",
            "price": "13.45",
            "revenue": 1440249
        },
        "2022-09": {
            "month": "2022-09",
            "price": "13.52",
            "revenue": 1218436
        },
        "2022-10": {
            "month": "2022-10",
            "price": "12.70",
            "revenue": 1186838
        },
        "2022-11": {
            "month": "2022-11",
            "price": "12.80",
            "revenue": 1340389
        },
        "2022-12": {
            "month": "2022-12",
            "price": "12.98",
            "revenue": 1338751
        },
        "2023-01": {
            "month": "2023-01",
            "price": "13.00",
            "revenue": 1332924
        },
        "2023-02": {
            "month": "2023-02",
            "price": "13.29",
            "revenue": 1326703
        },
        "2023-03": {
            "month": "2023-03",
            "price": "13.80",
            "revenue": 1465619
        },
        "2023-04": {
            "month": "2023-04",
            "price": "14.04",
            "revenue": 1270315
        }
    }
}
