{
    "summary": {
        "stock_name": "旺旺保",
        "stock_id": "2816",
        "category": "金融",
        "main_business": "火險、水險、汽車險、承保其他損失責任及再保險、代理其他公司<br>委託之保險業務、各種生產事業投資、依法辦理之事項",
        "website_url": "http://www.wwunion.com/",
        "ceo": "劉自明",
        "pe_ratio": 32,
        "report_year_from": 2001,
        "report_year_to": 2023,
        "age": 22,
        "eps_negative_percentage": 14,
        "eps_growth_avg": {
            "last_all": 12.66,
            "last_2y": -35.27,
            "last_4y": -19.67,
            "last_8y": -6.75,
            "last_12y": null,
            "last_16y": null,
            "last_20y": null,
            "at_2006_last_3y": null,
            "at_2007_last_3y": null,
            "at_2008_last_3y": null,
            "at_2009_last_3y": null,
            "at_2010_last_3y": null,
            "at_2011_last_3y": null,
            "at_2012_last_3y": null,
            "at_2013_last_3y": null,
            "at_2014_last_3y": 70.28,
            "at_2015_last_3y": 38.46,
            "at_2016_last_3y": 9.4,
            "at_2017_last_3y": 9.4,
            "at_2018_last_3y": 4.52,
            "at_2019_last_3y": 22.81,
            "at_2020_last_3y": 26.04,
            "at_2021_last_3y": 0.42,
            "at_2022_last_3y": -22.42,
            "at_2023_last_3y": -22.42,
            "at_2006_last_all": null,
            "at_2007_last_all": null,
            "at_2008_last_all": null,
            "at_2009_last_all": null,
            "at_2010_last_all": null,
            "at_2011_last_all": null,
            "at_2012_last_all": 100,
            "at_2013_last_all": 100,
            "at_2014_last_all": 70.28,
            "at_2015_last_all": 38.46,
            "at_2016_last_all": 27.52,
            "at_2017_last_all": 39.6,
            "at_2018_last_all": 32.71,
            "at_2019_last_all": 30.64,
            "at_2020_last_all": 26.86,
            "at_2021_last_all": 23.93,
            "at_2022_last_all": 12.66,
            "at_2023_last_all": 12.66
        },
        "latest_eps": 1.16,
        "latest_price": 36.85,
        "latest_roe": 4.7,
        "latest_gross_margin": null,
        "latest_equity": 5644708,
        "latest_revenue": 2608053,
        "latest_gross_profit": null,
        "latest_net_income": 565844,
        "latest_debt_ratio": 71.54,
        "latest_current_ratio": null,
        "latest_account_receivable_turnover_ratio": null,
        "latest_inventory_turnover_ratio": null,
        "latest_reinvestment_rate": 21.76,
        "latest_research_to_sale_ratio": null
    },
    "eps_dividends": {
        "1992": {
            "cash": 0,
            "stock": 4,
            "eps": 0
        },
        "1993": {
            "cash": 0,
            "stock": 1.5,
            "eps": 0
        },
        "1994": {
            "cash": 0,
            "stock": 3.2,
            "eps": 0
        },
        "1995": {
            "cash": 0,
            "stock": 2.6,
            "eps": 0
        },
        "1996": {
            "cash": 0,
            "stock": 2.4,
            "eps": 0
        },
        "1997": {
            "cash": 0,
            "stock": 2,
            "eps": 0
        },
        "1998": {
            "cash": 0,
            "stock": 2.5,
            "eps": 0
        },
        "1999": {
            "cash": 0,
            "stock": 2,
            "eps": 0
        },
        "2000": {
            "cash": 0,
            "stock": 1.1,
            "eps": 0
        },
        "2001": {
            "cash": 0,
            "stock": 0.78,
            "eps": 0
        },
        "2002": {
            "cash": 0,
            "stock": 1,
            "eps": 0
        },
        "2003": {
            "cash": 0,
            "stock": 1.31,
            "eps": 0
        },
        "2004": {
            "cash": 0,
            "stock": 1,
            "eps": 0
        },
        "2005": {
            "cash": 0,
            "stock": 0.7,
            "eps": 0
        },
        "2006": {
            "cash": 0,
            "stock": 0,
            "eps": 0
        },
        "2007": {
            "cash": 0,
            "stock": 0,
            "eps": 0
        },
        "2008": {
            "cash": 0,
            "stock": 0,
            "eps": 0
        },
        "2009": {
            "cash": 0,
            "stock": 0,
            "eps": 0
        },
        "2010": {
            "cash": 0,
            "stock": 0,
            "eps": -2.24
        },
        "2011": {
            "cash": 0,
            "stock": 0,
            "eps": 0.4
        },
        "2012": {
            "cash": 0,
            "stock": 0,
            "eps": 1.16
        },
        "2013": {
            "cash": 0,
            "stock": 0,
            "eps": 2.58
        },
        "2014": {
            "cash": 0,
            "stock": 0.65,
            "eps": 2.86
        },
        "2015": {
            "cash": 1.17,
            "stock": 0,
            "eps": 1.23
        },
        "2016": {
            "cash": 0.1,
            "stock": 0,
            "eps": 1.03
        },
        "2017": {
            "cash": 0,
            "stock": 0,
            "eps": 3.12
        },
        "2018": {
            "cash": 0.7,
            "stock": 0,
            "eps": 2.85
        },
        "2019": {
            "cash": 0.9,
            "stock": 0,
            "eps": 3.31
        },
        "2020": {
            "cash": 0.88,
            "stock": 0.5,
            "eps": 3.2
        },
        "2021": {
            "cash": 0.8,
            "stock": 0,
            "eps": 3.12
        },
        "2022": {
            "cash": 1,
            "stock": 0,
            "eps": -5.92
        },
        "2023": {
            "cash": 0,
            "stock": 0,
            "eps": 3.42
        }
    },
    "dividends": {
        "1992-03-18": {
            "cash": 0,
            "stock": 4
        },
        "1993-05-03": {
            "cash": 0,
            "stock": 1.5
        },
        "1994-05-03": {
            "cash": 0,
            "stock": 3.2
        },
        "1995-05-08": {
            "cash": 0,
            "stock": 2.6
        },
        "1996-05-06": {
            "cash": 0,
            "stock": 2.4
        },
        "1997-05-15": {
            "cash": 0,
            "stock": 2
        },
        "1998-05-04": {
            "cash": 0,
            "stock": 2.5
        },
        "1999-05-03": {
            "cash": 0,
            "stock": 2
        },
        "2000-05-29": {
            "cash": 0,
            "stock": 1.1
        },
        "2001-05-07": {
            "cash": 0,
            "stock": 0.78
        },
        "2002-05-27": {
            "cash": 0,
            "stock": 1
        },
        "2003-03-18": {
            "cash": 0,
            "stock": 1.31
        },
        "2004-03-12": {
            "cash": 0,
            "stock": 1
        },
        "2005-03-16": {
            "cash": 0,
            "stock": 0.7
        },
        "2014-06-30": {
            "cash": 0,
            "stock": 0.65
        },
        "2015-08-04": {
            "cash": 1.17,
            "stock": 0
        },
        "2016-08-17": {
            "cash": 0.1,
            "stock": 0
        },
        "2018-08-07": {
            "cash": 0.7,
            "stock": 0
        },
        "2019-09-27": {
            "cash": 0.9,
            "stock": 0
        },
        "2020-07-31": {
            "cash": 0.88,
            "stock": 0.5
        },
        "2021-09-15": {
            "cash": 0.8,
            "stock": 0
        },
        "2022-08-26": {
            "cash": 1,
            "stock": 0
        }
    },
    "prices": {
        "200101": "8.18",
        "200102": "9.44",
        "200103": "10.12",
        "200104": "9.82",
        "200105": "10.06",
        "200106": "10.24",
        "200107": "9.99",
        "200108": "9.76",
        "200109": "9.90",
        "200110": "9.66",
        "200111": "9.88",
        "200112": "11.57",
        "200201": "12.19",
        "200202": "12.16",
        "200203": "13.10",
        "200204": "13.81",
        "200205": "13.65",
        "200206": "14.20",
        "200207": "14.24",
        "200208": "15.43",
        "200209": "14.07",
        "200210": "13.63",
        "200211": "13.42",
        "200212": "13.34",
        "200301": "13.89",
        "200302": "14.91",
        "200303": "14.93",
        "200304": "14.89",
        "200305": "14.75",
        "200306": "14.78",
        "200307": "14.03",
        "200308": "12.44",
        "200309": "12.11",
        "200310": "12.09",
        "200311": "11.27",
        "200312": "10.74",
        "200401": "11.09",
        "200402": "13.35",
        "200403": "14.68",
        "200404": "13.97",
        "200405": "10.83",
        "200406": "10.58",
        "200407": "9.98",
        "200408": "8.73",
        "200409": "9.35",
        "200410": "9.86",
        "200411": "9.50",
        "200412": "9.08",
        "200501": "9.24",
        "200502": "9.02",
        "200503": "8.56",
        "200504": "7.93",
        "200505": "7.38",
        "200506": "7.86",
        "200507": "8.05",
        "200508": "7.35",
        "200509": "6.56",
        "200510": "6.01",
        "200511": "5.78",
        "200512": "6.07",
        "200601": "6.19",
        "200602": "6.05",
        "200603": "5.44",
        "200604": "5.81",
        "200605": "6.24",
        "200606": "5.39",
        "200607": "5.10",
        "200608": "5.10",
        "200609": "5.30",
        "200610": "5.65",
        "200611": "5.93",
        "200612": "6.46",
        "200701": "4.82",
        "200702": "4.21",
        "200703": "3.99",
        "200704": "4.31",
        "200705": "2.55",
        "200706": "2.57",
        "200707": "2.75",
        "200708": "2.33",
        "200709": "2.22",
        "200710": "7.16",
        "200711": "17.58",
        "200712": "17.18",
        "200801": "16.35",
        "200802": "16.43",
        "200803": "16.21",
        "200804": "16.31",
        "200805": "14.58",
        "200806": "13.58",
        "200807": "10.23",
        "200808": "9.61",
        "200809": "9.72",
        "200810": "7.29",
        "200811": "10.87",
        "200812": "16.20",
        "200901": "16.00",
        "200902": "15.15",
        "200903": "14.53",
        "200904": "26.50",
        "200905": "28.56",
        "200906": "25.05",
        "200907": "25.83",
        "200908": "23.56",
        "200909": "23.63",
        "200910": "24.33",
        "200911": "32.47",
        "200912": "29.14",
        "201001": "28.74",
        "201002": "24.09",
        "201003": "22.68",
        "201004": "22.75",
        "201005": "20.24",
        "201006": "20.46",
        "201007": "21.80",
        "201008": "21.86",
        "201009": "19.66",
        "201010": "18.96",
        "201011": "17.31",
        "201012": "18.65",
        "201101": "18.40",
        "201102": "16.53",
        "201103": "14.62",
        "201104": "14.93",
        "201105": "17.57",
        "201106": "17.19",
        "201107": "21.46",
        "201108": "19.78",
        "201109": "15.24",
        "201110": "14.80",
        "201111": "14.93",
        "201112": "12.79",
        "201201": "12.02",
        "201202": "14.14",
        "201203": "14.08",
        "201204": "12.10",
        "201205": "11.80",
        "201206": "10.73",
        "201207": "10.32",
        "201208": "11.12",
        "201209": "11.27",
        "201210": "11.87",
        "201211": "13.88",
        "201212": "14.95",
        "201301": "14.84",
        "201302": "15.19",
        "201303": "14.66",
        "201304": "14.38",
        "201305": "16.26",
        "201306": "15.88",
        "201307": "16.60",
        "201308": "18.13",
        "201309": "18.07",
        "201310": "21.07",
        "201311": "21.40",
        "201312": "22.45",
        "201401": "22.81",
        "201402": "21.94",
        "201403": "21.09",
        "201404": "20.52",
        "201405": "21.01",
        "201406": "21.99",
        "201407": "26.19",
        "201408": "27.05",
        "201409": "27.20",
        "201410": "26.46",
        "201411": "25.28",
        "201412": "24.48",
        "201501": "25.00",
        "201502": "24.85",
        "201503": "24.45",
        "201504": "24.93",
        "201505": "25.43",
        "201506": "23.86",
        "201507": "22.04",
        "201508": "18.56",
        "201509": "17.48",
        "201510": "17.90",
        "201511": "17.10",
        "201512": "15.19",
        "201601": "14.14",
        "201602": "14.58",
        "201603": "15.02",
        "201604": "13.69",
        "201605": "12.44",
        "201606": "12.09",
        "201607": "12.34",
        "201608": "12.60",
        "201609": "12.51",
        "201610": "12.04",
        "201611": "12.62",
        "201612": "15.60",
        "201701": "14.73",
        "201702": "15.87",
        "201703": "15.50",
        "201704": "14.01",
        "201705": "14.13",
        "201706": "14.61",
        "201707": "14.79",
        "201708": "14.80",
        "201709": "15.88",
        "201710": "16.14",
        "201711": "19.10",
        "201712": "20.48",
        "201801": "20.20",
        "201802": "18.61",
        "201803": "19.04",
        "201804": "19.05",
        "201805": "18.36",
        "201806": "18.26",
        "201807": "17.28",
        "201808": "17.77",
        "201809": "20.68",
        "201810": "19.10",
        "201811": "18.71",
        "201812": "18.90",
        "201901": "19.50",
        "201902": "19.66",
        "201903": "20.13",
        "201904": "19.45",
        "201905": "19.81",
        "201906": "19.94",
        "201907": "20.18",
        "201908": "19.84",
        "201909": "19.62",
        "201910": "19.43",
        "201911": "20.75",
        "201912": "21.62",
        "202001": "21.98",
        "202002": "20.86",
        "202003": "18.41",
        "202004": "18.88",
        "202005": "19.51",
        "202006": "19.66",
        "202007": "18.89",
        "202008": "18.27",
        "202009": "18.96",
        "202010": "19.10",
        "202011": "19.83",
        "202012": "20.34",
        "202101": "20.59",
        "202102": "19.91",
        "202103": "21.05",
        "202104": "20.74",
        "202105": "20.43",
        "202106": "20.49",
        "202107": "20.91",
        "202108": "20.35",
        "202109": "19.72",
        "202110": "19.40",
        "202111": "19.58",
        "202112": "19.50",
        "202201": "20.00",
        "202202": "19.83",
        "202203": "19.53",
        "202204": "20.04",
        "202205": "17.73",
        "202206": "17.40",
        "202207": "17.08",
        "202208": "16.35",
        "202209": "15.68",
        "202210": "14.25",
        "202211": "15.06",
        "202212": "15.73",
        "202301": "16.02",
        "202302": "16.29",
        "202303": "15.72",
        "202304": "15.30",
        "202305": "16.97",
        "202306": "18.22",
        "202307": "19.15",
        "202308": "21.50",
        "202309": "32.06",
        "202310": "31.07"
    },
    "quarters": {
        "20011": {
            "year_quarter": 20011,
            "year": 2001,
            "quarter": 1,
            "eps": null,
            "eps_growth_year": null,
            "eps_4q": null,
            "eps_4q_growth_year": null,
            "roe": null,
            "roe_4q": 0,
            "gross_profit": null,
            "gross_margin": null,
            "gross_margin_4q_avg": 0,
            "net_income": null,
            "net_income_4q": null,
            "revenue": null,
            "revenue_4q": null,
            "common_shares": null,
            "book_valuer_per_share": null,
            "book_valuer_per_share_4q_avg": 0,
            "equity": null,
            "current_ratio": null,
            "debt_ratio": null,
            "inventory_turnover_ratio": null,
            "account_receivable_turnover_ratio": null,
            "reinvestment_rate": null,
            "research_to_sale_ratio": null,
            "price_fair": 0,
            "eps_avg_yearly": 0,
            "eps_latest_yearly": 0,
            "eps_growth_yearly": 0
        },
        "20012": {
            "year_quarter": 20012,
            "year": 2001,
            "quarter": 2,
            "eps": null,
            "eps_growth_year": null,
            "eps_4q": null,
            "eps_4q_growth_year": null,
            "roe": null,
            "roe_4q": 0,
            "gross_profit": null,
            "gross_margin": null,
            "gross_margin_4q_avg": 0,
            "net_income": null,
            "net_income_4q": null,
            "revenue": null,
            "revenue_4q": null,
            "common_shares": null,
            "book_valuer_per_share": null,
            "book_valuer_per_share_4q_avg": 0,
            "equity": null,
            "current_ratio": null,
            "debt_ratio": null,
            "inventory_turnover_ratio": null,
            "account_receivable_turnover_ratio": null,
            "reinvestment_rate": null,
            "research_to_sale_ratio": null,
            "price_fair": 0,
            "eps_avg_yearly": 0,
            "eps_latest_yearly": 0,
            "eps_growth_yearly": 0
        },
        "20013": {
            "year_quarter": 20013,
            "year": 2001,
            "quarter": 3,
            "eps": null,
            "eps_growth_year": null,
            "eps_4q": null,
            "eps_4q_growth_year": null,
            "roe": null,
            "roe_4q": 0,
            "gross_profit": null,
            "gross_margin": null,
            "gross_margin_4q_avg": 0,
            "net_income": null,
            "net_income_4q": null,
            "revenue": null,
            "revenue_4q": null,
            "common_shares": null,
            "book_valuer_per_share": null,
            "book_valuer_per_share_4q_avg": 0,
            "equity": null,
            "current_ratio": null,
            "debt_ratio": null,
            "inventory_turnover_ratio": null,
            "account_receivable_turnover_ratio": null,
            "reinvestment_rate": null,
            "research_to_sale_ratio": null,
            "price_fair": 0,
            "eps_avg_yearly": 0,
            "eps_latest_yearly": 0,
            "eps_growth_yearly": 0
        },
        "20014": {
            "year_quarter": 20014,
            "year": 2001,
            "quarter": 4,
            "eps": null,
            "eps_growth_year": null,
            "eps_4q": null,
            "eps_4q_growth_year": null,
            "roe": null,
            "roe_4q": 0,
            "gross_profit": null,
            "gross_margin": null,
            "gross_margin_4q_avg": 0,
            "net_income": null,
            "net_income_4q": null,
            "revenue": null,
            "revenue_4q": null,
            "common_shares": null,
            "book_valuer_per_share": null,
            "book_valuer_per_share_4q_avg": 0,
            "equity": null,
            "current_ratio": null,
            "debt_ratio": null,
            "inventory_turnover_ratio": null,
            "account_receivable_turnover_ratio": null,
            "reinvestment_rate": null,
            "research_to_sale_ratio": null,
            "price_fair": 0,
            "eps_avg_yearly": 0,
            "eps_latest_yearly": 0,
            "eps_growth_yearly": 0
        },
        "20021": {
            "year_quarter": 20021,
            "year": 2002,
            "quarter": 1,
            "eps": null,
            "eps_growth_year": null,
            "eps_4q": null,
            "eps_4q_growth_year": null,
            "roe": null,
            "roe_4q": 0,
            "gross_profit": null,
            "gross_margin": null,
            "gross_margin_4q_avg": 0,
            "net_income": null,
            "net_income_4q": null,
            "revenue": null,
            "revenue_4q": null,
            "common_shares": null,
            "book_valuer_per_share": null,
            "book_valuer_per_share_4q_avg": 0,
            "equity": null,
            "current_ratio": null,
            "debt_ratio": null,
            "inventory_turnover_ratio": null,
            "account_receivable_turnover_ratio": null,
            "reinvestment_rate": null,
            "research_to_sale_ratio": null,
            "price_fair": 0,
            "eps_avg_yearly": 0,
            "eps_latest_yearly": 0,
            "eps_growth_yearly": 0
        },
        "20022": {
            "year_quarter": 20022,
            "year": 2002,
            "quarter": 2,
            "eps": null,
            "eps_growth_year": null,
            "eps_4q": null,
            "eps_4q_growth_year": null,
            "roe": null,
            "roe_4q": 0,
            "gross_profit": null,
            "gross_margin": null,
            "gross_margin_4q_avg": 0,
            "net_income": null,
            "net_income_4q": null,
            "revenue": null,
            "revenue_4q": null,
            "common_shares": null,
            "book_valuer_per_share": null,
            "book_valuer_per_share_4q_avg": 0,
            "equity": null,
            "current_ratio": null,
            "debt_ratio": null,
            "inventory_turnover_ratio": null,
            "account_receivable_turnover_ratio": null,
            "reinvestment_rate": null,
            "research_to_sale_ratio": null,
            "price_fair": 0,
            "eps_avg_yearly": 0,
            "eps_latest_yearly": 0,
            "eps_growth_yearly": 0
        },
        "20023": {
            "year_quarter": 20023,
            "year": 2002,
            "quarter": 3,
            "eps": null,
            "eps_growth_year": null,
            "eps_4q": null,
            "eps_4q_growth_year": null,
            "roe": null,
            "roe_4q": 0,
            "gross_profit": null,
            "gross_margin": null,
            "gross_margin_4q_avg": 0,
            "net_income": null,
            "net_income_4q": null,
            "revenue": null,
            "revenue_4q": null,
            "common_shares": null,
            "book_valuer_per_share": null,
            "book_valuer_per_share_4q_avg": 0,
            "equity": null,
            "current_ratio": null,
            "debt_ratio": null,
            "inventory_turnover_ratio": null,
            "account_receivable_turnover_ratio": null,
            "reinvestment_rate": null,
            "research_to_sale_ratio": null,
            "price_fair": 0,
            "eps_avg_yearly": 0,
            "eps_latest_yearly": 0,
            "eps_growth_yearly": 0
        },
        "20024": {
            "year_quarter": 20024,
            "year": 2002,
            "quarter": 4,
            "eps": null,
            "eps_growth_year": null,
            "eps_4q": null,
            "eps_4q_growth_year": null,
            "roe": null,
            "roe_4q": 0,
            "gross_profit": null,
            "gross_margin": null,
            "gross_margin_4q_avg": 0,
            "net_income": null,
            "net_income_4q": null,
            "revenue": null,
            "revenue_4q": null,
            "common_shares": null,
            "book_valuer_per_share": null,
            "book_valuer_per_share_4q_avg": 0,
            "equity": null,
            "current_ratio": null,
            "debt_ratio": null,
            "inventory_turnover_ratio": null,
            "account_receivable_turnover_ratio": null,
            "reinvestment_rate": null,
            "research_to_sale_ratio": null,
            "price_fair": 0,
            "eps_avg_yearly": 0,
            "eps_latest_yearly": 0,
            "eps_growth_yearly": 0
        },
        "20031": {
            "year_quarter": 20031,
            "year": 2003,
            "quarter": 1,
            "eps": null,
            "eps_growth_year": null,
            "eps_4q": null,
            "eps_4q_growth_year": null,
            "roe": null,
            "roe_4q": 0,
            "gross_profit": null,
            "gross_margin": null,
            "gross_margin_4q_avg": 0,
            "net_income": null,
            "net_income_4q": null,
            "revenue": null,
            "revenue_4q": null,
            "common_shares": null,
            "book_valuer_per_share": null,
            "book_valuer_per_share_4q_avg": 0,
            "equity": null,
            "current_ratio": null,
            "debt_ratio": null,
            "inventory_turnover_ratio": null,
            "account_receivable_turnover_ratio": null,
            "reinvestment_rate": null,
            "research_to_sale_ratio": null,
            "price_fair": 0,
            "eps_avg_yearly": 0,
            "eps_latest_yearly": 0,
            "eps_growth_yearly": 0
        },
        "20032": {
            "year_quarter": 20032,
            "year": 2003,
            "quarter": 2,
            "eps": null,
            "eps_growth_year": null,
            "eps_4q": null,
            "eps_4q_growth_year": null,
            "roe": null,
            "roe_4q": 0,
            "gross_profit": null,
            "gross_margin": null,
            "gross_margin_4q_avg": 0,
            "net_income": null,
            "net_income_4q": null,
            "revenue": null,
            "revenue_4q": null,
            "common_shares": null,
            "book_valuer_per_share": null,
            "book_valuer_per_share_4q_avg": 0,
            "equity": null,
            "current_ratio": null,
            "debt_ratio": null,
            "inventory_turnover_ratio": null,
            "account_receivable_turnover_ratio": null,
            "reinvestment_rate": null,
            "research_to_sale_ratio": null,
            "price_fair": 0,
            "eps_avg_yearly": 0,
            "eps_latest_yearly": 0,
            "eps_growth_yearly": 0
        },
        "20033": {
            "year_quarter": 20033,
            "year": 2003,
            "quarter": 3,
            "eps": null,
            "eps_growth_year": null,
            "eps_4q": null,
            "eps_4q_growth_year": null,
            "roe": null,
            "roe_4q": 0,
            "gross_profit": null,
            "gross_margin": null,
            "gross_margin_4q_avg": 0,
            "net_income": null,
            "net_income_4q": null,
            "revenue": null,
            "revenue_4q": null,
            "common_shares": null,
            "book_valuer_per_share": null,
            "book_valuer_per_share_4q_avg": 0,
            "equity": null,
            "current_ratio": null,
            "debt_ratio": null,
            "inventory_turnover_ratio": null,
            "account_receivable_turnover_ratio": null,
            "reinvestment_rate": null,
            "research_to_sale_ratio": null,
            "price_fair": 0,
            "eps_avg_yearly": 0,
            "eps_latest_yearly": 0,
            "eps_growth_yearly": 0
        },
        "20034": {
            "year_quarter": 20034,
            "year": 2003,
            "quarter": 4,
            "eps": null,
            "eps_growth_year": null,
            "eps_4q": null,
            "eps_4q_growth_year": null,
            "roe": null,
            "roe_4q": 0,
            "gross_profit": null,
            "gross_margin": null,
            "gross_margin_4q_avg": 0,
            "net_income": null,
            "net_income_4q": null,
            "revenue": null,
            "revenue_4q": null,
            "common_shares": null,
            "book_valuer_per_share": null,
            "book_valuer_per_share_4q_avg": 0,
            "equity": null,
            "current_ratio": null,
            "debt_ratio": null,
            "inventory_turnover_ratio": null,
            "account_receivable_turnover_ratio": null,
            "reinvestment_rate": null,
            "research_to_sale_ratio": null,
            "price_fair": 0,
            "eps_avg_yearly": 0,
            "eps_latest_yearly": 0,
            "eps_growth_yearly": 0
        },
        "20041": {
            "year_quarter": 20041,
            "year": 2004,
            "quarter": 1,
            "eps": null,
            "eps_growth_year": null,
            "eps_4q": null,
            "eps_4q_growth_year": null,
            "roe": null,
            "roe_4q": 0,
            "gross_profit": null,
            "gross_margin": null,
            "gross_margin_4q_avg": 0,
            "net_income": null,
            "net_income_4q": null,
            "revenue": null,
            "revenue_4q": null,
            "common_shares": null,
            "book_valuer_per_share": null,
            "book_valuer_per_share_4q_avg": 0,
            "equity": null,
            "current_ratio": null,
            "debt_ratio": null,
            "inventory_turnover_ratio": null,
            "account_receivable_turnover_ratio": null,
            "reinvestment_rate": null,
            "research_to_sale_ratio": null,
            "price_fair": 0,
            "eps_avg_yearly": 0,
            "eps_latest_yearly": 0,
            "eps_growth_yearly": 0
        },
        "20042": {
            "year_quarter": 20042,
            "year": 2004,
            "quarter": 2,
            "eps": null,
            "eps_growth_year": null,
            "eps_4q": null,
            "eps_4q_growth_year": null,
            "roe": null,
            "roe_4q": 0,
            "gross_profit": null,
            "gross_margin": null,
            "gross_margin_4q_avg": 0,
            "net_income": null,
            "net_income_4q": null,
            "revenue": null,
            "revenue_4q": null,
            "common_shares": null,
            "book_valuer_per_share": null,
            "book_valuer_per_share_4q_avg": 0,
            "equity": null,
            "current_ratio": null,
            "debt_ratio": null,
            "inventory_turnover_ratio": null,
            "account_receivable_turnover_ratio": null,
            "reinvestment_rate": null,
            "research_to_sale_ratio": null,
            "price_fair": 0,
            "eps_avg_yearly": 0,
            "eps_latest_yearly": 0,
            "eps_growth_yearly": 0
        },
        "20043": {
            "year_quarter": 20043,
            "year": 2004,
            "quarter": 3,
            "eps": null,
            "eps_growth_year": null,
            "eps_4q": null,
            "eps_4q_growth_year": null,
            "roe": null,
            "roe_4q": 0,
            "gross_profit": null,
            "gross_margin": null,
            "gross_margin_4q_avg": 0,
            "net_income": null,
            "net_income_4q": null,
            "revenue": null,
            "revenue_4q": null,
            "common_shares": null,
            "book_valuer_per_share": null,
            "book_valuer_per_share_4q_avg": 0,
            "equity": null,
            "current_ratio": null,
            "debt_ratio": null,
            "inventory_turnover_ratio": null,
            "account_receivable_turnover_ratio": null,
            "reinvestment_rate": null,
            "research_to_sale_ratio": null,
            "price_fair": 0,
            "eps_avg_yearly": 0,
            "eps_latest_yearly": 0,
            "eps_growth_yearly": 0
        },
        "20044": {
            "year_quarter": 20044,
            "year": 2004,
            "quarter": 4,
            "eps": null,
            "eps_growth_year": null,
            "eps_4q": null,
            "eps_4q_growth_year": null,
            "roe": null,
            "roe_4q": 0,
            "gross_profit": null,
            "gross_margin": null,
            "gross_margin_4q_avg": 0,
            "net_income": null,
            "net_income_4q": null,
            "revenue": null,
            "revenue_4q": null,
            "common_shares": null,
            "book_valuer_per_share": null,
            "book_valuer_per_share_4q_avg": 0,
            "equity": null,
            "current_ratio": null,
            "debt_ratio": null,
            "inventory_turnover_ratio": null,
            "account_receivable_turnover_ratio": null,
            "reinvestment_rate": null,
            "research_to_sale_ratio": null,
            "price_fair": 0,
            "eps_avg_yearly": 0,
            "eps_latest_yearly": 0,
            "eps_growth_yearly": 0
        },
        "20051": {
            "year_quarter": 20051,
            "year": 2005,
            "quarter": 1,
            "eps": null,
            "eps_growth_year": null,
            "eps_4q": null,
            "eps_4q_growth_year": null,
            "roe": null,
            "roe_4q": 0,
            "gross_profit": null,
            "gross_margin": null,
            "gross_margin_4q_avg": 0,
            "net_income": null,
            "net_income_4q": null,
            "revenue": null,
            "revenue_4q": null,
            "common_shares": null,
            "book_valuer_per_share": null,
            "book_valuer_per_share_4q_avg": 0,
            "equity": null,
            "current_ratio": null,
            "debt_ratio": null,
            "inventory_turnover_ratio": null,
            "account_receivable_turnover_ratio": null,
            "reinvestment_rate": null,
            "research_to_sale_ratio": null,
            "price_fair": 0,
            "eps_avg_yearly": 0,
            "eps_latest_yearly": 0,
            "eps_growth_yearly": 0
        },
        "20052": {
            "year_quarter": 20052,
            "year": 2005,
            "quarter": 2,
            "eps": null,
            "eps_growth_year": null,
            "eps_4q": null,
            "eps_4q_growth_year": null,
            "roe": null,
            "roe_4q": 0,
            "gross_profit": null,
            "gross_margin": null,
            "gross_margin_4q_avg": 0,
            "net_income": null,
            "net_income_4q": null,
            "revenue": null,
            "revenue_4q": null,
            "common_shares": null,
            "book_valuer_per_share": null,
            "book_valuer_per_share_4q_avg": 0,
            "equity": null,
            "current_ratio": null,
            "debt_ratio": null,
            "inventory_turnover_ratio": null,
            "account_receivable_turnover_ratio": null,
            "reinvestment_rate": null,
            "research_to_sale_ratio": null,
            "price_fair": 0,
            "eps_avg_yearly": 0,
            "eps_latest_yearly": 0,
            "eps_growth_yearly": 0
        },
        "20053": {
            "year_quarter": 20053,
            "year": 2005,
            "quarter": 3,
            "eps": null,
            "eps_growth_year": null,
            "eps_4q": null,
            "eps_4q_growth_year": null,
            "roe": null,
            "roe_4q": 0,
            "gross_profit": null,
            "gross_margin": null,
            "gross_margin_4q_avg": 0,
            "net_income": null,
            "net_income_4q": null,
            "revenue": null,
            "revenue_4q": null,
            "common_shares": null,
            "book_valuer_per_share": null,
            "book_valuer_per_share_4q_avg": 0,
            "equity": null,
            "current_ratio": null,
            "debt_ratio": null,
            "inventory_turnover_ratio": null,
            "account_receivable_turnover_ratio": null,
            "reinvestment_rate": null,
            "research_to_sale_ratio": null,
            "price_fair": 0,
            "eps_avg_yearly": 0,
            "eps_latest_yearly": 0,
            "eps_growth_yearly": 0
        },
        "20054": {
            "year_quarter": 20054,
            "year": 2005,
            "quarter": 4,
            "eps": null,
            "eps_growth_year": null,
            "eps_4q": null,
            "eps_4q_growth_year": null,
            "roe": null,
            "roe_4q": 0,
            "gross_profit": null,
            "gross_margin": null,
            "gross_margin_4q_avg": 0,
            "net_income": null,
            "net_income_4q": null,
            "revenue": null,
            "revenue_4q": null,
            "common_shares": null,
            "book_valuer_per_share": null,
            "book_valuer_per_share_4q_avg": 0,
            "equity": null,
            "current_ratio": null,
            "debt_ratio": null,
            "inventory_turnover_ratio": null,
            "account_receivable_turnover_ratio": null,
            "reinvestment_rate": null,
            "research_to_sale_ratio": null,
            "price_fair": 0,
            "eps_avg_yearly": 0,
            "eps_latest_yearly": 0,
            "eps_growth_yearly": 0
        },
        "20061": {
            "year_quarter": 20061,
            "year": 2006,
            "quarter": 1,
            "eps": null,
            "eps_growth_year": null,
            "eps_4q": null,
            "eps_4q_growth_year": null,
            "roe": null,
            "roe_4q": 0,
            "gross_profit": null,
            "gross_margin": null,
            "gross_margin_4q_avg": 0,
            "net_income": null,
            "net_income_4q": null,
            "revenue": null,
            "revenue_4q": null,
            "common_shares": null,
            "book_valuer_per_share": null,
            "book_valuer_per_share_4q_avg": 0,
            "equity": null,
            "current_ratio": null,
            "debt_ratio": null,
            "inventory_turnover_ratio": null,
            "account_receivable_turnover_ratio": null,
            "reinvestment_rate": null,
            "research_to_sale_ratio": null,
            "price_fair": 0,
            "eps_avg_yearly": 0,
            "eps_latest_yearly": 0,
            "eps_growth_yearly": 0
        },
        "20062": {
            "year_quarter": 20062,
            "year": 2006,
            "quarter": 2,
            "eps": null,
            "eps_growth_year": null,
            "eps_4q": null,
            "eps_4q_growth_year": null,
            "roe": null,
            "roe_4q": 0,
            "gross_profit": null,
            "gross_margin": null,
            "gross_margin_4q_avg": 0,
            "net_income": null,
            "net_income_4q": null,
            "revenue": null,
            "revenue_4q": null,
            "common_shares": null,
            "book_valuer_per_share": null,
            "book_valuer_per_share_4q_avg": 0,
            "equity": null,
            "current_ratio": null,
            "debt_ratio": null,
            "inventory_turnover_ratio": null,
            "account_receivable_turnover_ratio": null,
            "reinvestment_rate": null,
            "research_to_sale_ratio": null,
            "price_fair": 0,
            "eps_avg_yearly": 0,
            "eps_latest_yearly": 0,
            "eps_growth_yearly": 0
        },
        "20063": {
            "year_quarter": 20063,
            "year": 2006,
            "quarter": 3,
            "eps": null,
            "eps_growth_year": null,
            "eps_4q": null,
            "eps_4q_growth_year": null,
            "roe": null,
            "roe_4q": 0,
            "gross_profit": null,
            "gross_margin": null,
            "gross_margin_4q_avg": 0,
            "net_income": null,
            "net_income_4q": null,
            "revenue": null,
            "revenue_4q": null,
            "common_shares": null,
            "book_valuer_per_share": null,
            "book_valuer_per_share_4q_avg": 0,
            "equity": null,
            "current_ratio": null,
            "debt_ratio": null,
            "inventory_turnover_ratio": null,
            "account_receivable_turnover_ratio": null,
            "reinvestment_rate": null,
            "research_to_sale_ratio": null,
            "price_fair": 0,
            "eps_avg_yearly": 0,
            "eps_latest_yearly": 0,
            "eps_growth_yearly": 0
        },
        "20064": {
            "year_quarter": 20064,
            "year": 2006,
            "quarter": 4,
            "eps": null,
            "eps_growth_year": null,
            "eps_4q": null,
            "eps_4q_growth_year": null,
            "roe": null,
            "roe_4q": 0,
            "gross_profit": null,
            "gross_margin": null,
            "gross_margin_4q_avg": 0,
            "net_income": null,
            "net_income_4q": null,
            "revenue": null,
            "revenue_4q": null,
            "common_shares": null,
            "book_valuer_per_share": null,
            "book_valuer_per_share_4q_avg": 0,
            "equity": null,
            "current_ratio": null,
            "debt_ratio": null,
            "inventory_turnover_ratio": null,
            "account_receivable_turnover_ratio": null,
            "reinvestment_rate": null,
            "research_to_sale_ratio": null,
            "price_fair": 0,
            "eps_avg_yearly": 0,
            "eps_latest_yearly": 0,
            "eps_growth_yearly": 0
        },
        "20071": {
            "year_quarter": 20071,
            "year": 2007,
            "quarter": 1,
            "eps": null,
            "eps_growth_year": null,
            "eps_4q": null,
            "eps_4q_growth_year": null,
            "roe": null,
            "roe_4q": 0,
            "gross_profit": null,
            "gross_margin": null,
            "gross_margin_4q_avg": 0,
            "net_income": null,
            "net_income_4q": null,
            "revenue": null,
            "revenue_4q": null,
            "common_shares": null,
            "book_valuer_per_share": null,
            "book_valuer_per_share_4q_avg": 0,
            "equity": null,
            "current_ratio": null,
            "debt_ratio": null,
            "inventory_turnover_ratio": null,
            "account_receivable_turnover_ratio": null,
            "reinvestment_rate": null,
            "research_to_sale_ratio": null,
            "price_fair": 0,
            "eps_avg_yearly": 0,
            "eps_latest_yearly": 0,
            "eps_growth_yearly": 0
        },
        "20072": {
            "year_quarter": 20072,
            "year": 2007,
            "quarter": 2,
            "eps": null,
            "eps_growth_year": null,
            "eps_4q": null,
            "eps_4q_growth_year": null,
            "roe": null,
            "roe_4q": 0,
            "gross_profit": null,
            "gross_margin": null,
            "gross_margin_4q_avg": 0,
            "net_income": null,
            "net_income_4q": null,
            "revenue": null,
            "revenue_4q": null,
            "common_shares": null,
            "book_valuer_per_share": null,
            "book_valuer_per_share_4q_avg": 0,
            "equity": null,
            "current_ratio": null,
            "debt_ratio": null,
            "inventory_turnover_ratio": null,
            "account_receivable_turnover_ratio": null,
            "reinvestment_rate": null,
            "research_to_sale_ratio": null,
            "price_fair": 0,
            "eps_avg_yearly": 0,
            "eps_latest_yearly": 0,
            "eps_growth_yearly": 0
        },
        "20073": {
            "year_quarter": 20073,
            "year": 2007,
            "quarter": 3,
            "eps": null,
            "eps_growth_year": null,
            "eps_4q": null,
            "eps_4q_growth_year": null,
            "roe": null,
            "roe_4q": 0,
            "gross_profit": null,
            "gross_margin": null,
            "gross_margin_4q_avg": 0,
            "net_income": null,
            "net_income_4q": null,
            "revenue": null,
            "revenue_4q": null,
            "common_shares": null,
            "book_valuer_per_share": null,
            "book_valuer_per_share_4q_avg": 0,
            "equity": null,
            "current_ratio": null,
            "debt_ratio": null,
            "inventory_turnover_ratio": null,
            "account_receivable_turnover_ratio": null,
            "reinvestment_rate": null,
            "research_to_sale_ratio": null,
            "price_fair": 0,
            "eps_avg_yearly": 0,
            "eps_latest_yearly": 0,
            "eps_growth_yearly": 0
        },
        "20074": {
            "year_quarter": 20074,
            "year": 2007,
            "quarter": 4,
            "eps": null,
            "eps_growth_year": null,
            "eps_4q": null,
            "eps_4q_growth_year": null,
            "roe": null,
            "roe_4q": 0,
            "gross_profit": null,
            "gross_margin": null,
            "gross_margin_4q_avg": 0,
            "net_income": null,
            "net_income_4q": null,
            "revenue": null,
            "revenue_4q": null,
            "common_shares": null,
            "book_valuer_per_share": null,
            "book_valuer_per_share_4q_avg": 0,
            "equity": null,
            "current_ratio": null,
            "debt_ratio": null,
            "inventory_turnover_ratio": null,
            "account_receivable_turnover_ratio": null,
            "reinvestment_rate": null,
            "research_to_sale_ratio": null,
            "price_fair": 0,
            "eps_avg_yearly": 0,
            "eps_latest_yearly": 0,
            "eps_growth_yearly": 0
        },
        "20081": {
            "year_quarter": 20081,
            "year": 2008,
            "quarter": 1,
            "eps": null,
            "eps_growth_year": null,
            "eps_4q": null,
            "eps_4q_growth_year": null,
            "roe": null,
            "roe_4q": 0,
            "gross_profit": null,
            "gross_margin": null,
            "gross_margin_4q_avg": 0,
            "net_income": null,
            "net_income_4q": null,
            "revenue": null,
            "revenue_4q": null,
            "common_shares": null,
            "book_valuer_per_share": null,
            "book_valuer_per_share_4q_avg": 0,
            "equity": null,
            "current_ratio": null,
            "debt_ratio": null,
            "inventory_turnover_ratio": null,
            "account_receivable_turnover_ratio": null,
            "reinvestment_rate": null,
            "research_to_sale_ratio": null,
            "price_fair": 0,
            "eps_avg_yearly": 0,
            "eps_latest_yearly": 0,
            "eps_growth_yearly": 0
        },
        "20082": {
            "year_quarter": 20082,
            "year": 2008,
            "quarter": 2,
            "eps": null,
            "eps_growth_year": null,
            "eps_4q": null,
            "eps_4q_growth_year": null,
            "roe": null,
            "roe_4q": 0,
            "gross_profit": null,
            "gross_margin": null,
            "gross_margin_4q_avg": 0,
            "net_income": null,
            "net_income_4q": null,
            "revenue": null,
            "revenue_4q": null,
            "common_shares": null,
            "book_valuer_per_share": null,
            "book_valuer_per_share_4q_avg": 0,
            "equity": null,
            "current_ratio": null,
            "debt_ratio": null,
            "inventory_turnover_ratio": null,
            "account_receivable_turnover_ratio": null,
            "reinvestment_rate": null,
            "research_to_sale_ratio": null,
            "price_fair": 0,
            "eps_avg_yearly": 0,
            "eps_latest_yearly": 0,
            "eps_growth_yearly": 0
        },
        "20083": {
            "year_quarter": 20083,
            "year": 2008,
            "quarter": 3,
            "eps": null,
            "eps_growth_year": null,
            "eps_4q": null,
            "eps_4q_growth_year": null,
            "roe": null,
            "roe_4q": 0,
            "gross_profit": null,
            "gross_margin": null,
            "gross_margin_4q_avg": 0,
            "net_income": null,
            "net_income_4q": null,
            "revenue": null,
            "revenue_4q": null,
            "common_shares": null,
            "book_valuer_per_share": null,
            "book_valuer_per_share_4q_avg": 0,
            "equity": null,
            "current_ratio": null,
            "debt_ratio": null,
            "inventory_turnover_ratio": null,
            "account_receivable_turnover_ratio": null,
            "reinvestment_rate": null,
            "research_to_sale_ratio": null,
            "price_fair": 0,
            "eps_avg_yearly": 0,
            "eps_latest_yearly": 0,
            "eps_growth_yearly": 0
        },
        "20084": {
            "year_quarter": 20084,
            "year": 2008,
            "quarter": 4,
            "eps": null,
            "eps_growth_year": null,
            "eps_4q": null,
            "eps_4q_growth_year": null,
            "roe": null,
            "roe_4q": 0,
            "gross_profit": null,
            "gross_margin": null,
            "gross_margin_4q_avg": 0,
            "net_income": null,
            "net_income_4q": null,
            "revenue": null,
            "revenue_4q": null,
            "common_shares": 2604595,
            "book_valuer_per_share": null,
            "book_valuer_per_share_4q_avg": 0,
            "equity": 1205544,
            "current_ratio": null,
            "debt_ratio": null,
            "inventory_turnover_ratio": null,
            "account_receivable_turnover_ratio": null,
            "reinvestment_rate": null,
            "research_to_sale_ratio": null,
            "price_fair": 0,
            "eps_avg_yearly": 0,
            "eps_latest_yearly": 0,
            "eps_growth_yearly": 0
        },
        "20091": {
            "year_quarter": 20091,
            "year": 2009,
            "quarter": 1,
            "eps": null,
            "eps_growth_year": null,
            "eps_4q": null,
            "eps_4q_growth_year": null,
            "roe": null,
            "roe_4q": 0,
            "gross_profit": 461064,
            "gross_margin": null,
            "gross_margin_4q_avg": 0,
            "net_income": 88772,
            "net_income_4q": null,
            "revenue": 88772,
            "revenue_4q": null,
            "common_shares": 2604595,
            "book_valuer_per_share": null,
            "book_valuer_per_share_4q_avg": 0,
            "equity": 1304270,
            "current_ratio": null,
            "debt_ratio": null,
            "inventory_turnover_ratio": null,
            "account_receivable_turnover_ratio": null,
            "reinvestment_rate": null,
            "research_to_sale_ratio": null,
            "price_fair": 0,
            "eps_avg_yearly": 0,
            "eps_latest_yearly": 0,
            "eps_growth_yearly": 0
        },
        "20092": {
            "year_quarter": 20092,
            "year": 2009,
            "quarter": 2,
            "eps": null,
            "eps_growth_year": null,
            "eps_4q": null,
            "eps_4q_growth_year": null,
            "roe": null,
            "roe_4q": 0,
            "gross_profit": 246496,
            "gross_margin": null,
            "gross_margin_4q_avg": 0,
            "net_income": -184709,
            "net_income_4q": null,
            "revenue": -184709,
            "revenue_4q": null,
            "common_shares": 2604595,
            "book_valuer_per_share": null,
            "book_valuer_per_share_4q_avg": 0,
            "equity": 1632179,
            "current_ratio": null,
            "debt_ratio": null,
            "inventory_turnover_ratio": null,
            "account_receivable_turnover_ratio": null,
            "reinvestment_rate": null,
            "research_to_sale_ratio": null,
            "price_fair": 0,
            "eps_avg_yearly": 0,
            "eps_latest_yearly": 0,
            "eps_growth_yearly": 0
        },
        "20093": {
            "year_quarter": 20093,
            "year": 2009,
            "quarter": 3,
            "eps": null,
            "eps_growth_year": null,
            "eps_4q": null,
            "eps_4q_growth_year": null,
            "roe": null,
            "roe_4q": 0,
            "gross_profit": 317170,
            "gross_margin": null,
            "gross_margin_4q_avg": 0,
            "net_income": -76811,
            "net_income_4q": null,
            "revenue": -76811,
            "revenue_4q": null,
            "common_shares": 2200000,
            "book_valuer_per_share": null,
            "book_valuer_per_share_4q_avg": 0,
            "equity": 1559804,
            "current_ratio": null,
            "debt_ratio": null,
            "inventory_turnover_ratio": null,
            "account_receivable_turnover_ratio": null,
            "reinvestment_rate": null,
            "research_to_sale_ratio": null,
            "price_fair": 0,
            "eps_avg_yearly": 0,
            "eps_latest_yearly": 0,
            "eps_growth_yearly": 0
        },
        "20094": {
            "year_quarter": 20094,
            "year": 2009,
            "quarter": 4,
            "eps": null,
            "eps_growth_year": null,
            "eps_4q": null,
            "eps_4q_growth_year": null,
            "roe": null,
            "roe_4q": 0,
            "gross_profit": 372579,
            "gross_margin": null,
            "gross_margin_4q_avg": 0,
            "net_income": 24450,
            "net_income_4q": null,
            "revenue": 24450,
            "revenue_4q": null,
            "common_shares": 2200000,
            "book_valuer_per_share": 7.28,
            "book_valuer_per_share_4q_avg": 1.82,
            "equity": 1601336,
            "current_ratio": 954.78,
            "debt_ratio": 87.9,
            "inventory_turnover_ratio": null,
            "account_receivable_turnover_ratio": null,
            "reinvestment_rate": null,
            "research_to_sale_ratio": null,
            "price_fair": 0,
            "eps_avg_yearly": 0,
            "eps_latest_yearly": 0,
            "eps_growth_yearly": 0
        },
        "20101": {
            "year_quarter": 20101,
            "year": 2010,
            "quarter": 1,
            "eps": 0.07,
            "eps_growth_year": null,
            "eps_4q": 0.06,
            "eps_4q_growth_year": null,
            "roe": 0.79,
            "roe_4q": 0.79,
            "gross_profit": 353332,
            "gross_margin": 2164.76,
            "gross_margin_4q_avg": 541.19,
            "net_income": 16322,
            "net_income_4q": null,
            "revenue": 16322,
            "revenue_4q": null,
            "common_shares": 2600000,
            "book_valuer_per_share": 9.72,
            "book_valuer_per_share_4q_avg": 4.25,
            "equity": 2526485,
            "current_ratio": 972.25,
            "debt_ratio": 81.73,
            "inventory_turnover_ratio": null,
            "account_receivable_turnover_ratio": 0.05,
            "reinvestment_rate": null,
            "research_to_sale_ratio": null,
            "price_fair": 0,
            "eps_avg_yearly": 0,
            "eps_latest_yearly": 0,
            "eps_growth_yearly": 0
        },
        "20102": {
            "year_quarter": 20102,
            "year": 2010,
            "quarter": 2,
            "eps": -0.2,
            "eps_growth_year": null,
            "eps_4q": -0.14,
            "eps_4q_growth_year": null,
            "roe": -2.11,
            "roe_4q": -1.3199999999999998,
            "gross_profit": 313113,
            "gross_margin": -594.41,
            "gross_margin_4q_avg": 392.59,
            "net_income": -52676,
            "net_income_4q": null,
            "revenue": -52676,
            "revenue_4q": null,
            "common_shares": 2600000,
            "book_valuer_per_share": 9.51,
            "book_valuer_per_share_4q_avg": 6.63,
            "equity": 2472000,
            "current_ratio": 1018.02,
            "debt_ratio": 81.97,
            "inventory_turnover_ratio": null,
            "account_receivable_turnover_ratio": -0.17,
            "reinvestment_rate": null,
            "research_to_sale_ratio": null,
            "price_fair": 0,
            "eps_avg_yearly": 0,
            "eps_latest_yearly": 0,
            "eps_growth_yearly": 0
        },
        "20103": {
            "year_quarter": 20103,
            "year": 2010,
            "quarter": 3,
            "eps": -0.56,
            "eps_growth_year": null,
            "eps_4q": -0.7,
            "eps_4q_growth_year": null,
            "roe": -6.05,
            "roe_4q": -7.37,
            "gross_profit": 198968,
            "gross_margin": -137.02,
            "gross_margin_4q_avg": 358.33,
            "net_income": -145211,
            "net_income_4q": null,
            "revenue": -145211,
            "revenue_4q": null,
            "common_shares": 2600000,
            "book_valuer_per_share": 8.94,
            "book_valuer_per_share_4q_avg": 8.86,
            "equity": 2325128,
            "current_ratio": 893.28,
            "debt_ratio": 83.4,
            "inventory_turnover_ratio": null,
            "account_receivable_turnover_ratio": -0.5,
            "reinvestment_rate": null,
            "research_to_sale_ratio": null,
            "price_fair": 0,
            "eps_avg_yearly": 0,
            "eps_latest_yearly": 0,
            "eps_growth_yearly": 0
        },
        "20104": {
            "year_quarter": 20104,
            "year": 2010,
            "quarter": 4,
            "eps": -1.55,
            "eps_growth_year": null,
            "eps_4q": -2.25,
            "eps_4q_growth_year": null,
            "roe": -18.97,
            "roe_4q": -26.34,
            "gross_profit": -69081,
            "gross_margin": 17.17,
            "gross_margin_4q_avg": 362.63,
            "net_income": -402420,
            "net_income_4q": null,
            "revenue": -402420,
            "revenue_4q": null,
            "common_shares": 2600000,
            "book_valuer_per_share": 7.37,
            "book_valuer_per_share_4q_avg": 8.89,
            "equity": 1917026,
            "current_ratio": 967.05,
            "debt_ratio": 86.09,
            "inventory_turnover_ratio": null,
            "account_receivable_turnover_ratio": -1.68,
            "reinvestment_rate": null,
            "research_to_sale_ratio": null,
            "price_fair": 0,
            "eps_avg_yearly": 0,
            "eps_latest_yearly": 0,
            "eps_growth_yearly": 0
        },
        "20111": {
            "year_quarter": 20111,
            "year": 2011,
            "quarter": 1,
            "eps": 0.65,
            "eps_growth_year": 828.57,
            "eps_4q": -1.66,
            "eps_4q_growth_year": -2741.06,
            "roe": 8.46,
            "roe_4q": -18.669999999999998,
            "gross_profit": null,
            "gross_margin": null,
            "gross_margin_4q_avg": -178.57,
            "net_income": 169232,
            "net_income_4q": null,
            "revenue": 169232,
            "revenue_4q": null,
            "common_shares": 2600000,
            "book_valuer_per_share": 8.01,
            "book_valuer_per_share_4q_avg": 8.46,
            "equity": 2081611,
            "current_ratio": null,
            "debt_ratio": 86.88,
            "inventory_turnover_ratio": null,
            "account_receivable_turnover_ratio": 0.69,
            "reinvestment_rate": null,
            "research_to_sale_ratio": null,
            "price_fair": 0,
            "eps_avg_yearly": 0,
            "eps_latest_yearly": 0,
            "eps_growth_yearly": 0
        },
        "20112": {
            "year_quarter": 20112,
            "year": 2011,
            "quarter": 2,
            "eps": 0.12,
            "eps_growth_year": null,
            "eps_4q": -1.34,
            "eps_4q_growth_year": null,
            "roe": 1.48,
            "roe_4q": -15.079999999999998,
            "gross_profit": null,
            "gross_margin": null,
            "gross_margin_4q_avg": -29.96,
            "net_income": 31019,
            "net_income_4q": null,
            "revenue": 31019,
            "revenue_4q": null,
            "common_shares": 2600000,
            "book_valuer_per_share": 8.08,
            "book_valuer_per_share_4q_avg": 8.1,
            "equity": 2101846,
            "current_ratio": null,
            "debt_ratio": 86.57,
            "inventory_turnover_ratio": null,
            "account_receivable_turnover_ratio": 0.14,
            "reinvestment_rate": null,
            "research_to_sale_ratio": null,
            "price_fair": 1.44,
            "eps_avg_yearly": 0.48,
            "eps_latest_yearly": 0.48,
            "eps_growth_yearly": -326.15
        },
        "20113": {
            "year_quarter": 20113,
            "year": 2011,
            "quarter": 3,
            "eps": -0.47,
            "eps_growth_year": null,
            "eps_4q": -1.25,
            "eps_4q_growth_year": null,
            "roe": -6.11,
            "roe_4q": -15.139999999999999,
            "gross_profit": null,
            "gross_margin": null,
            "gross_margin_4q_avg": 4.29,
            "net_income": -121718,
            "net_income_4q": null,
            "revenue": -121718,
            "revenue_4q": null,
            "common_shares": 2600000,
            "book_valuer_per_share": 7.25,
            "book_valuer_per_share_4q_avg": 7.68,
            "equity": 1884914,
            "current_ratio": null,
            "debt_ratio": 87.55,
            "inventory_turnover_ratio": null,
            "account_receivable_turnover_ratio": -0.7,
            "reinvestment_rate": null,
            "research_to_sale_ratio": null,
            "price_fair": 1.44,
            "eps_avg_yearly": 0.48,
            "eps_latest_yearly": 0.48,
            "eps_growth_yearly": -326.15
        },
        "20114": {
            "year_quarter": 20114,
            "year": 2011,
            "quarter": 4,
            "eps": 0.1,
            "eps_growth_year": null,
            "eps_4q": 0.4,
            "eps_4q_growth_year": null,
            "roe": 1.4,
            "roe_4q": 5.23,
            "gross_profit": null,
            "gross_margin": null,
            "gross_margin_4q_avg": 0,
            "net_income": 26619,
            "net_income_4q": null,
            "revenue": 26619,
            "revenue_4q": null,
            "common_shares": 2600000,
            "book_valuer_per_share": 7.33,
            "book_valuer_per_share_4q_avg": 7.67,
            "equity": 1905512,
            "current_ratio": null,
            "debt_ratio": 86.39,
            "inventory_turnover_ratio": null,
            "account_receivable_turnover_ratio": 0.13,
            "reinvestment_rate": null,
            "research_to_sale_ratio": null,
            "price_fair": 1.44,
            "eps_avg_yearly": 0.48,
            "eps_latest_yearly": 0.48,
            "eps_growth_yearly": -326.15
        },
        "20121": {
            "year_quarter": 20121,
            "year": 2012,
            "quarter": 1,
            "eps": 0.34,
            "eps_growth_year": -47.69,
            "eps_4q": 0.09,
            "eps_4q_growth_year": null,
            "roe": 4.47,
            "roe_4q": 1.2399999999999989,
            "gross_profit": null,
            "gross_margin": null,
            "gross_margin_4q_avg": 0,
            "net_income": 87912,
            "net_income_4q": null,
            "revenue": 87912,
            "revenue_4q": null,
            "common_shares": 2600000,
            "book_valuer_per_share": 7.79,
            "book_valuer_per_share_4q_avg": 7.61,
            "equity": 2024448,
            "current_ratio": null,
            "debt_ratio": 86.41,
            "inventory_turnover_ratio": null,
            "account_receivable_turnover_ratio": 0.4,
            "reinvestment_rate": null,
            "research_to_sale_ratio": null,
            "price_fair": 32.2,
            "eps_avg_yearly": 0.92,
            "eps_latest_yearly": 1.36,
            "eps_growth_yearly": 316.92
        },
        "20122": {
            "year_quarter": 20122,
            "year": 2012,
            "quarter": 2,
            "eps": 0.15,
            "eps_growth_year": 22.13,
            "eps_4q": 0.12,
            "eps_4q_growth_year": null,
            "roe": 1.87,
            "roe_4q": 1.63,
            "gross_profit": null,
            "gross_margin": null,
            "gross_margin_4q_avg": 0,
            "net_income": 37883,
            "net_income_4q": null,
            "revenue": 37883,
            "revenue_4q": null,
            "common_shares": 2600000,
            "book_valuer_per_share": 7.77,
            "book_valuer_per_share_4q_avg": 7.54,
            "equity": 2021089,
            "current_ratio": null,
            "debt_ratio": 86.15,
            "inventory_turnover_ratio": null,
            "account_receivable_turnover_ratio": 0.14,
            "reinvestment_rate": null,
            "research_to_sale_ratio": null,
            "price_fair": 28.47,
            "eps_avg_yearly": 0.81,
            "eps_latest_yearly": 0.6,
            "eps_growth_yearly": 136.77
        },
        "20123": {
            "year_quarter": 20123,
            "year": 2012,
            "quarter": 3,
            "eps": 0.4,
            "eps_growth_year": null,
            "eps_4q": 1.16,
            "eps_4q_growth_year": null,
            "roe": 3.84,
            "roe_4q": 11.58,
            "gross_profit": null,
            "gross_margin": null,
            "gross_margin_4q_avg": 0,
            "net_income": 79252,
            "net_income_4q": null,
            "revenue": 79252,
            "revenue_4q": null,
            "common_shares": 2000000,
            "book_valuer_per_share": 10.56,
            "book_valuer_per_share_4q_avg": 8.36,
            "equity": 2111576,
            "current_ratio": null,
            "debt_ratio": 84.9,
            "inventory_turnover_ratio": null,
            "account_receivable_turnover_ratio": 0.25,
            "reinvestment_rate": null,
            "research_to_sale_ratio": null,
            "price_fair": 35.35,
            "eps_avg_yearly": 1.01,
            "eps_latest_yearly": 1.6,
            "eps_growth_yearly": 269.25
        },
        "20124": {
            "year_quarter": 20124,
            "year": 2012,
            "quarter": 4,
            "eps": 0.27,
            "eps_growth_year": 161.02,
            "eps_4q": 1.29,
            "eps_4q_growth_year": 219.58,
            "roe": 2.5,
            "roe_4q": 12.68,
            "gross_profit": null,
            "gross_margin": null,
            "gross_margin_4q_avg": 0,
            "net_income": 53447,
            "net_income_4q": null,
            "revenue": 53447,
            "revenue_4q": null,
            "common_shares": 2000000,
            "book_valuer_per_share": 10.8,
            "book_valuer_per_share_4q_avg": 9.23,
            "equity": 2159217,
            "current_ratio": null,
            "debt_ratio": 83.77,
            "inventory_turnover_ratio": null,
            "account_receivable_turnover_ratio": 0.19,
            "reinvestment_rate": null,
            "research_to_sale_ratio": null,
            "price_fair": 35.84,
            "eps_avg_yearly": 1.02,
            "eps_latest_yearly": 1.08,
            "eps_growth_yearly": 189.4
        },
        "20131": {
            "year_quarter": 20131,
            "year": 2013,
            "quarter": 1,
            "eps": 0.65,
            "eps_growth_year": 91.18,
            "eps_4q": 1.5,
            "eps_4q_growth_year": 1541.63,
            "roe": 5.78,
            "roe_4q": 13.990000000000002,
            "gross_profit": null,
            "gross_margin": null,
            "gross_margin_4q_avg": 0,
            "net_income": 130368,
            "net_income_4q": null,
            "revenue": 1183038,
            "revenue_4q": null,
            "common_shares": 2000000,
            "book_valuer_per_share": 11.74,
            "book_valuer_per_share_4q_avg": 10.22,
            "equity": 2348431,
            "current_ratio": null,
            "debt_ratio": 83.47,
            "inventory_turnover_ratio": null,
            "account_receivable_turnover_ratio": 9.08,
            "reinvestment_rate": null,
            "research_to_sale_ratio": null,
            "price_fair": 45.03,
            "eps_avg_yearly": 1.29,
            "eps_latest_yearly": 2.6,
            "eps_growth_yearly": 251.66
        },
        "20132": {
            "year_quarter": 20132,
            "year": 2013,
            "quarter": 2,
            "eps": 0.5,
            "eps_growth_year": 243.16,
            "eps_4q": 1.82,
            "eps_4q_growth_year": 1438.23,
            "roe": 4.03,
            "roe_4q": 16.15,
            "gross_profit": null,
            "gross_margin": null,
            "gross_margin_4q_avg": 0,
            "net_income": 100145,
            "net_income_4q": null,
            "revenue": 1170573,
            "revenue_4q": null,
            "common_shares": 2000000,
            "book_valuer_per_share": 13.08,
            "book_valuer_per_share_4q_avg": 11.55,
            "equity": 2616205,
            "current_ratio": null,
            "debt_ratio": 81.58,
            "inventory_turnover_ratio": null,
            "account_receivable_turnover_ratio": null,
            "reinvestment_rate": null,
            "research_to_sale_ratio": null,
            "price_fair": 48.6,
            "eps_avg_yearly": 1.39,
            "eps_latest_yearly": 2,
            "eps_growth_yearly": 202.52
        },
        "20133": {
            "year_quarter": 20133,
            "year": 2013,
            "quarter": 3,
            "eps": 1.18,
            "eps_growth_year": 197.78,
            "eps_4q": 2.6,
            "eps_4q_growth_year": 124.59,
            "roe": 8.43,
            "roe_4q": 20.740000000000002,
            "gross_profit": null,
            "gross_margin": null,
            "gross_margin_4q_avg": 0,
            "net_income": 236339,
            "net_income_4q": null,
            "revenue": 1277335,
            "revenue_4q": null,
            "common_shares": 2000000,
            "book_valuer_per_share": 14.96,
            "book_valuer_per_share_4q_avg": 12.65,
            "equity": 2991016,
            "current_ratio": null,
            "debt_ratio": 78.89,
            "inventory_turnover_ratio": null,
            "account_receivable_turnover_ratio": null,
            "reinvestment_rate": 52.9,
            "research_to_sale_ratio": null,
            "price_fair": 63.18,
            "eps_avg_yearly": 1.81,
            "eps_latest_yearly": 4.72,
            "eps_growth_yearly": 245.2
        },
        "20134": {
            "year_quarter": 20134,
            "year": 2013,
            "quarter": 4,
            "eps": 0.25,
            "eps_growth_year": -4.64,
            "eps_4q": 2.59,
            "eps_4q_growth_year": 100.32,
            "roe": 1.68,
            "roe_4q": 19.92,
            "gross_profit": null,
            "gross_margin": null,
            "gross_margin_4q_avg": 0,
            "net_income": 50965,
            "net_income_4q": null,
            "revenue": 1328550,
            "revenue_4q": null,
            "common_shares": 2000000,
            "book_valuer_per_share": 15.44,
            "book_valuer_per_share_4q_avg": 13.81,
            "equity": 3087427,
            "current_ratio": null,
            "debt_ratio": 78.23,
            "inventory_turnover_ratio": null,
            "account_receivable_turnover_ratio": null,
            "reinvestment_rate": 45.4,
            "research_to_sale_ratio": null,
            "price_fair": 60.04,
            "eps_avg_yearly": 1.72,
            "eps_latest_yearly": 1,
            "eps_growth_yearly": 182.93
        },
        "20141": {
            "year_quarter": 20141,
            "year": 2014,
            "quarter": 1,
            "eps": 0.96,
            "eps_growth_year": 47.69,
            "eps_4q": 2.9,
            "eps_4q_growth_year": 92.83,
            "roe": 6.09,
            "roe_4q": 20.23,
            "gross_profit": null,
            "gross_margin": null,
            "gross_margin_4q_avg": 0,
            "net_income": 192883,
            "net_income_4q": null,
            "revenue": 1365685,
            "revenue_4q": null,
            "common_shares": 2000000,
            "book_valuer_per_share": 16.22,
            "book_valuer_per_share_4q_avg": 14.93,
            "equity": 3244400,
            "current_ratio": null,
            "debt_ratio": 77.72,
            "inventory_turnover_ratio": null,
            "account_receivable_turnover_ratio": null,
            "reinvestment_rate": 28.15,
            "research_to_sale_ratio": null,
            "price_fair": 67.48,
            "eps_avg_yearly": 1.93,
            "eps_latest_yearly": 3.84,
            "eps_growth_yearly": 278.24
        },
        "20142": {
            "year_quarter": 20142,
            "year": 2014,
            "quarter": 2,
            "eps": 1.14,
            "eps_growth_year": 128,
            "eps_4q": 3.33,
            "eps_4q_growth_year": 83.2,
            "roe": 6.79,
            "roe_4q": 22.99,
            "gross_profit": null,
            "gross_margin": null,
            "gross_margin_4q_avg": 0,
            "net_income": 228317,
            "net_income_4q": null,
            "revenue": 1494257,
            "revenue_4q": null,
            "common_shares": 2000000,
            "book_valuer_per_share": 17.41,
            "book_valuer_per_share_4q_avg": 16.01,
            "equity": 3482403,
            "current_ratio": null,
            "debt_ratio": 76.03,
            "inventory_turnover_ratio": null,
            "account_receivable_turnover_ratio": null,
            "reinvestment_rate": 16.71,
            "research_to_sale_ratio": null,
            "price_fair": 75.85,
            "eps_avg_yearly": 2.17,
            "eps_latest_yearly": 4.56,
            "eps_growth_yearly": 259.76
        },
        "20143": {
            "year_quarter": 20143,
            "year": 2014,
            "quarter": 3,
            "eps": 0.7,
            "eps_growth_year": -40.68,
            "eps_4q": 2.92,
            "eps_4q_growth_year": 12.3,
            "roe": 4.33,
            "roe_4q": 18.89,
            "gross_profit": null,
            "gross_margin": null,
            "gross_margin_4q_avg": 0,
            "net_income": 149985,
            "net_income_4q": null,
            "revenue": 1549335,
            "revenue_4q": null,
            "common_shares": 2129600,
            "book_valuer_per_share": 16.15,
            "book_valuer_per_share_4q_avg": 16.31,
            "equity": 3439618,
            "current_ratio": null,
            "debt_ratio": 75.92,
            "inventory_turnover_ratio": null,
            "account_receivable_turnover_ratio": null,
            "reinvestment_rate": 12.39,
            "research_to_sale_ratio": null,
            "price_fair": 77.7,
            "eps_avg_yearly": 2.22,
            "eps_latest_yearly": 2.8,
            "eps_growth_yearly": 225.25
        },
        "20144": {
            "year_quarter": 20144,
            "year": 2014,
            "quarter": 4,
            "eps": 0.06,
            "eps_growth_year": -75.22,
            "eps_4q": 2.75,
            "eps_4q_growth_year": 6.03,
            "roe": 0.39,
            "roe_4q": 17.6,
            "gross_profit": null,
            "gross_margin": null,
            "gross_margin_4q_avg": 0,
            "net_income": 13450,
            "net_income_4q": null,
            "revenue": 1361525,
            "revenue_4q": null,
            "common_shares": 2129600,
            "book_valuer_per_share": 16.44,
            "book_valuer_per_share_4q_avg": 16.56,
            "equity": 3500266,
            "current_ratio": null,
            "debt_ratio": 74.68,
            "inventory_turnover_ratio": null,
            "account_receivable_turnover_ratio": null,
            "reinvestment_rate": 9.33,
            "research_to_sale_ratio": null,
            "price_fair": 72.37,
            "eps_avg_yearly": 2.07,
            "eps_latest_yearly": 0.24,
            "eps_growth_yearly": 179.79
        },
        "20151": {
            "year_quarter": 20151,
            "year": 2015,
            "quarter": 1,
            "eps": 1.14,
            "eps_growth_year": 18.75,
            "eps_4q": 2.98,
            "eps_4q_growth_year": 2.64,
            "roe": 6.69,
            "roe_4q": 18.2,
            "gross_profit": null,
            "gross_margin": null,
            "gross_margin_4q_avg": 0,
            "net_income": 242518,
            "net_income_4q": null,
            "revenue": 1494588,
            "revenue_4q": null,
            "common_shares": 2129600,
            "book_valuer_per_share": 17.61,
            "book_valuer_per_share_4q_avg": 16.9,
            "equity": 3749868,
            "current_ratio": null,
            "debt_ratio": 74.51,
            "inventory_turnover_ratio": null,
            "account_receivable_turnover_ratio": null,
            "reinvestment_rate": 11.92,
            "research_to_sale_ratio": null,
            "price_fair": 78.6,
            "eps_avg_yearly": 2.25,
            "eps_latest_yearly": 4.56,
            "eps_growth_yearly": 681.23
        },
        "20152": {
            "year_quarter": 20152,
            "year": 2015,
            "quarter": 2,
            "eps": 0.35,
            "eps_growth_year": -69.3,
            "eps_4q": 2.26,
            "eps_4q_growth_year": -32.03,
            "roe": 2.05,
            "roe_4q": 13.46,
            "gross_profit": null,
            "gross_margin": null,
            "gross_margin_4q_avg": 0,
            "net_income": 75513,
            "net_income_4q": null,
            "revenue": 1483824,
            "revenue_4q": null,
            "common_shares": 2129600,
            "book_valuer_per_share": 16.8,
            "book_valuer_per_share_4q_avg": 16.75,
            "equity": 3609240,
            "current_ratio": null,
            "debt_ratio": 76.08,
            "inventory_turnover_ratio": null,
            "account_receivable_turnover_ratio": null,
            "reinvestment_rate": 12.21,
            "research_to_sale_ratio": null,
            "price_fair": 80.9,
            "eps_avg_yearly": 2.31,
            "eps_latest_yearly": 1.4,
            "eps_growth_yearly": 684.73
        },
        "20153": {
            "year_quarter": 20153,
            "year": 2015,
            "quarter": 3,
            "eps": -0.44,
            "eps_growth_year": -162.86,
            "eps_4q": 1.11,
            "eps_4q_growth_year": -61.9,
            "roe": -2.68,
            "roe_4q": 6.45,
            "gross_profit": null,
            "gross_margin": null,
            "gross_margin_4q_avg": 0,
            "net_income": -95435,
            "net_income_4q": null,
            "revenue": 1392690,
            "revenue_4q": null,
            "common_shares": 2129600,
            "book_valuer_per_share": 16.3,
            "book_valuer_per_share_4q_avg": 16.79,
            "equity": 3501118,
            "current_ratio": null,
            "debt_ratio": 75.7,
            "inventory_turnover_ratio": null,
            "account_receivable_turnover_ratio": null,
            "reinvestment_rate": 9.08,
            "research_to_sale_ratio": null,
            "price_fair": 80.9,
            "eps_avg_yearly": 2.31,
            "eps_latest_yearly": 1.4,
            "eps_growth_yearly": 684.73
        },
        "20154": {
            "year_quarter": 20154,
            "year": 2015,
            "quarter": 4,
            "eps": 0.18,
            "eps_growth_year": 183.98,
            "eps_4q": 1.23,
            "eps_4q_growth_year": -55.22,
            "roe": 1.08,
            "roe_4q": 7.140000000000001,
            "gross_profit": null,
            "gross_margin": null,
            "gross_margin_4q_avg": 0,
            "net_income": 37846,
            "net_income_4q": null,
            "revenue": 1496800,
            "revenue_4q": null,
            "common_shares": 2129600,
            "book_valuer_per_share": 16.41,
            "book_valuer_per_share_4q_avg": 16.78,
            "equity": 3523180,
            "current_ratio": null,
            "debt_ratio": 75.65,
            "inventory_turnover_ratio": null,
            "account_receivable_turnover_ratio": null,
            "reinvestment_rate": 8.7,
            "research_to_sale_ratio": null,
            "price_fair": 80.9,
            "eps_avg_yearly": 2.31,
            "eps_latest_yearly": 1.4,
            "eps_growth_yearly": 684.73
        },
        "20161": {
            "year_quarter": 20161,
            "year": 2016,
            "quarter": 1,
            "eps": 0.26,
            "eps_growth_year": -77.19,
            "eps_4q": 0.35,
            "eps_4q_growth_year": -88.27,
            "roe": 1.53,
            "roe_4q": 1.98,
            "gross_profit": null,
            "gross_margin": null,
            "gross_margin_4q_avg": 0,
            "net_income": 54252,
            "net_income_4q": null,
            "revenue": 1507637,
            "revenue_4q": null,
            "common_shares": 2129600,
            "book_valuer_per_share": 16.66,
            "book_valuer_per_share_4q_avg": 16.54,
            "equity": 3577745,
            "current_ratio": null,
            "debt_ratio": 76.48,
            "inventory_turnover_ratio": null,
            "account_receivable_turnover_ratio": null,
            "reinvestment_rate": 8.82,
            "research_to_sale_ratio": null,
            "price_fair": 80.1,
            "eps_avg_yearly": 2.29,
            "eps_latest_yearly": 1.04,
            "eps_growth_yearly": 628.86
        },
        "20162": {
            "year_quarter": 20162,
            "year": 2016,
            "quarter": 2,
            "eps": 0.03,
            "eps_growth_year": -91.43,
            "eps_4q": 0.03,
            "eps_4q_growth_year": -98.82,
            "roe": 0.15,
            "roe_4q": 0.07999999999999963,
            "gross_profit": null,
            "gross_margin": null,
            "gross_margin_4q_avg": 0,
            "net_income": 5504,
            "net_income_4q": null,
            "revenue": 1495911,
            "revenue_4q": null,
            "common_shares": 2129600,
            "book_valuer_per_share": 16.53,
            "book_valuer_per_share_4q_avg": 16.48,
            "equity": 3546417,
            "current_ratio": null,
            "debt_ratio": 77.2,
            "inventory_turnover_ratio": null,
            "account_receivable_turnover_ratio": null,
            "reinvestment_rate": 5.2,
            "research_to_sale_ratio": null,
            "price_fair": 78.9,
            "eps_avg_yearly": 2.25,
            "eps_latest_yearly": 0.12,
            "eps_growth_yearly": 619.55
        },
        "20163": {
            "year_quarter": 20163,
            "year": 2016,
            "quarter": 3,
            "eps": 0.4,
            "eps_growth_year": null,
            "eps_4q": 0.87,
            "eps_4q_growth_year": -22.06,
            "roe": 2.34,
            "roe_4q": 5.1,
            "gross_profit": null,
            "gross_margin": null,
            "gross_margin_4q_avg": 0,
            "net_income": 83636,
            "net_income_4q": null,
            "revenue": 1635847,
            "revenue_4q": null,
            "common_shares": 2129600,
            "book_valuer_per_share": 16.74,
            "book_valuer_per_share_4q_avg": 16.59,
            "equity": 3590430,
            "current_ratio": null,
            "debt_ratio": 76.54,
            "inventory_turnover_ratio": null,
            "account_receivable_turnover_ratio": null,
            "reinvestment_rate": 4.69,
            "research_to_sale_ratio": null,
            "price_fair": 78.9,
            "eps_avg_yearly": 2.25,
            "eps_latest_yearly": 1.6,
            "eps_growth_yearly": 924.31
        },
        "20164": {
            "year_quarter": 20164,
            "year": 2016,
            "quarter": 4,
            "eps": 0.34,
            "eps_growth_year": 88.28,
            "eps_4q": 1.03,
            "eps_4q_growth_year": -16.54,
            "roe": 2.01,
            "roe_4q": 6.03,
            "gross_profit": null,
            "gross_margin": null,
            "gross_margin_4q_avg": 0,
            "net_income": 72718,
            "net_income_4q": null,
            "revenue": 1666902,
            "revenue_4q": null,
            "common_shares": 2129600,
            "book_valuer_per_share": 16.93,
            "book_valuer_per_share_4q_avg": 16.72,
            "equity": 3630927,
            "current_ratio": null,
            "debt_ratio": 76.45,
            "inventory_turnover_ratio": null,
            "account_receivable_turnover_ratio": null,
            "reinvestment_rate": 3.3,
            "research_to_sale_ratio": null,
            "price_fair": 79.6,
            "eps_avg_yearly": 2.27,
            "eps_latest_yearly": 1.36,
            "eps_growth_yearly": 929.31
        },
        "20171": {
            "year_quarter": 20171,
            "year": 2017,
            "quarter": 1,
            "eps": 0.49,
            "eps_growth_year": 88.46,
            "eps_4q": 1.26,
            "eps_4q_growth_year": 259.76,
            "roe": 2.82,
            "roe_4q": 7.32,
            "gross_profit": null,
            "gross_margin": null,
            "gross_margin_4q_avg": 0,
            "net_income": 103895,
            "net_income_4q": null,
            "revenue": 1731578,
            "revenue_4q": null,
            "common_shares": 2129600,
            "book_valuer_per_share": 17.49,
            "book_valuer_per_share_4q_avg": 16.92,
            "equity": 3750004,
            "current_ratio": null,
            "debt_ratio": 76.6,
            "inventory_turnover_ratio": null,
            "account_receivable_turnover_ratio": null,
            "reinvestment_rate": 2.36,
            "research_to_sale_ratio": null,
            "price_fair": 78,
            "eps_avg_yearly": 2.23,
            "eps_latest_yearly": 1.96,
            "eps_growth_yearly": 901.71
        },
        "20172": {
            "year_quarter": 20172,
            "year": 2017,
            "quarter": 2,
            "eps": 0.74,
            "eps_growth_year": 2366.67,
            "eps_4q": 1.96,
            "eps_4q_growth_year": 7279.17,
            "roe": 4.11,
            "roe_4q": 11.28,
            "gross_profit": null,
            "gross_margin": null,
            "gross_margin_4q_avg": 0,
            "net_income": 157150,
            "net_income_4q": null,
            "revenue": 1754318,
            "revenue_4q": null,
            "common_shares": 2129600,
            "book_valuer_per_share": 18.18,
            "book_valuer_per_share_4q_avg": 17.34,
            "equity": 3896156,
            "current_ratio": null,
            "debt_ratio": 75.87,
            "inventory_turnover_ratio": null,
            "account_receivable_turnover_ratio": null,
            "reinvestment_rate": 1.68,
            "research_to_sale_ratio": null,
            "price_fair": 80.4,
            "eps_avg_yearly": 2.3,
            "eps_latest_yearly": 2.96,
            "eps_growth_yearly": 922.88
        },
        "20173": {
            "year_quarter": 20173,
            "year": 2017,
            "quarter": 3,
            "eps": 1.09,
            "eps_growth_year": 172.5,
            "eps_4q": 2.65,
            "eps_4q_growth_year": 205.95,
            "roe": 5.77,
            "roe_4q": 14.709999999999999,
            "gross_profit": null,
            "gross_margin": null,
            "gross_margin_4q_avg": 0,
            "net_income": 230931,
            "net_income_4q": null,
            "revenue": 1873445,
            "revenue_4q": null,
            "common_shares": 2129600,
            "book_valuer_per_share": 19.2,
            "book_valuer_per_share_4q_avg": 17.95,
            "equity": 4113024,
            "current_ratio": null,
            "debt_ratio": 74.33,
            "inventory_turnover_ratio": null,
            "account_receivable_turnover_ratio": null,
            "reinvestment_rate": 1.43,
            "research_to_sale_ratio": null,
            "price_fair": 79.5,
            "eps_avg_yearly": 2.27,
            "eps_latest_yearly": 4.36,
            "eps_growth_yearly": 897.53
        },
        "20174": {
            "year_quarter": 20174,
            "year": 2017,
            "quarter": 4,
            "eps": 0.8,
            "eps_growth_year": 136.54,
            "eps_4q": 3.12,
            "eps_4q_growth_year": 203.67,
            "roe": 4.05,
            "roe_4q": 16.75,
            "gross_profit": null,
            "gross_margin": null,
            "gross_margin_4q_avg": 0,
            "net_income": 171050,
            "net_income_4q": null,
            "revenue": 1881152,
            "revenue_4q": null,
            "common_shares": 2129600,
            "book_valuer_per_share": 20.26,
            "book_valuer_per_share_4q_avg": 18.78,
            "equity": 4339210,
            "current_ratio": null,
            "debt_ratio": 73.36,
            "inventory_turnover_ratio": null,
            "account_receivable_turnover_ratio": null,
            "reinvestment_rate": 1.33,
            "research_to_sale_ratio": null,
            "price_fair": 85,
            "eps_avg_yearly": 2.43,
            "eps_latest_yearly": 3.2,
            "eps_growth_yearly": 912.45
        },
        "20181": {
            "year_quarter": 20181,
            "year": 2018,
            "quarter": 1,
            "eps": 0.61,
            "eps_growth_year": 24.49,
            "eps_4q": 3.24,
            "eps_4q_growth_year": 157.55,
            "roe": 2.96,
            "roe_4q": 16.89,
            "gross_profit": null,
            "gross_margin": null,
            "gross_margin_4q_avg": 0,
            "net_income": 130400,
            "net_income_4q": null,
            "revenue": 1873928,
            "revenue_4q": null,
            "common_shares": 2129600,
            "book_valuer_per_share": 20.89,
            "book_valuer_per_share_4q_avg": 19.63,
            "equity": 4473730,
            "current_ratio": null,
            "debt_ratio": 73.64,
            "inventory_turnover_ratio": null,
            "account_receivable_turnover_ratio": null,
            "reinvestment_rate": 1.15,
            "research_to_sale_ratio": null,
            "price_fair": 81.5,
            "eps_avg_yearly": 2.33,
            "eps_latest_yearly": 2.44,
            "eps_growth_yearly": 824.52
        },
        "20182": {
            "year_quarter": 20182,
            "year": 2018,
            "quarter": 2,
            "eps": 1.2,
            "eps_growth_year": 62.16,
            "eps_4q": 3.7,
            "eps_4q_growth_year": 88.3,
            "roe": 5.55,
            "roe_4q": 18.33,
            "gross_profit": null,
            "gross_margin": null,
            "gross_margin_4q_avg": 0,
            "net_income": 253416,
            "net_income_4q": null,
            "revenue": 2070984,
            "revenue_4q": null,
            "common_shares": 2129600,
            "book_valuer_per_share": 21.8,
            "book_valuer_per_share_4q_avg": 20.54,
            "equity": 4665567,
            "current_ratio": null,
            "debt_ratio": 74.79,
            "inventory_turnover_ratio": null,
            "account_receivable_turnover_ratio": null,
            "reinvestment_rate": 2.64,
            "research_to_sale_ratio": null,
            "price_fair": 82.1,
            "eps_avg_yearly": 2.35,
            "eps_latest_yearly": 4.8,
            "eps_growth_yearly": 846.8
        },
        "20183": {
            "year_quarter": 20183,
            "year": 2018,
            "quarter": 3,
            "eps": 0.69,
            "eps_growth_year": -36.7,
            "eps_4q": 3.29,
            "eps_4q_growth_year": 24.13,
            "roe": 3.08,
            "roe_4q": 15.64,
            "gross_profit": null,
            "gross_margin": null,
            "gross_margin_4q_avg": 0,
            "net_income": 146005,
            "net_income_4q": null,
            "revenue": 1902304,
            "revenue_4q": null,
            "common_shares": 2129600,
            "book_valuer_per_share": 22.49,
            "book_valuer_per_share_4q_avg": 21.36,
            "equity": 4813229,
            "current_ratio": null,
            "debt_ratio": 73,
            "inventory_turnover_ratio": null,
            "account_receivable_turnover_ratio": null,
            "reinvestment_rate": 14.12,
            "research_to_sale_ratio": null,
            "price_fair": 82,
            "eps_avg_yearly": 2.34,
            "eps_latest_yearly": 2.76,
            "eps_growth_yearly": 845.68
        },
        "20184": {
            "year_quarter": 20184,
            "year": 2018,
            "quarter": 4,
            "eps": 0.35,
            "eps_growth_year": -56.47,
            "eps_4q": 2.84,
            "eps_4q_growth_year": -8.72,
            "roe": 1.52,
            "roe_4q": 13.11,
            "gross_profit": null,
            "gross_margin": null,
            "gross_margin_4q_avg": 0,
            "net_income": 73461,
            "net_income_4q": null,
            "revenue": 1860460,
            "revenue_4q": null,
            "common_shares": 2129600,
            "book_valuer_per_share": 22.72,
            "book_valuer_per_share_4q_avg": 21.98,
            "equity": 4861197,
            "current_ratio": null,
            "debt_ratio": 72.05,
            "inventory_turnover_ratio": null,
            "account_receivable_turnover_ratio": null,
            "reinvestment_rate": 12.98,
            "research_to_sale_ratio": null,
            "price_fair": 84.9,
            "eps_avg_yearly": 2.43,
            "eps_latest_yearly": 1.4,
            "eps_growth_yearly": 857.73
        },
        "20191": {
            "year_quarter": 20191,
            "year": 2019,
            "quarter": 1,
            "eps": 1.02,
            "eps_growth_year": 67.21,
            "eps_4q": 3.25,
            "eps_4q_growth_year": 0.52,
            "roe": 4.35,
            "roe_4q": 14.5,
            "gross_profit": null,
            "gross_margin": null,
            "gross_margin_4q_avg": 0,
            "net_income": 217012,
            "net_income_4q": null,
            "revenue": 2017918,
            "revenue_4q": null,
            "common_shares": 2129600,
            "book_valuer_per_share": 23.89,
            "book_valuer_per_share_4q_avg": 22.73,
            "equity": 5110749,
            "current_ratio": null,
            "debt_ratio": 72.19,
            "inventory_turnover_ratio": null,
            "account_receivable_turnover_ratio": null,
            "reinvestment_rate": 12.82,
            "research_to_sale_ratio": null,
            "price_fair": 83.7,
            "eps_avg_yearly": 2.39,
            "eps_latest_yearly": 4.08,
            "eps_growth_yearly": 398.13
        },
        "20192": {
            "year_quarter": 20192,
            "year": 2019,
            "quarter": 2,
            "eps": 0.9,
            "eps_growth_year": -25,
            "eps_4q": 2.95,
            "eps_4q_growth_year": -20.16,
            "roe": 3.73,
            "roe_4q": 12.68,
            "gross_profit": null,
            "gross_margin": null,
            "gross_margin_4q_avg": 0,
            "net_income": 191081,
            "net_income_4q": null,
            "revenue": 1972606,
            "revenue_4q": null,
            "common_shares": 2129600,
            "book_valuer_per_share": 23.98,
            "book_valuer_per_share_4q_avg": 23.27,
            "equity": 5131375,
            "current_ratio": null,
            "debt_ratio": 71.29,
            "inventory_turnover_ratio": null,
            "account_receivable_turnover_ratio": null,
            "reinvestment_rate": 11.87,
            "research_to_sale_ratio": null,
            "price_fair": 89.2,
            "eps_avg_yearly": 2.55,
            "eps_latest_yearly": 3.6,
            "eps_growth_yearly": 414.57
        },
        "20193": {
            "year_quarter": 20193,
            "year": 2019,
            "quarter": 3,
            "eps": 1.11,
            "eps_growth_year": 60.87,
            "eps_4q": 3.38,
            "eps_4q_growth_year": 2.45,
            "roe": 4.47,
            "roe_4q": 14.069999999999999,
            "gross_profit": null,
            "gross_margin": null,
            "gross_margin_4q_avg": 0,
            "net_income": 235355,
            "net_income_4q": null,
            "revenue": 2038074,
            "revenue_4q": null,
            "common_shares": 2129600,
            "book_valuer_per_share": 25.2,
            "book_valuer_per_share_4q_avg": 23.95,
            "equity": 5391082,
            "current_ratio": null,
            "debt_ratio": 69.52,
            "inventory_turnover_ratio": null,
            "account_receivable_turnover_ratio": null,
            "reinvestment_rate": 10.85,
            "research_to_sale_ratio": null,
            "price_fair": 93.61,
            "eps_avg_yearly": 2.67,
            "eps_latest_yearly": 4.44,
            "eps_growth_yearly": 393.16
        },
        "20194": {
            "year_quarter": 20194,
            "year": 2019,
            "quarter": 4,
            "eps": 0.28,
            "eps_growth_year": -20.33,
            "eps_4q": 3.3,
            "eps_4q_growth_year": 16.21,
            "roe": 1.09,
            "roe_4q": 13.639999999999999,
            "gross_profit": null,
            "gross_margin": null,
            "gross_margin_4q_avg": 0,
            "net_income": 59129,
            "net_income_4q": null,
            "revenue": 2053343,
            "revenue_4q": null,
            "common_shares": 2129600,
            "book_valuer_per_share": 25.44,
            "book_valuer_per_share_4q_avg": 24.63,
            "equity": 5441403,
            "current_ratio": null,
            "debt_ratio": 69.06,
            "inventory_turnover_ratio": null,
            "account_receivable_turnover_ratio": null,
            "reinvestment_rate": 13.38,
            "research_to_sale_ratio": null,
            "price_fair": 90.21,
            "eps_avg_yearly": 2.58,
            "eps_latest_yearly": 1.12,
            "eps_growth_yearly": 349.89
        },
        "20201": {
            "year_quarter": 20201,
            "year": 2020,
            "quarter": 1,
            "eps": -0.32,
            "eps_growth_year": -131.37,
            "eps_4q": 1.97,
            "eps_4q_growth_year": -39.59,
            "roe": -1.28,
            "roe_4q": 8.01,
            "gross_profit": null,
            "gross_margin": null,
            "gross_margin_4q_avg": 0,
            "net_income": -67951,
            "net_income_4q": null,
            "revenue": 1739047,
            "revenue_4q": null,
            "common_shares": 2129600,
            "book_valuer_per_share": 24.44,
            "book_valuer_per_share_4q_avg": 24.77,
            "equity": 5205217,
            "current_ratio": null,
            "debt_ratio": 70.66,
            "inventory_turnover_ratio": null,
            "account_receivable_turnover_ratio": null,
            "reinvestment_rate": 16.01,
            "research_to_sale_ratio": null,
            "price_fair": 93.8,
            "eps_avg_yearly": 2.68,
            "eps_latest_yearly": 1.12,
            "eps_growth_yearly": 361.37
        },
        "20202": {
            "year_quarter": 20202,
            "year": 2020,
            "quarter": 2,
            "eps": 1.68,
            "eps_growth_year": 86.67,
            "eps_4q": 2.61,
            "eps_4q_growth_year": -11.42,
            "roe": 6.66,
            "roe_4q": 10.94,
            "gross_profit": null,
            "gross_margin": null,
            "gross_margin_4q_avg": 0,
            "net_income": 357165,
            "net_income_4q": null,
            "revenue": 2143018,
            "revenue_4q": null,
            "common_shares": 2129600,
            "book_valuer_per_share": 25.95,
            "book_valuer_per_share_4q_avg": 25.26,
            "equity": 5526063,
            "current_ratio": null,
            "debt_ratio": 69.78,
            "inventory_turnover_ratio": null,
            "account_receivable_turnover_ratio": null,
            "reinvestment_rate": 13.29,
            "research_to_sale_ratio": null,
            "price_fair": 100.2,
            "eps_avg_yearly": 2.86,
            "eps_latest_yearly": 1.12,
            "eps_growth_yearly": 412.45
        },
        "20203": {
            "year_quarter": 20203,
            "year": 2020,
            "quarter": 3,
            "eps": 1.46,
            "eps_growth_year": 31.53,
            "eps_4q": 3.02,
            "eps_4q_growth_year": -10.56,
            "roe": 5.79,
            "roe_4q": 12.26,
            "gross_profit": null,
            "gross_margin": null,
            "gross_margin_4q_avg": 0,
            "net_income": 326866,
            "net_income_4q": null,
            "revenue": 2139946,
            "revenue_4q": null,
            "common_shares": 2236080,
            "book_valuer_per_share": 25.77,
            "book_valuer_per_share_4q_avg": 25.4,
            "equity": 5761727,
            "current_ratio": null,
            "debt_ratio": 67.55,
            "inventory_turnover_ratio": null,
            "account_receivable_turnover_ratio": null,
            "reinvestment_rate": 12.16,
            "research_to_sale_ratio": null,
            "price_fair": 110.8,
            "eps_avg_yearly": 3.17,
            "eps_latest_yearly": 5.84,
            "eps_growth_yearly": 56.33
        },
        "20204": {
            "year_quarter": 20204,
            "year": 2020,
            "quarter": 4,
            "eps": 0.38,
            "eps_growth_year": 38.86,
            "eps_4q": 3.14,
            "eps_4q_growth_year": -4.99,
            "roe": 1.48,
            "roe_4q": 12.65,
            "gross_profit": null,
            "gross_margin": null,
            "gross_margin_4q_avg": 0,
            "net_income": 86017,
            "net_income_4q": null,
            "revenue": 2215771,
            "revenue_4q": null,
            "common_shares": 2236080,
            "book_valuer_per_share": 26.15,
            "book_valuer_per_share_4q_avg": 25.58,
            "equity": 5847193,
            "current_ratio": null,
            "debt_ratio": 67.05,
            "inventory_turnover_ratio": null,
            "account_receivable_turnover_ratio": null,
            "reinvestment_rate": 12.22,
            "research_to_sale_ratio": null,
            "price_fair": 111.2,
            "eps_avg_yearly": 3.18,
            "eps_latest_yearly": 1.52,
            "eps_growth_yearly": 39.48
        },
        "20211": {
            "year_quarter": 20211,
            "year": 2021,
            "quarter": 1,
            "eps": 0.95,
            "eps_growth_year": null,
            "eps_4q": 4.39,
            "eps_4q_growth_year": 123.47,
            "roe": 3.55,
            "roe_4q": 17.48,
            "gross_profit": null,
            "gross_margin": null,
            "gross_margin_4q_avg": 0,
            "net_income": 212008,
            "net_income_4q": null,
            "revenue": 2234992,
            "revenue_4q": null,
            "common_shares": 2236080,
            "book_valuer_per_share": 27.19,
            "book_valuer_per_share_4q_avg": 26.27,
            "equity": 6080809,
            "current_ratio": null,
            "debt_ratio": 68.22,
            "inventory_turnover_ratio": null,
            "account_receivable_turnover_ratio": null,
            "reinvestment_rate": 11.64,
            "research_to_sale_ratio": null,
            "price_fair": 115.8,
            "eps_avg_yearly": 3.31,
            "eps_latest_yearly": 3.8,
            "eps_growth_yearly": 69.73
        },
        "20212": {
            "year_quarter": 20212,
            "year": 2021,
            "quarter": 2,
            "eps": 0.42,
            "eps_growth_year": -75,
            "eps_4q": 3.22,
            "eps_4q_growth_year": 23,
            "roe": 1.54,
            "roe_4q": 12.36,
            "gross_profit": null,
            "gross_margin": null,
            "gross_margin_4q_avg": 0,
            "net_income": 94192,
            "net_income_4q": null,
            "revenue": 2185124,
            "revenue_4q": null,
            "common_shares": 2236080,
            "book_valuer_per_share": 27.68,
            "book_valuer_per_share_4q_avg": 26.7,
            "equity": 6190446,
            "current_ratio": null,
            "debt_ratio": 67.78,
            "inventory_turnover_ratio": null,
            "account_receivable_turnover_ratio": null,
            "reinvestment_rate": 12.16,
            "research_to_sale_ratio": null,
            "price_fair": 112.6,
            "eps_avg_yearly": 3.22,
            "eps_latest_yearly": 1.68,
            "eps_growth_yearly": 39.22
        },
        "20213": {
            "year_quarter": 20213,
            "year": 2021,
            "quarter": 3,
            "eps": 0.37,
            "eps_growth_year": -74.66,
            "eps_4q": 2.12,
            "eps_4q_growth_year": -29.76,
            "roe": 1.34,
            "roe_4q": 7.91,
            "gross_profit": null,
            "gross_margin": null,
            "gross_margin_4q_avg": 0,
            "net_income": 81948,
            "net_income_4q": null,
            "revenue": 2052263,
            "revenue_4q": null,
            "common_shares": 2236080,
            "book_valuer_per_share": 27.12,
            "book_valuer_per_share_4q_avg": 27.04,
            "equity": 6063784,
            "current_ratio": null,
            "debt_ratio": 67.7,
            "inventory_turnover_ratio": null,
            "account_receivable_turnover_ratio": null,
            "reinvestment_rate": 19.48,
            "research_to_sale_ratio": null,
            "price_fair": 97.27,
            "eps_avg_yearly": 3.01,
            "eps_latest_yearly": 1.48,
            "eps_growth_yearly": 22.3
        },
        "20214": {
            "year_quarter": 20214,
            "year": 2021,
            "quarter": 4,
            "eps": 1.38,
            "eps_growth_year": 258.67,
            "eps_4q": 3.12,
            "eps_4q_growth_year": -0.77,
            "roe": 4.93,
            "roe_4q": 11.36,
            "gross_profit": null,
            "gross_margin": null,
            "gross_margin_4q_avg": 0,
            "net_income": 308520,
            "net_income_4q": null,
            "revenue": 2337532,
            "revenue_4q": null,
            "common_shares": 2236080,
            "book_valuer_per_share": 28.81,
            "book_valuer_per_share_4q_avg": 27.7,
            "equity": 6441773,
            "current_ratio": null,
            "debt_ratio": 66.13,
            "inventory_turnover_ratio": null,
            "account_receivable_turnover_ratio": null,
            "reinvestment_rate": 16.4,
            "research_to_sale_ratio": null,
            "price_fair": 111.2,
            "eps_avg_yearly": 3.18,
            "eps_latest_yearly": 5.52,
            "eps_growth_yearly": 107.89
        },
        "20221": {
            "year_quarter": 20221,
            "year": 2022,
            "quarter": 1,
            "eps": -0.28,
            "eps_growth_year": -129.47,
            "eps_4q": 1.89,
            "eps_4q_growth_year": -56.97,
            "roe": -0.98,
            "roe_4q": 6.83,
            "gross_profit": null,
            "gross_margin": null,
            "gross_margin_4q_avg": 0,
            "net_income": -62048,
            "net_income_4q": null,
            "revenue": 2028805,
            "revenue_4q": null,
            "common_shares": 2236080,
            "book_valuer_per_share": 27.56,
            "book_valuer_per_share_4q_avg": 27.79,
            "equity": 6163272,
            "current_ratio": null,
            "debt_ratio": 67.84,
            "inventory_turnover_ratio": null,
            "account_receivable_turnover_ratio": null,
            "reinvestment_rate": 17.82,
            "research_to_sale_ratio": null,
            "price_fair": 113.18,
            "eps_avg_yearly": 3.23,
            "eps_latest_yearly": 5.52,
            "eps_growth_yearly": 123.5
        },
        "20222": {
            "year_quarter": 20222,
            "year": 2022,
            "quarter": 2,
            "eps": -3.37,
            "eps_growth_year": -902.38,
            "eps_4q": -1.9,
            "eps_4q_growth_year": -159.12,
            "roe": -13.08,
            "roe_4q": -7.790000000000001,
            "gross_profit": null,
            "gross_margin": null,
            "gross_margin_4q_avg": 0,
            "net_income": -753525,
            "net_income_4q": null,
            "revenue": 1848537,
            "revenue_4q": null,
            "common_shares": 2236080,
            "book_valuer_per_share": 23.96,
            "book_valuer_per_share_4q_avg": 26.86,
            "equity": 5356835,
            "current_ratio": null,
            "debt_ratio": 72.01,
            "inventory_turnover_ratio": null,
            "account_receivable_turnover_ratio": null,
            "reinvestment_rate": 28.62,
            "research_to_sale_ratio": null,
            "price_fair": 108.62,
            "eps_avg_yearly": 3.1,
            "eps_latest_yearly": 5.52,
            "eps_growth_yearly": 101.55
        },
        "20223": {
            "year_quarter": 20223,
            "year": 2022,
            "quarter": 3,
            "eps": 0.03,
            "eps_growth_year": -91.89,
            "eps_4q": -2.23,
            "eps_4q_growth_year": -205.3,
            "roe": 0.15,
            "roe_4q": -8.98,
            "gross_profit": null,
            "gross_margin": null,
            "gross_margin_4q_avg": 0,
            "net_income": 7734,
            "net_income_4q": null,
            "revenue": 2253838,
            "revenue_4q": null,
            "common_shares": 2236080,
            "book_valuer_per_share": 23.61,
            "book_valuer_per_share_4q_avg": 25.99,
            "equity": 5280361,
            "current_ratio": null,
            "debt_ratio": 71.51,
            "inventory_turnover_ratio": null,
            "account_receivable_turnover_ratio": null,
            "reinvestment_rate": 17.42,
            "research_to_sale_ratio": null,
            "price_fair": 109.71,
            "eps_avg_yearly": 3.13,
            "eps_latest_yearly": 5.52,
            "eps_growth_yearly": 126.24
        },
        "20224": {
            "year_quarter": 20224,
            "year": 2022,
            "quarter": 4,
            "eps": -2.3,
            "eps_growth_year": -266.72,
            "eps_4q": -5.91,
            "eps_4q_growth_year": -289.79,
            "roe": -10.2,
            "roe_4q": -24.11,
            "gross_profit": null,
            "gross_margin": null,
            "gross_margin_4q_avg": 0,
            "net_income": -514368,
            "net_income_4q": null,
            "revenue": 2369690,
            "revenue_4q": null,
            "common_shares": 2236080,
            "book_valuer_per_share": 21.49,
            "book_valuer_per_share_4q_avg": 24.16,
            "equity": 4804853,
            "current_ratio": null,
            "debt_ratio": 73.75,
            "inventory_turnover_ratio": null,
            "account_receivable_turnover_ratio": null,
            "reinvestment_rate": 32.55,
            "research_to_sale_ratio": null,
            "price_fair": 115.78,
            "eps_avg_yearly": 3.31,
            "eps_latest_yearly": 5.52,
            "eps_growth_yearly": 158.57
        },
        "20231": {
            "year_quarter": 20231,
            "year": 2023,
            "quarter": 1,
            "eps": 0.89,
            "eps_growth_year": null,
            "eps_4q": -4.75,
            "eps_4q_growth_year": -351.08,
            "roe": 4.02,
            "roe_4q": -19.11,
            "gross_profit": null,
            "gross_margin": null,
            "gross_margin_4q_avg": 0,
            "net_income": 199076,
            "net_income_4q": null,
            "revenue": 2368608,
            "revenue_4q": null,
            "common_shares": 2236080,
            "book_valuer_per_share": 22.83,
            "book_valuer_per_share_4q_avg": 22.97,
            "equity": 5103991,
            "current_ratio": null,
            "debt_ratio": 73.4,
            "inventory_turnover_ratio": null,
            "account_receivable_turnover_ratio": null,
            "reinvestment_rate": 33.24,
            "research_to_sale_ratio": null,
            "price_fair": 112.78,
            "eps_avg_yearly": 3.22,
            "eps_latest_yearly": 5.52,
            "eps_growth_yearly": 91.11
        },
        "20232": {
            "year_quarter": 20232,
            "year": 2023,
            "quarter": 2,
            "eps": 2.53,
            "eps_growth_year": null,
            "eps_4q": 1.16,
            "eps_4q_growth_year": null,
            "roe": 10.53,
            "roe_4q": 4.5,
            "gross_profit": null,
            "gross_margin": null,
            "gross_margin_4q_avg": 0,
            "net_income": 565844,
            "net_income_4q": null,
            "revenue": 2608053,
            "revenue_4q": null,
            "common_shares": 2236080,
            "book_valuer_per_share": 25.24,
            "book_valuer_per_share_4q_avg": 23.29,
            "equity": 5644708,
            "current_ratio": null,
            "debt_ratio": 71.54,
            "inventory_turnover_ratio": null,
            "account_receivable_turnover_ratio": null,
            "reinvestment_rate": 21.76,
            "research_to_sale_ratio": null,
            "price_fair": 138.13,
            "eps_avg_yearly": 3.95,
            "eps_latest_yearly": 10.12,
            "eps_growth_yearly": 178.24
        }
    },
    "months": {
        "2001-06": {
            "month": "2001-06",
            "price": "10.24",
            "revenue": 844656
        },
        "2001-07": {
            "month": "2001-07",
            "price": "9.99",
            "revenue": 612327
        },
        "2001-08": {
            "month": "2001-08",
            "price": "9.76",
            "revenue": 684496
        },
        "2001-09": {
            "month": "2001-09",
            "price": "9.90",
            "revenue": 2175857
        },
        "2001-10": {
            "month": "2001-10",
            "price": "9.66",
            "revenue": 639556
        },
        "2001-11": {
            "month": "2001-11",
            "price": "9.88",
            "revenue": 603418
        },
        "2001-12": {
            "month": "2001-12",
            "price": "11.57",
            "revenue": 1163158
        },
        "2002-01": {
            "month": "2002-01",
            "price": "12.19",
            "revenue": 690056
        },
        "2002-02": {
            "month": "2002-02",
            "price": "12.16",
            "revenue": 433574
        },
        "2002-03": {
            "month": "2002-03",
            "price": "13.10",
            "revenue": 1291337
        },
        "2002-04": {
            "month": "2002-04",
            "price": "13.81",
            "revenue": 679313
        },
        "2002-05": {
            "month": "2002-05",
            "price": "13.65",
            "revenue": 927852
        },
        "2002-06": {
            "month": "2002-06",
            "price": "14.20",
            "revenue": 690435
        },
        "2002-07": {
            "month": "2002-07",
            "price": "14.24",
            "revenue": 752074
        },
        "2002-08": {
            "month": "2002-08",
            "price": "15.43",
            "revenue": 504984
        },
        "2002-09": {
            "month": "2002-09",
            "price": "14.07",
            "revenue": 1272697
        },
        "2002-10": {
            "month": "2002-10",
            "price": "13.63",
            "revenue": 628861
        },
        "2002-11": {
            "month": "2002-11",
            "price": "13.42",
            "revenue": 973193
        },
        "2002-12": {
            "month": "2002-12",
            "price": "13.34",
            "revenue": 1445757
        },
        "2003-01": {
            "month": "2003-01",
            "price": "13.89",
            "revenue": 1615077
        },
        "2003-02": {
            "month": "2003-02",
            "price": "14.91",
            "revenue": 826924
        },
        "2003-03": {
            "month": "2003-03",
            "price": "14.93",
            "revenue": 1930522
        },
        "2003-04": {
            "month": "2003-04",
            "price": "14.89",
            "revenue": 704037
        },
        "2003-05": {
            "month": "2003-05",
            "price": "14.75",
            "revenue": 1125935
        },
        "2003-06": {
            "month": "2003-06",
            "price": "14.78",
            "revenue": 1512541
        },
        "2003-07": {
            "month": "2003-07",
            "price": "14.03",
            "revenue": 887668
        },
        "2003-08": {
            "month": "2003-08",
            "price": "12.44",
            "revenue": 951059
        },
        "2003-09": {
            "month": "2003-09",
            "price": "12.11",
            "revenue": 1665386
        },
        "2003-10": {
            "month": "2003-10",
            "price": "12.09",
            "revenue": 1132659
        },
        "2003-11": {
            "month": "2003-11",
            "price": "11.27",
            "revenue": 719208
        },
        "2003-12": {
            "month": "2003-12",
            "price": "10.74",
            "revenue": 1894327
        },
        "2004-01": {
            "month": "2004-01",
            "price": "11.09",
            "revenue": 1497059
        },
        "2004-02": {
            "month": "2004-02",
            "price": "13.35",
            "revenue": 957183
        },
        "2004-03": {
            "month": "2004-03",
            "price": "14.68",
            "revenue": 3320475
        },
        "2004-04": {
            "month": "2004-04",
            "price": "13.97",
            "revenue": 1030723
        },
        "2004-05": {
            "month": "2004-05",
            "price": "10.83",
            "revenue": 1191790
        },
        "2004-06": {
            "month": "2004-06",
            "price": "10.58",
            "revenue": 889458
        },
        "2004-07": {
            "month": "2004-07",
            "price": "9.98",
            "revenue": 1746892
        },
        "2004-08": {
            "month": "2004-08",
            "price": "8.73",
            "revenue": 963868
        },
        "2004-09": {
            "month": "2004-09",
            "price": "9.35",
            "revenue": 1114205
        },
        "2004-10": {
            "month": "2004-10",
            "price": "9.86",
            "revenue": 988278
        },
        "2004-11": {
            "month": "2004-11",
            "price": "9.50",
            "revenue": 999661
        },
        "2004-12": {
            "month": "2004-12",
            "price": "9.08",
            "revenue": 1614888
        },
        "2005-01": {
            "month": "2005-01",
            "price": "9.24",
            "revenue": 1374830
        },
        "2005-02": {
            "month": "2005-02",
            "price": "9.02",
            "revenue": 885099
        },
        "2005-03": {
            "month": "2005-03",
            "price": "8.56",
            "revenue": 3848842
        },
        "2005-04": {
            "month": "2005-04",
            "price": "7.93",
            "revenue": 1012495
        },
        "2005-05": {
            "month": "2005-05",
            "price": "7.38",
            "revenue": 1213001
        },
        "2005-06": {
            "month": "2005-06",
            "price": "7.86",
            "revenue": 1590325
        },
        "2005-07": {
            "month": "2005-07",
            "price": "8.05",
            "revenue": 1370365
        },
        "2005-08": {
            "month": "2005-08",
            "price": "7.35",
            "revenue": 977060
        },
        "2005-09": {
            "month": "2005-09",
            "price": "6.56",
            "revenue": 1602993
        },
        "2005-10": {
            "month": "2005-10",
            "price": "6.01",
            "revenue": 1308139
        },
        "2005-11": {
            "month": "2005-11",
            "price": "5.78",
            "revenue": 1077732
        },
        "2005-12": {
            "month": "2005-12",
            "price": "6.07",
            "revenue": 1302042
        },
        "2006-01": {
            "month": "2006-01",
            "price": "6.19",
            "revenue": 2052419
        },
        "2006-02": {
            "month": "2006-02",
            "price": "6.05",
            "revenue": 1142408
        },
        "2006-03": {
            "month": "2006-03",
            "price": "5.44",
            "revenue": 4313334
        },
        "2006-04": {
            "month": "2006-04",
            "price": "5.81",
            "revenue": 1228967
        },
        "2006-05": {
            "month": "2006-05",
            "price": "6.24",
            "revenue": 1497838
        },
        "2006-06": {
            "month": "2006-06",
            "price": "5.39",
            "revenue": 1078056
        },
        "2006-07": {
            "month": "2006-07",
            "price": "5.10",
            "revenue": 1550519
        },
        "2006-08": {
            "month": "2006-08",
            "price": "5.10",
            "revenue": 1213301
        },
        "2006-09": {
            "month": "2006-09",
            "price": "5.30",
            "revenue": 1034761
        },
        "2006-10": {
            "month": "2006-10",
            "price": "5.65",
            "revenue": 1219610
        },
        "2006-11": {
            "month": "2006-11",
            "price": "5.93",
            "revenue": 1148897
        },
        "2006-12": {
            "month": "2006-12",
            "price": "6.46",
            "revenue": 896048
        },
        "2007-01": {
            "month": "2007-01",
            "price": "4.82",
            "revenue": 971961
        },
        "2007-02": {
            "month": "2007-02",
            "price": "4.21",
            "revenue": 464603
        },
        "2007-03": {
            "month": "2007-03",
            "price": "3.99",
            "revenue": 4657748
        },
        "2007-04": {
            "month": "2007-04",
            "price": "4.31",
            "revenue": 825751
        },
        "2007-05": {
            "month": "2007-05",
            "price": "2.55",
            "revenue": 843387
        },
        "2007-06": {
            "month": "2007-06",
            "price": "2.57",
            "revenue": 695037
        },
        "2007-07": {
            "month": "2007-07",
            "price": "2.75",
            "revenue": 823662
        },
        "2007-08": {
            "month": "2007-08",
            "price": "2.33",
            "revenue": 903646
        },
        "2007-09": {
            "month": "2007-09",
            "price": "2.22",
            "revenue": 771568
        },
        "2007-10": {
            "month": "2007-10",
            "price": "7.16",
            "revenue": 886786
        },
        "2007-11": {
            "month": "2007-11",
            "price": "17.58",
            "revenue": 883252
        },
        "2007-12": {
            "month": "2007-12",
            "price": "17.18",
            "revenue": 654049
        },
        "2008-01": {
            "month": "2008-01",
            "price": "16.35",
            "revenue": 915280
        },
        "2008-02": {
            "month": "2008-02",
            "price": "16.43",
            "revenue": 723339
        },
        "2008-03": {
            "month": "2008-03",
            "price": "16.21",
            "revenue": 4150229
        },
        "2008-04": {
            "month": "2008-04",
            "price": "16.31",
            "revenue": 961163
        },
        "2008-05": {
            "month": "2008-05",
            "price": "14.58",
            "revenue": 888842
        },
        "2008-06": {
            "month": "2008-06",
            "price": "13.58",
            "revenue": 736430
        },
        "2008-07": {
            "month": "2008-07",
            "price": "10.23",
            "revenue": 766406
        },
        "2008-08": {
            "month": "2008-08",
            "price": "9.61",
            "revenue": 1013632
        },
        "2008-09": {
            "month": "2008-09",
            "price": "9.72",
            "revenue": 926196
        },
        "2008-10": {
            "month": "2008-10",
            "price": "7.29",
            "revenue": 783914
        },
        "2008-11": {
            "month": "2008-11",
            "price": "10.87",
            "revenue": 736354
        },
        "2008-12": {
            "month": "2008-12",
            "price": "16.20",
            "revenue": 980046
        },
        "2009-01": {
            "month": "2009-01",
            "price": "16.00",
            "revenue": 914688
        },
        "2009-02": {
            "month": "2009-02",
            "price": "15.15",
            "revenue": 908251
        },
        "2009-03": {
            "month": "2009-03",
            "price": "14.53",
            "revenue": 4195814
        },
        "2009-04": {
            "month": "2009-04",
            "price": "26.50",
            "revenue": 975571
        },
        "2009-05": {
            "month": "2009-05",
            "price": "28.56",
            "revenue": 883631
        },
        "2009-06": {
            "month": "2009-06",
            "price": "25.05",
            "revenue": 1131649
        },
        "2009-07": {
            "month": "2009-07",
            "price": "25.83",
            "revenue": 920226
        },
        "2009-08": {
            "month": "2009-08",
            "price": "23.56",
            "revenue": 1745658
        },
        "2009-09": {
            "month": "2009-09",
            "price": "23.63",
            "revenue": 1077111
        },
        "2009-10": {
            "month": "2009-10",
            "price": "24.33",
            "revenue": 1171985
        },
        "2009-11": {
            "month": "2009-11",
            "price": "32.47",
            "revenue": 678747
        },
        "2009-12": {
            "month": "2009-12",
            "price": "29.14",
            "revenue": 719020
        },
        "2010-01": {
            "month": "2010-01",
            "price": "28.74",
            "revenue": 993978
        },
        "2010-02": {
            "month": "2010-02",
            "price": "24.09",
            "revenue": 709970
        },
        "2010-03": {
            "month": "2010-03",
            "price": "22.68",
            "revenue": 4476979
        },
        "2010-04": {
            "month": "2010-04",
            "price": "22.75",
            "revenue": 829497
        },
        "2010-05": {
            "month": "2010-05",
            "price": "20.24",
            "revenue": 807217
        },
        "2010-06": {
            "month": "2010-06",
            "price": "20.46",
            "revenue": 918256
        },
        "2010-07": {
            "month": "2010-07",
            "price": "21.80",
            "revenue": 1004123
        },
        "2010-08": {
            "month": "2010-08",
            "price": "21.86",
            "revenue": 814784
        },
        "2010-09": {
            "month": "2010-09",
            "price": "19.66",
            "revenue": 861146
        },
        "2010-10": {
            "month": "2010-10",
            "price": "18.96",
            "revenue": 1088986
        },
        "2010-11": {
            "month": "2010-11",
            "price": "17.31",
            "revenue": 935324
        },
        "2010-12": {
            "month": "2010-12",
            "price": "18.65",
            "revenue": 841528
        },
        "2011-01": {
            "month": "2011-01",
            "price": "18.40",
            "revenue": 479011
        },
        "2011-02": {
            "month": "2011-02",
            "price": "16.53",
            "revenue": 391250
        },
        "2011-03": {
            "month": "2011-03",
            "price": "14.62",
            "revenue": 356919
        },
        "2011-04": {
            "month": "2011-04",
            "price": "14.93",
            "revenue": 306985
        },
        "2011-05": {
            "month": "2011-05",
            "price": "17.57",
            "revenue": 401200
        },
        "2011-06": {
            "month": "2011-06",
            "price": "17.19",
            "revenue": 349057
        },
        "2011-07": {
            "month": "2011-07",
            "price": "21.46",
            "revenue": 393297
        },
        "2011-08": {
            "month": "2011-08",
            "price": "19.78",
            "revenue": 239630
        },
        "2011-09": {
            "month": "2011-09",
            "price": "15.24",
            "revenue": 264627
        },
        "2011-10": {
            "month": "2011-10",
            "price": "14.80",
            "revenue": 394299
        },
        "2011-11": {
            "month": "2011-11",
            "price": "14.93",
            "revenue": 286555
        },
        "2011-12": {
            "month": "2011-12",
            "price": "12.79",
            "revenue": 341981
        },
        "2012-01": {
            "month": "2012-01",
            "price": "12.02",
            "revenue": 410586
        },
        "2012-02": {
            "month": "2012-02",
            "price": "14.14",
            "revenue": 378594
        },
        "2012-03": {
            "month": "2012-03",
            "price": "14.08",
            "revenue": 387965
        },
        "2012-04": {
            "month": "2012-04",
            "price": "12.10",
            "revenue": 317418
        },
        "2012-05": {
            "month": "2012-05",
            "price": "11.80",
            "revenue": 384083
        },
        "2012-06": {
            "month": "2012-06",
            "price": "10.73",
            "revenue": 385421
        },
        "2012-07": {
            "month": "2012-07",
            "price": "10.32",
            "revenue": 404880
        },
        "2012-08": {
            "month": "2012-08",
            "price": "11.12",
            "revenue": 376630
        },
        "2012-09": {
            "month": "2012-09",
            "price": "11.27",
            "revenue": 379893
        },
        "2012-10": {
            "month": "2012-10",
            "price": "11.87",
            "revenue": 365404
        },
        "2012-11": {
            "month": "2012-11",
            "price": "13.88",
            "revenue": 367710
        },
        "2012-12": {
            "month": "2012-12",
            "price": "14.95",
            "revenue": 467352
        },
        "2013-01": {
            "month": "2013-01",
            "price": "14.84",
            "revenue": 401306
        },
        "2013-02": {
            "month": "2013-02",
            "price": "15.19",
            "revenue": 366688
        },
        "2013-03": {
            "month": "2013-03",
            "price": "14.66",
            "revenue": 415045
        },
        "2013-04": {
            "month": "2013-04",
            "price": "14.38",
            "revenue": 397057
        },
        "2013-05": {
            "month": "2013-05",
            "price": "16.26",
            "revenue": 424285
        },
        "2013-06": {
            "month": "2013-06",
            "price": "15.88",
            "revenue": 359548
        },
        "2013-07": {
            "month": "2013-07",
            "price": "16.60",
            "revenue": 490340
        },
        "2013-08": {
            "month": "2013-08",
            "price": "18.13",
            "revenue": 398900
        },
        "2013-09": {
            "month": "2013-09",
            "price": "18.07",
            "revenue": 377777
        },
        "2013-10": {
            "month": "2013-10",
            "price": "21.07",
            "revenue": 456357
        },
        "2013-11": {
            "month": "2013-11",
            "price": "21.40",
            "revenue": 401444
        },
        "2013-12": {
            "month": "2013-12",
            "price": "22.45",
            "revenue": 484755
        },
        "2014-01": {
            "month": "2014-01",
            "price": "22.81",
            "revenue": 498402
        },
        "2014-02": {
            "month": "2014-02",
            "price": "21.94",
            "revenue": 383942
        },
        "2014-03": {
            "month": "2014-03",
            "price": "21.09",
            "revenue": 483340
        },
        "2014-04": {
            "month": "2014-04",
            "price": "20.52",
            "revenue": 447471
        },
        "2014-05": {
            "month": "2014-05",
            "price": "21.01",
            "revenue": 575118
        },
        "2014-06": {
            "month": "2014-06",
            "price": "21.99",
            "revenue": 471669
        },
        "2014-07": {
            "month": "2014-07",
            "price": "26.19",
            "revenue": 587599
        },
        "2014-08": {
            "month": "2014-08",
            "price": "27.05",
            "revenue": 521950
        },
        "2014-09": {
            "month": "2014-09",
            "price": "27.20",
            "revenue": 440215
        },
        "2014-10": {
            "month": "2014-10",
            "price": "26.46",
            "revenue": 411056
        },
        "2014-11": {
            "month": "2014-11",
            "price": "25.28",
            "revenue": 485490
        },
        "2014-12": {
            "month": "2014-12",
            "price": "24.48",
            "revenue": 466313
        },
        "2015-01": {
            "month": "2015-01",
            "price": "25.00",
            "revenue": 492392
        },
        "2015-02": {
            "month": "2015-02",
            "price": "24.85",
            "revenue": 470553
        },
        "2015-03": {
            "month": "2015-03",
            "price": "24.45",
            "revenue": 533998
        },
        "2015-04": {
            "month": "2015-04",
            "price": "24.93",
            "revenue": 535617
        },
        "2015-05": {
            "month": "2015-05",
            "price": "25.43",
            "revenue": 523290
        },
        "2015-06": {
            "month": "2015-06",
            "price": "23.86",
            "revenue": 423317
        },
        "2015-07": {
            "month": "2015-07",
            "price": "22.04",
            "revenue": 475088
        },
        "2015-08": {
            "month": "2015-08",
            "price": "18.56",
            "revenue": 435893
        },
        "2015-09": {
            "month": "2015-09",
            "price": "17.48",
            "revenue": 485715
        },
        "2015-10": {
            "month": "2015-10",
            "price": "17.90",
            "revenue": 498615
        },
        "2015-11": {
            "month": "2015-11",
            "price": "17.10",
            "revenue": 472703
        },
        "2015-12": {
            "month": "2015-12",
            "price": "15.19",
            "revenue": 528248
        },
        "2016-01": {
            "month": "2016-01",
            "price": "14.14",
            "revenue": 543200
        },
        "2016-02": {
            "month": "2016-02",
            "price": "14.58",
            "revenue": 451103
        },
        "2016-03": {
            "month": "2016-03",
            "price": "15.02",
            "revenue": 512342
        },
        "2016-04": {
            "month": "2016-04",
            "price": "13.69",
            "revenue": 471963
        },
        "2016-05": {
            "month": "2016-05",
            "price": "12.44",
            "revenue": 502569
        },
        "2016-06": {
            "month": "2016-06",
            "price": "12.09",
            "revenue": 541127
        },
        "2016-07": {
            "month": "2016-07",
            "price": "12.34",
            "revenue": 533604
        },
        "2016-08": {
            "month": "2016-08",
            "price": "12.60",
            "revenue": 546989
        },
        "2016-09": {
            "month": "2016-09",
            "price": "12.51",
            "revenue": 525281
        },
        "2016-10": {
            "month": "2016-10",
            "price": "12.04",
            "revenue": 549436
        },
        "2016-11": {
            "month": "2016-11",
            "price": "12.62",
            "revenue": 533551
        },
        "2016-12": {
            "month": "2016-12",
            "price": "15.60",
            "revenue": 602243
        },
        "2017-01": {
            "month": "2017-01",
            "price": "14.73",
            "revenue": 641095
        },
        "2017-02": {
            "month": "2017-02",
            "price": "15.87",
            "revenue": 497015
        },
        "2017-03": {
            "month": "2017-03",
            "price": "15.50",
            "revenue": 593986
        },
        "2017-04": {
            "month": "2017-04",
            "price": "14.01",
            "revenue": 556982
        },
        "2017-05": {
            "month": "2017-05",
            "price": "14.13",
            "revenue": 603908
        },
        "2017-06": {
            "month": "2017-06",
            "price": "14.61",
            "revenue": 606665
        },
        "2017-07": {
            "month": "2017-07",
            "price": "14.79",
            "revenue": 655214
        },
        "2017-08": {
            "month": "2017-08",
            "price": "14.80",
            "revenue": 611859
        },
        "2017-09": {
            "month": "2017-09",
            "price": "15.88",
            "revenue": 592680
        },
        "2017-10": {
            "month": "2017-10",
            "price": "16.14",
            "revenue": 641934
        },
        "2017-11": {
            "month": "2017-11",
            "price": "19.10",
            "revenue": 629715
        },
        "2017-12": {
            "month": "2017-12",
            "price": "20.48",
            "revenue": 585741
        },
        "2018-01": {
            "month": "2018-01",
            "price": "20.20",
            "revenue": 668646
        },
        "2018-02": {
            "month": "2018-02",
            "price": "18.61",
            "revenue": 503979
        },
        "2018-03": {
            "month": "2018-03",
            "price": "19.04",
            "revenue": 697752
        },
        "2018-04": {
            "month": "2018-04",
            "price": "19.05",
            "revenue": 637868
        },
        "2018-05": {
            "month": "2018-05",
            "price": "18.36",
            "revenue": 796659
        },
        "2018-06": {
            "month": "2018-06",
            "price": "18.26",
            "revenue": 636160
        },
        "2018-07": {
            "month": "2018-07",
            "price": "17.28",
            "revenue": 750772
        },
        "2018-08": {
            "month": "2018-08",
            "price": "17.77",
            "revenue": 619717
        },
        "2018-09": {
            "month": "2018-09",
            "price": "20.68",
            "revenue": 600102
        },
        "2018-10": {
            "month": "2018-10",
            "price": "19.10",
            "revenue": 582223
        },
        "2018-11": {
            "month": "2018-11",
            "price": "18.71",
            "revenue": 685697
        },
        "2018-12": {
            "month": "2018-12",
            "price": "18.90",
            "revenue": 643310
        },
        "2019-01": {
            "month": "2019-01",
            "price": "19.50",
            "revenue": 723871
        },
        "2019-02": {
            "month": "2019-02",
            "price": "19.66",
            "revenue": 596823
        },
        "2019-03": {
            "month": "2019-03",
            "price": "20.13",
            "revenue": 697224
        },
        "2019-04": {
            "month": "2019-04",
            "price": "19.45",
            "revenue": 660303
        },
        "2019-05": {
            "month": "2019-05",
            "price": "19.81",
            "revenue": 640445
        },
        "2019-06": {
            "month": "2019-06",
            "price": "19.94",
            "revenue": 671858
        },
        "2019-07": {
            "month": "2019-07",
            "price": "20.18",
            "revenue": 751462
        },
        "2019-08": {
            "month": "2019-08",
            "price": "19.84",
            "revenue": 653072
        },
        "2019-09": {
            "month": "2019-09",
            "price": "19.62",
            "revenue": 633278
        },
        "2019-10": {
            "month": "2019-10",
            "price": "19.43",
            "revenue": 719376
        },
        "2019-11": {
            "month": "2019-11",
            "price": "20.75",
            "revenue": 648737
        },
        "2019-12": {
            "month": "2019-12",
            "price": "21.62",
            "revenue": 685224
        },
        "2020-01": {
            "month": "2020-01",
            "price": "21.98",
            "revenue": 656205
        },
        "2020-02": {
            "month": "2020-02",
            "price": "20.86",
            "revenue": 580799
        },
        "2020-03": {
            "month": "2020-03",
            "price": "18.41",
            "revenue": 502045
        },
        "2020-04": {
            "month": "2020-04",
            "price": "18.88",
            "revenue": 721021
        },
        "2020-05": {
            "month": "2020-05",
            "price": "19.51",
            "revenue": 694092
        },
        "2020-06": {
            "month": "2020-06",
            "price": "19.66",
            "revenue": 727904
        },
        "2020-07": {
            "month": "2020-07",
            "price": "18.89",
            "revenue": 846365
        },
        "2020-08": {
            "month": "2020-08",
            "price": "18.27",
            "revenue": 642881
        },
        "2020-09": {
            "month": "2020-09",
            "price": "18.96",
            "revenue": 650699
        },
        "2020-10": {
            "month": "2020-10",
            "price": "19.10",
            "revenue": 682992
        },
        "2020-11": {
            "month": "2020-11",
            "price": "19.83",
            "revenue": 809864
        },
        "2020-12": {
            "month": "2020-12",
            "price": "20.34",
            "revenue": 722915
        },
        "2021-01": {
            "month": "2021-01",
            "price": "20.59",
            "revenue": 806813
        },
        "2021-02": {
            "month": "2021-02",
            "price": "19.91",
            "revenue": 663546
        },
        "2021-03": {
            "month": "2021-03",
            "price": "21.05",
            "revenue": 764633
        },
        "2021-04": {
            "month": "2021-04",
            "price": "20.74",
            "revenue": 890448
        },
        "2021-05": {
            "month": "2021-05",
            "price": "20.43",
            "revenue": 524151
        },
        "2021-06": {
            "month": "2021-06",
            "price": "20.49",
            "revenue": 770525
        },
        "2021-07": {
            "month": "2021-07",
            "price": "20.91",
            "revenue": 693174
        },
        "2021-08": {
            "month": "2021-08",
            "price": "20.35",
            "revenue": 747999
        },
        "2021-09": {
            "month": "2021-09",
            "price": "19.72",
            "revenue": 611091
        },
        "2021-10": {
            "month": "2021-10",
            "price": "19.40",
            "revenue": 744636
        },
        "2021-11": {
            "month": "2021-11",
            "price": "19.58",
            "revenue": 799046
        },
        "2021-12": {
            "month": "2021-12",
            "price": "19.50",
            "revenue": 793229
        },
        "2022-01": {
            "month": "2022-01",
            "price": "20.00",
            "revenue": 626445
        },
        "2022-02": {
            "month": "2022-02",
            "price": "19.83",
            "revenue": 661685
        },
        "2022-03": {
            "month": "2022-03",
            "price": "19.53",
            "revenue": 740703
        },
        "2022-04": {
            "month": "2022-04",
            "price": "20.04",
            "revenue": 564882
        },
        "2022-05": {
            "month": "2022-05",
            "price": "17.73",
            "revenue": 743451
        },
        "2022-06": {
            "month": "2022-06",
            "price": "17.40",
            "revenue": 540176
        },
        "2022-07": {
            "month": "2022-07",
            "price": "17.08",
            "revenue": 813502
        },
        "2022-08": {
            "month": "2022-08",
            "price": "16.35",
            "revenue": 758209
        },
        "2022-09": {
            "month": "2022-09",
            "price": "15.68",
            "revenue": 682127
        },
        "2022-10": {
            "month": "2022-10",
            "price": "14.25",
            "revenue": 737689
        },
        "2022-11": {
            "month": "2022-11",
            "price": "15.06",
            "revenue": 821500
        },
        "2022-12": {
            "month": "2022-12",
            "price": "15.73",
            "revenue": 810501
        },
        "2023-01": {
            "month": "2023-01",
            "price": "16.02",
            "revenue": 786030
        },
        "2023-02": {
            "month": "2023-02",
            "price": "16.29",
            "revenue": 767534
        },
        "2023-03": {
            "month": "2023-03",
            "price": "15.72",
            "revenue": 815043
        },
        "2023-04": {
            "month": "2023-04",
            "price": "15.30",
            "revenue": 782617
        },
        "2023-05": {
            "month": "2023-05",
            "price": "16.97",
            "revenue": 899038
        },
        "2023-06": {
            "month": "2023-06",
            "price": "18.22",
            "revenue": 926399
        },
        "2023-07": {
            "month": "2023-07",
            "price": "19.15",
            "revenue": 988022
        },
        "2023-08": {
            "month": "2023-08",
            "price": "21.50",
            "revenue": 844191
        },
        "2023-09": {
            "month": "2023-09",
            "price": "32.06",
            "revenue": 797406
        }
    }
}
