{
    "summary": {
        "stock_name": "華票",
        "stock_id": "2820",
        "category": "金融",
        "main_business": "H102011票券金融業<br>H301011證券商（不含營業廳）",
        "website_url": "http://www.cbf.com.tw",
        "ceo": "魏政祥",
        "pe_ratio": 16,
        "report_year_from": 2001,
        "report_year_to": 2023,
        "age": 23,
        "eps_negative_percentage": 0,
        "eps_growth_avg": {
            "last_all": 4.93,
            "last_2y": -1,
            "last_4y": 3.56,
            "last_8y": 1.88,
            "last_12y": 4.93,
            "last_16y": null,
            "last_20y": null,
            "at_2006_last_3y": null,
            "at_2007_last_3y": null,
            "at_2008_last_3y": null,
            "at_2009_last_3y": null,
            "at_2010_last_3y": null,
            "at_2011_last_3y": null,
            "at_2012_last_3y": null,
            "at_2013_last_3y": null,
            "at_2014_last_3y": 11.8,
            "at_2015_last_3y": -9.08,
            "at_2016_last_3y": 9.54,
            "at_2017_last_3y": -0.21,
            "at_2018_last_3y": -0.22,
            "at_2019_last_3y": -5.86,
            "at_2020_last_3y": 0.45,
            "at_2021_last_3y": 9.4,
            "at_2022_last_3y": -1.32,
            "at_2023_last_3y": 5.97,
            "at_2024_last_3y": 5.97,
            "at_2006_last_all": null,
            "at_2007_last_all": null,
            "at_2008_last_all": null,
            "at_2009_last_all": null,
            "at_2010_last_all": null,
            "at_2011_last_all": null,
            "at_2012_last_all": 13.61,
            "at_2013_last_all": 16.05,
            "at_2014_last_all": 11.8,
            "at_2015_last_all": 12.74,
            "at_2016_last_all": 10.89,
            "at_2017_last_all": 6.76,
            "at_2018_last_all": 5.79,
            "at_2019_last_all": 4.47,
            "at_2020_last_all": 6.71,
            "at_2021_last_all": 7.72,
            "at_2022_last_all": 3.42,
            "at_2023_last_all": 4.93,
            "at_2024_last_all": 4.93
        },
        "latest_eps": 0.96,
        "latest_price": 15.15,
        "latest_roe": 5.49,
        "latest_gross_margin": null,
        "latest_equity": 24933224,
        "latest_revenue": 347111,
        "latest_gross_profit": null,
        "latest_net_income": 199455,
        "latest_debt_ratio": 88.79,
        "latest_current_ratio": null,
        "latest_account_receivable_turnover_ratio": null,
        "latest_inventory_turnover_ratio": null,
        "latest_reinvestment_rate": -0.19,
        "latest_research_to_sale_ratio": null
    },
    "eps_dividends": {
        "1992": {
            "cash": 0,
            "stock": 3.31,
            "eps": 0
        },
        "1993": {
            "cash": 0,
            "stock": 2.47,
            "eps": 0
        },
        "1994": {
            "cash": 0,
            "stock": 1.83,
            "eps": 0
        },
        "1995": {
            "cash": 0,
            "stock": 2,
            "eps": 0
        },
        "1996": {
            "cash": 0,
            "stock": 1.8,
            "eps": 0
        },
        "2000": {
            "cash": 0.6,
            "stock": 0.4,
            "eps": 0
        },
        "2001": {
            "cash": 0.57,
            "stock": 0,
            "eps": 0
        },
        "2002": {
            "cash": 0,
            "stock": 0,
            "eps": 0
        },
        "2003": {
            "cash": 0,
            "stock": 0,
            "eps": 0
        },
        "2004": {
            "cash": 1.03,
            "stock": 0,
            "eps": 0
        },
        "2005": {
            "cash": 1.05,
            "stock": 0,
            "eps": 0
        },
        "2006": {
            "cash": 0.88,
            "stock": 0,
            "eps": 0
        },
        "2007": {
            "cash": 0,
            "stock": 0,
            "eps": 0
        },
        "2008": {
            "cash": 0,
            "stock": 0,
            "eps": 0
        },
        "2009": {
            "cash": 0.89,
            "stock": 0,
            "eps": 0
        },
        "2010": {
            "cash": 0.86,
            "stock": 0,
            "eps": 1.15
        },
        "2011": {
            "cash": 2.31,
            "stock": 0,
            "eps": 3.16
        },
        "2012": {
            "cash": 0,
            "stock": 0,
            "eps": 0.86
        },
        "2013": {
            "cash": 0.8,
            "stock": 0,
            "eps": 1.04
        },
        "2014": {
            "cash": 0.7,
            "stock": 0,
            "eps": 1.03
        },
        "2015": {
            "cash": 0.72,
            "stock": 0,
            "eps": 1.2
        },
        "2016": {
            "cash": 0.83,
            "stock": 0,
            "eps": 1.22
        },
        "2017": {
            "cash": 0.84,
            "stock": 0,
            "eps": 1
        },
        "2018": {
            "cash": 0.71,
            "stock": 0,
            "eps": 0.99
        },
        "2019": {
            "cash": 0.79,
            "stock": 0,
            "eps": 0.93
        },
        "2020": {
            "cash": 0.72,
            "stock": 0,
            "eps": 1.18
        },
        "2021": {
            "cash": 0.87,
            "stock": 0,
            "eps": 1.39
        },
        "2022": {
            "cash": 0.9,
            "stock": 0,
            "eps": 0.78
        },
        "2023": {
            "cash": 0.5,
            "stock": 0,
            "eps": 0.96
        },
        "2024": {
            "cash": 0.73,
            "stock": 0,
            "eps": 0
        }
    },
    "dividends": {
        "1992-03-28": {
            "cash": 0,
            "stock": 3.31
        },
        "1993-04-28": {
            "cash": 0,
            "stock": 2.47
        },
        "1994-04-23": {
            "cash": 0,
            "stock": 1.83
        },
        "1995-04-17": {
            "cash": 0,
            "stock": 2
        },
        "1996-04-30": {
            "cash": 0,
            "stock": 1.8
        },
        "2000-05-18": {
            "cash": 0.6,
            "stock": 0.4
        },
        "2001-05-22": {
            "cash": 0.57,
            "stock": 0
        },
        "2004-02-25": {
            "cash": 1.03,
            "stock": 0
        },
        "2005-02-23": {
            "cash": 1.05,
            "stock": 0
        },
        "2006-02-22": {
            "cash": 0.88,
            "stock": 0
        },
        "2009-03-11": {
            "cash": 0.89,
            "stock": 0
        },
        "2010-03-16": {
            "cash": 0.86,
            "stock": 0
        },
        "2011-01-01": {
            "cash": 1.5,
            "stock": 0
        },
        "2011-03-15": {
            "cash": 0.81,
            "stock": 0
        },
        "2013-02-26": {
            "cash": 0.8,
            "stock": 0
        },
        "2014-05-20": {
            "cash": 0.7,
            "stock": 0
        },
        "2015-07-29": {
            "cash": 0.72,
            "stock": 0
        },
        "2016-07-27": {
            "cash": 0.83,
            "stock": 0
        },
        "2017-07-26": {
            "cash": 0.84,
            "stock": 0
        },
        "2018-07-27": {
            "cash": 0.71,
            "stock": 0
        },
        "2019-07-26": {
            "cash": 0.79,
            "stock": 0
        },
        "2020-08-07": {
            "cash": 0.72,
            "stock": 0
        },
        "2021-08-27": {
            "cash": 0.87,
            "stock": 0
        },
        "2022-07-28": {
            "cash": 0.9,
            "stock": 0
        },
        "2023-07-28": {
            "cash": 0.5,
            "stock": 0
        },
        "2024-03-19": {
            "cash": 0.73,
            "stock": 0
        }
    },
    "prices": {
        "200101": "7.68",
        "200102": "7.95",
        "200103": "8.12",
        "200104": "7.65",
        "200105": "6.95",
        "200106": "6.80",
        "200107": "6.13",
        "200108": "5.77",
        "200109": "4.44",
        "200110": "4.19",
        "200111": "4.06",
        "200112": "5.16",
        "200201": "5.70",
        "200202": "5.94",
        "200203": "6.24",
        "200204": "8.00",
        "200205": "7.44",
        "200206": "7.36",
        "200207": "7.47",
        "200208": "7.33",
        "200209": "6.92",
        "200210": "7.32",
        "200211": "8.52",
        "200212": "9.49",
        "200301": "10.80",
        "200302": "9.42",
        "200303": "8.53",
        "200304": "8.55",
        "200305": "8.45",
        "200306": "9.53",
        "200307": "9.69",
        "200308": "9.37",
        "200309": "9.41",
        "200310": "9.58",
        "200311": "9.58",
        "200312": "9.57",
        "200401": "9.95",
        "200402": "10.82",
        "200403": "11.36",
        "200404": "11.78",
        "200405": "11.36",
        "200406": "11.30",
        "200407": "10.42",
        "200408": "9.66",
        "200409": "10.37",
        "200410": "10.60",
        "200411": "10.66",
        "200412": "10.69",
        "200501": "11.14",
        "200502": "11.22",
        "200503": "11.37",
        "200504": "11.19",
        "200505": "11.10",
        "200506": "11.22",
        "200507": "10.57",
        "200508": "10.43",
        "200509": "10.33",
        "200510": "10.24",
        "200511": "10.24",
        "200512": "10.33",
        "200601": "10.52",
        "200602": "10.74",
        "200603": "10.48",
        "200604": "10.50",
        "200605": "10.41",
        "200606": "9.96",
        "200607": "9.05",
        "200608": "8.45",
        "200609": "7.99",
        "200610": "8.45",
        "200611": "8.40",
        "200612": "8.69",
        "200701": "8.88",
        "200702": "8.59",
        "200703": "8.16",
        "200704": "8.24",
        "200705": "7.87",
        "200706": "7.91",
        "200707": "8.58",
        "200708": "8.03",
        "200709": "7.96",
        "200710": "8.10",
        "200711": "7.70",
        "200712": "7.38",
        "200801": "7.19",
        "200802": "7.02",
        "200803": "7.68",
        "200804": "8.28",
        "200805": "8.37",
        "200806": "7.59",
        "200807": "6.61",
        "200808": "6.27",
        "200809": "5.35",
        "200810": "4.05",
        "200811": "3.84",
        "200812": "4.48",
        "200901": "5.12",
        "200902": "6.05",
        "200903": "7.02",
        "200904": "8.56",
        "200905": "9.37",
        "200906": "9.86",
        "200907": "10.13",
        "200908": "9.21",
        "200909": "9.30",
        "200910": "9.06",
        "200911": "8.94",
        "200912": "8.95",
        "201001": "9.36",
        "201002": "9.20",
        "201003": "9.41",
        "201004": "9.53",
        "201005": "9.24",
        "201006": "9.20",
        "201007": "9.38",
        "201008": "8.71",
        "201009": "8.58",
        "201010": "8.84",
        "201011": "9.11",
        "201012": "9.89",
        "201101": "10.92",
        "201102": "10.89",
        "201103": "10.61",
        "201104": "10.85",
        "201105": "11.00",
        "201106": "11.09",
        "201107": "10.49",
        "201108": "9.90",
        "201109": "9.91",
        "201110": "10.53",
        "201111": "10.39",
        "201112": "10.24",
        "201201": "10.40",
        "201202": "11.02",
        "201203": "12.27",
        "201204": "12.66",
        "201205": "12.54",
        "201206": "12.38",
        "201207": "10.87",
        "201208": "10.57",
        "201209": "10.83",
        "201210": "10.80",
        "201211": "10.53",
        "201212": "10.88",
        "201301": "11.25",
        "201302": "11.53",
        "201303": "11.61",
        "201304": "11.62",
        "201305": "11.97",
        "201306": "11.26",
        "201307": "11.19",
        "201308": "11.51",
        "201309": "11.46",
        "201310": "11.52",
        "201311": "11.76",
        "201312": "11.80",
        "201401": "11.76",
        "201402": "11.78",
        "201403": "11.78",
        "201404": "11.79",
        "201405": "11.73",
        "201406": "11.38",
        "201407": "11.16",
        "201408": "11.17",
        "201409": "11.22",
        "201410": "11.15",
        "201411": "11.18",
        "201412": "11.22",
        "201501": "11.29",
        "201502": "11.54",
        "201503": "11.70",
        "201504": "11.79",
        "201505": "11.86",
        "201506": "11.80",
        "201507": "11.28",
        "201508": "11.20",
        "201509": "11.14",
        "201510": "11.28",
        "201511": "11.38",
        "201512": "11.41",
        "201601": "11.39",
        "201602": "11.73",
        "201603": "12.26",
        "201604": "12.29",
        "201605": "12.26",
        "201606": "12.40",
        "201607": "12.13",
        "201608": "12.51",
        "201609": "12.59",
        "201610": "12.60",
        "201611": "12.68",
        "201612": "12.95",
        "201701": "13.08",
        "201702": "13.52",
        "201703": "13.93",
        "201704": "14.07",
        "201705": "15.19",
        "201706": "15.35",
        "201707": "14.98",
        "201708": "14.95",
        "201709": "14.80",
        "201710": "15.15",
        "201711": "15.19",
        "201712": "15.30",
        "201801": "15.71",
        "201802": "15.22",
        "201803": "15.09",
        "201804": "14.55",
        "201805": "14.30",
        "201806": "14.32",
        "201807": "13.72",
        "201808": "13.86",
        "201809": "14.01",
        "201810": "13.54",
        "201811": "13.43",
        "201812": "13.40",
        "201901": "13.81",
        "201902": "14.05",
        "201903": "14.45",
        "201904": "14.70",
        "201905": "14.78",
        "201906": "14.86",
        "201907": "14.56",
        "201908": "14.80",
        "201909": "14.83",
        "201910": "14.97",
        "201911": "14.95",
        "201912": "14.98",
        "202001": "15.09",
        "202002": "15.37",
        "202003": "14.39",
        "202004": "14.30",
        "202005": "14.59",
        "202006": "15.14",
        "202007": "14.94",
        "202008": "14.77",
        "202009": "14.59",
        "202010": "14.64",
        "202011": "14.84",
        "202012": "14.85",
        "202101": "14.84",
        "202102": "14.87",
        "202103": "15.48",
        "202104": "16.00",
        "202105": "16.00",
        "202106": "16.11",
        "202107": "16.72",
        "202108": "16.33",
        "202109": "16.17",
        "202110": "16.37",
        "202111": "17.16",
        "202112": "17.15",
        "202201": "17.48",
        "202202": "17.25",
        "202203": "17.35",
        "202204": "17.58",
        "202205": "16.90",
        "202206": "16.86",
        "202207": "15.87",
        "202208": "16.13",
        "202209": "15.71",
        "202210": "14.34",
        "202211": "14.64",
        "202212": "14.63",
        "202301": "14.82",
        "202302": "15.44",
        "202303": "15.02",
        "202304": "15.07",
        "202305": "15.28",
        "202306": "15.42",
        "202307": "14.82",
        "202308": "14.64",
        "202309": "14.56",
        "202310": "14.40",
        "202311": "14.51",
        "202312": "14.95",
        "202401": "14.86",
        "202402": "14.75",
        "202403": "15.04",
        "202404": "無"
    },
    "quarters": {
        "20011": {
            "year_quarter": 20011,
            "year": 2001,
            "quarter": 1,
            "eps": null,
            "eps_growth_year": null,
            "eps_4q": null,
            "eps_4q_growth_year": null,
            "roe": null,
            "roe_4q": 0,
            "gross_profit": null,
            "gross_margin": null,
            "gross_margin_4q_avg": 0,
            "net_income": null,
            "net_income_4q": null,
            "revenue": null,
            "revenue_4q": null,
            "common_shares": null,
            "book_valuer_per_share": null,
            "book_valuer_per_share_4q_avg": 0,
            "equity": null,
            "current_ratio": null,
            "debt_ratio": null,
            "inventory_turnover_ratio": null,
            "account_receivable_turnover_ratio": null,
            "reinvestment_rate": null,
            "research_to_sale_ratio": null,
            "price_fair": 0,
            "eps_avg_yearly": 0,
            "eps_latest_yearly": 0,
            "eps_growth_yearly": 0
        },
        "20012": {
            "year_quarter": 20012,
            "year": 2001,
            "quarter": 2,
            "eps": null,
            "eps_growth_year": null,
            "eps_4q": null,
            "eps_4q_growth_year": null,
            "roe": null,
            "roe_4q": 0,
            "gross_profit": null,
            "gross_margin": null,
            "gross_margin_4q_avg": 0,
            "net_income": null,
            "net_income_4q": null,
            "revenue": null,
            "revenue_4q": null,
            "common_shares": null,
            "book_valuer_per_share": null,
            "book_valuer_per_share_4q_avg": 0,
            "equity": null,
            "current_ratio": null,
            "debt_ratio": null,
            "inventory_turnover_ratio": null,
            "account_receivable_turnover_ratio": null,
            "reinvestment_rate": null,
            "research_to_sale_ratio": null,
            "price_fair": 0,
            "eps_avg_yearly": 0,
            "eps_latest_yearly": 0,
            "eps_growth_yearly": 0
        },
        "20013": {
            "year_quarter": 20013,
            "year": 2001,
            "quarter": 3,
            "eps": null,
            "eps_growth_year": null,
            "eps_4q": null,
            "eps_4q_growth_year": null,
            "roe": null,
            "roe_4q": 0,
            "gross_profit": null,
            "gross_margin": null,
            "gross_margin_4q_avg": 0,
            "net_income": null,
            "net_income_4q": null,
            "revenue": null,
            "revenue_4q": null,
            "common_shares": null,
            "book_valuer_per_share": null,
            "book_valuer_per_share_4q_avg": 0,
            "equity": null,
            "current_ratio": null,
            "debt_ratio": null,
            "inventory_turnover_ratio": null,
            "account_receivable_turnover_ratio": null,
            "reinvestment_rate": null,
            "research_to_sale_ratio": null,
            "price_fair": 0,
            "eps_avg_yearly": 0,
            "eps_latest_yearly": 0,
            "eps_growth_yearly": 0
        },
        "20014": {
            "year_quarter": 20014,
            "year": 2001,
            "quarter": 4,
            "eps": null,
            "eps_growth_year": null,
            "eps_4q": null,
            "eps_4q_growth_year": null,
            "roe": null,
            "roe_4q": 0,
            "gross_profit": null,
            "gross_margin": null,
            "gross_margin_4q_avg": 0,
            "net_income": null,
            "net_income_4q": null,
            "revenue": null,
            "revenue_4q": null,
            "common_shares": null,
            "book_valuer_per_share": null,
            "book_valuer_per_share_4q_avg": 0,
            "equity": null,
            "current_ratio": null,
            "debt_ratio": null,
            "inventory_turnover_ratio": null,
            "account_receivable_turnover_ratio": null,
            "reinvestment_rate": null,
            "research_to_sale_ratio": null,
            "price_fair": 0,
            "eps_avg_yearly": 0,
            "eps_latest_yearly": 0,
            "eps_growth_yearly": 0
        },
        "20021": {
            "year_quarter": 20021,
            "year": 2002,
            "quarter": 1,
            "eps": null,
            "eps_growth_year": null,
            "eps_4q": null,
            "eps_4q_growth_year": null,
            "roe": null,
            "roe_4q": 0,
            "gross_profit": null,
            "gross_margin": null,
            "gross_margin_4q_avg": 0,
            "net_income": null,
            "net_income_4q": null,
            "revenue": null,
            "revenue_4q": null,
            "common_shares": null,
            "book_valuer_per_share": null,
            "book_valuer_per_share_4q_avg": 0,
            "equity": null,
            "current_ratio": null,
            "debt_ratio": null,
            "inventory_turnover_ratio": null,
            "account_receivable_turnover_ratio": null,
            "reinvestment_rate": null,
            "research_to_sale_ratio": null,
            "price_fair": 0,
            "eps_avg_yearly": 0,
            "eps_latest_yearly": 0,
            "eps_growth_yearly": 0
        },
        "20022": {
            "year_quarter": 20022,
            "year": 2002,
            "quarter": 2,
            "eps": null,
            "eps_growth_year": null,
            "eps_4q": null,
            "eps_4q_growth_year": null,
            "roe": null,
            "roe_4q": 0,
            "gross_profit": null,
            "gross_margin": null,
            "gross_margin_4q_avg": 0,
            "net_income": null,
            "net_income_4q": null,
            "revenue": null,
            "revenue_4q": null,
            "common_shares": null,
            "book_valuer_per_share": null,
            "book_valuer_per_share_4q_avg": 0,
            "equity": null,
            "current_ratio": null,
            "debt_ratio": null,
            "inventory_turnover_ratio": null,
            "account_receivable_turnover_ratio": null,
            "reinvestment_rate": null,
            "research_to_sale_ratio": null,
            "price_fair": 0,
            "eps_avg_yearly": 0,
            "eps_latest_yearly": 0,
            "eps_growth_yearly": 0
        },
        "20023": {
            "year_quarter": 20023,
            "year": 2002,
            "quarter": 3,
            "eps": null,
            "eps_growth_year": null,
            "eps_4q": null,
            "eps_4q_growth_year": null,
            "roe": null,
            "roe_4q": 0,
            "gross_profit": null,
            "gross_margin": null,
            "gross_margin_4q_avg": 0,
            "net_income": null,
            "net_income_4q": null,
            "revenue": null,
            "revenue_4q": null,
            "common_shares": null,
            "book_valuer_per_share": null,
            "book_valuer_per_share_4q_avg": 0,
            "equity": null,
            "current_ratio": null,
            "debt_ratio": null,
            "inventory_turnover_ratio": null,
            "account_receivable_turnover_ratio": null,
            "reinvestment_rate": null,
            "research_to_sale_ratio": null,
            "price_fair": 0,
            "eps_avg_yearly": 0,
            "eps_latest_yearly": 0,
            "eps_growth_yearly": 0
        },
        "20024": {
            "year_quarter": 20024,
            "year": 2002,
            "quarter": 4,
            "eps": null,
            "eps_growth_year": null,
            "eps_4q": null,
            "eps_4q_growth_year": null,
            "roe": null,
            "roe_4q": 0,
            "gross_profit": null,
            "gross_margin": null,
            "gross_margin_4q_avg": 0,
            "net_income": null,
            "net_income_4q": null,
            "revenue": null,
            "revenue_4q": null,
            "common_shares": null,
            "book_valuer_per_share": null,
            "book_valuer_per_share_4q_avg": 0,
            "equity": null,
            "current_ratio": null,
            "debt_ratio": null,
            "inventory_turnover_ratio": null,
            "account_receivable_turnover_ratio": null,
            "reinvestment_rate": null,
            "research_to_sale_ratio": null,
            "price_fair": 0,
            "eps_avg_yearly": 0,
            "eps_latest_yearly": 0,
            "eps_growth_yearly": 0
        },
        "20031": {
            "year_quarter": 20031,
            "year": 2003,
            "quarter": 1,
            "eps": null,
            "eps_growth_year": null,
            "eps_4q": null,
            "eps_4q_growth_year": null,
            "roe": null,
            "roe_4q": 0,
            "gross_profit": null,
            "gross_margin": null,
            "gross_margin_4q_avg": 0,
            "net_income": null,
            "net_income_4q": null,
            "revenue": null,
            "revenue_4q": null,
            "common_shares": null,
            "book_valuer_per_share": null,
            "book_valuer_per_share_4q_avg": 0,
            "equity": null,
            "current_ratio": null,
            "debt_ratio": null,
            "inventory_turnover_ratio": null,
            "account_receivable_turnover_ratio": null,
            "reinvestment_rate": null,
            "research_to_sale_ratio": null,
            "price_fair": 0,
            "eps_avg_yearly": 0,
            "eps_latest_yearly": 0,
            "eps_growth_yearly": 0
        },
        "20032": {
            "year_quarter": 20032,
            "year": 2003,
            "quarter": 2,
            "eps": null,
            "eps_growth_year": null,
            "eps_4q": null,
            "eps_4q_growth_year": null,
            "roe": null,
            "roe_4q": 0,
            "gross_profit": null,
            "gross_margin": null,
            "gross_margin_4q_avg": 0,
            "net_income": null,
            "net_income_4q": null,
            "revenue": null,
            "revenue_4q": null,
            "common_shares": null,
            "book_valuer_per_share": null,
            "book_valuer_per_share_4q_avg": 0,
            "equity": null,
            "current_ratio": null,
            "debt_ratio": null,
            "inventory_turnover_ratio": null,
            "account_receivable_turnover_ratio": null,
            "reinvestment_rate": null,
            "research_to_sale_ratio": null,
            "price_fair": 0,
            "eps_avg_yearly": 0,
            "eps_latest_yearly": 0,
            "eps_growth_yearly": 0
        },
        "20033": {
            "year_quarter": 20033,
            "year": 2003,
            "quarter": 3,
            "eps": null,
            "eps_growth_year": null,
            "eps_4q": null,
            "eps_4q_growth_year": null,
            "roe": null,
            "roe_4q": 0,
            "gross_profit": null,
            "gross_margin": null,
            "gross_margin_4q_avg": 0,
            "net_income": null,
            "net_income_4q": null,
            "revenue": null,
            "revenue_4q": null,
            "common_shares": null,
            "book_valuer_per_share": null,
            "book_valuer_per_share_4q_avg": 0,
            "equity": null,
            "current_ratio": null,
            "debt_ratio": null,
            "inventory_turnover_ratio": null,
            "account_receivable_turnover_ratio": null,
            "reinvestment_rate": null,
            "research_to_sale_ratio": null,
            "price_fair": 0,
            "eps_avg_yearly": 0,
            "eps_latest_yearly": 0,
            "eps_growth_yearly": 0
        },
        "20034": {
            "year_quarter": 20034,
            "year": 2003,
            "quarter": 4,
            "eps": null,
            "eps_growth_year": null,
            "eps_4q": null,
            "eps_4q_growth_year": null,
            "roe": null,
            "roe_4q": 0,
            "gross_profit": null,
            "gross_margin": null,
            "gross_margin_4q_avg": 0,
            "net_income": null,
            "net_income_4q": null,
            "revenue": null,
            "revenue_4q": null,
            "common_shares": null,
            "book_valuer_per_share": null,
            "book_valuer_per_share_4q_avg": 0,
            "equity": null,
            "current_ratio": null,
            "debt_ratio": null,
            "inventory_turnover_ratio": null,
            "account_receivable_turnover_ratio": null,
            "reinvestment_rate": null,
            "research_to_sale_ratio": null,
            "price_fair": 0,
            "eps_avg_yearly": 0,
            "eps_latest_yearly": 0,
            "eps_growth_yearly": 0
        },
        "20041": {
            "year_quarter": 20041,
            "year": 2004,
            "quarter": 1,
            "eps": null,
            "eps_growth_year": null,
            "eps_4q": null,
            "eps_4q_growth_year": null,
            "roe": null,
            "roe_4q": 0,
            "gross_profit": null,
            "gross_margin": null,
            "gross_margin_4q_avg": 0,
            "net_income": null,
            "net_income_4q": null,
            "revenue": null,
            "revenue_4q": null,
            "common_shares": null,
            "book_valuer_per_share": null,
            "book_valuer_per_share_4q_avg": 0,
            "equity": null,
            "current_ratio": null,
            "debt_ratio": null,
            "inventory_turnover_ratio": null,
            "account_receivable_turnover_ratio": null,
            "reinvestment_rate": null,
            "research_to_sale_ratio": null,
            "price_fair": 0,
            "eps_avg_yearly": 0,
            "eps_latest_yearly": 0,
            "eps_growth_yearly": 0
        },
        "20042": {
            "year_quarter": 20042,
            "year": 2004,
            "quarter": 2,
            "eps": null,
            "eps_growth_year": null,
            "eps_4q": null,
            "eps_4q_growth_year": null,
            "roe": null,
            "roe_4q": 0,
            "gross_profit": null,
            "gross_margin": null,
            "gross_margin_4q_avg": 0,
            "net_income": null,
            "net_income_4q": null,
            "revenue": null,
            "revenue_4q": null,
            "common_shares": null,
            "book_valuer_per_share": null,
            "book_valuer_per_share_4q_avg": 0,
            "equity": null,
            "current_ratio": null,
            "debt_ratio": null,
            "inventory_turnover_ratio": null,
            "account_receivable_turnover_ratio": null,
            "reinvestment_rate": null,
            "research_to_sale_ratio": null,
            "price_fair": 0,
            "eps_avg_yearly": 0,
            "eps_latest_yearly": 0,
            "eps_growth_yearly": 0
        },
        "20043": {
            "year_quarter": 20043,
            "year": 2004,
            "quarter": 3,
            "eps": null,
            "eps_growth_year": null,
            "eps_4q": null,
            "eps_4q_growth_year": null,
            "roe": null,
            "roe_4q": 0,
            "gross_profit": null,
            "gross_margin": null,
            "gross_margin_4q_avg": 0,
            "net_income": null,
            "net_income_4q": null,
            "revenue": null,
            "revenue_4q": null,
            "common_shares": null,
            "book_valuer_per_share": null,
            "book_valuer_per_share_4q_avg": 0,
            "equity": null,
            "current_ratio": null,
            "debt_ratio": null,
            "inventory_turnover_ratio": null,
            "account_receivable_turnover_ratio": null,
            "reinvestment_rate": null,
            "research_to_sale_ratio": null,
            "price_fair": 0,
            "eps_avg_yearly": 0,
            "eps_latest_yearly": 0,
            "eps_growth_yearly": 0
        },
        "20044": {
            "year_quarter": 20044,
            "year": 2004,
            "quarter": 4,
            "eps": null,
            "eps_growth_year": null,
            "eps_4q": null,
            "eps_4q_growth_year": null,
            "roe": null,
            "roe_4q": 0,
            "gross_profit": null,
            "gross_margin": null,
            "gross_margin_4q_avg": 0,
            "net_income": null,
            "net_income_4q": null,
            "revenue": null,
            "revenue_4q": null,
            "common_shares": null,
            "book_valuer_per_share": null,
            "book_valuer_per_share_4q_avg": 0,
            "equity": null,
            "current_ratio": null,
            "debt_ratio": null,
            "inventory_turnover_ratio": null,
            "account_receivable_turnover_ratio": null,
            "reinvestment_rate": null,
            "research_to_sale_ratio": null,
            "price_fair": 0,
            "eps_avg_yearly": 0,
            "eps_latest_yearly": 0,
            "eps_growth_yearly": 0
        },
        "20051": {
            "year_quarter": 20051,
            "year": 2005,
            "quarter": 1,
            "eps": null,
            "eps_growth_year": null,
            "eps_4q": null,
            "eps_4q_growth_year": null,
            "roe": null,
            "roe_4q": 0,
            "gross_profit": null,
            "gross_margin": null,
            "gross_margin_4q_avg": 0,
            "net_income": null,
            "net_income_4q": null,
            "revenue": null,
            "revenue_4q": null,
            "common_shares": null,
            "book_valuer_per_share": null,
            "book_valuer_per_share_4q_avg": 0,
            "equity": null,
            "current_ratio": null,
            "debt_ratio": null,
            "inventory_turnover_ratio": null,
            "account_receivable_turnover_ratio": null,
            "reinvestment_rate": null,
            "research_to_sale_ratio": null,
            "price_fair": 0,
            "eps_avg_yearly": 0,
            "eps_latest_yearly": 0,
            "eps_growth_yearly": 0
        },
        "20052": {
            "year_quarter": 20052,
            "year": 2005,
            "quarter": 2,
            "eps": null,
            "eps_growth_year": null,
            "eps_4q": null,
            "eps_4q_growth_year": null,
            "roe": null,
            "roe_4q": 0,
            "gross_profit": null,
            "gross_margin": null,
            "gross_margin_4q_avg": 0,
            "net_income": null,
            "net_income_4q": null,
            "revenue": null,
            "revenue_4q": null,
            "common_shares": null,
            "book_valuer_per_share": null,
            "book_valuer_per_share_4q_avg": 0,
            "equity": null,
            "current_ratio": null,
            "debt_ratio": null,
            "inventory_turnover_ratio": null,
            "account_receivable_turnover_ratio": null,
            "reinvestment_rate": null,
            "research_to_sale_ratio": null,
            "price_fair": 0,
            "eps_avg_yearly": 0,
            "eps_latest_yearly": 0,
            "eps_growth_yearly": 0
        },
        "20053": {
            "year_quarter": 20053,
            "year": 2005,
            "quarter": 3,
            "eps": null,
            "eps_growth_year": null,
            "eps_4q": null,
            "eps_4q_growth_year": null,
            "roe": null,
            "roe_4q": 0,
            "gross_profit": null,
            "gross_margin": null,
            "gross_margin_4q_avg": 0,
            "net_income": null,
            "net_income_4q": null,
            "revenue": null,
            "revenue_4q": null,
            "common_shares": null,
            "book_valuer_per_share": null,
            "book_valuer_per_share_4q_avg": 0,
            "equity": null,
            "current_ratio": null,
            "debt_ratio": null,
            "inventory_turnover_ratio": null,
            "account_receivable_turnover_ratio": null,
            "reinvestment_rate": null,
            "research_to_sale_ratio": null,
            "price_fair": 0,
            "eps_avg_yearly": 0,
            "eps_latest_yearly": 0,
            "eps_growth_yearly": 0
        },
        "20054": {
            "year_quarter": 20054,
            "year": 2005,
            "quarter": 4,
            "eps": null,
            "eps_growth_year": null,
            "eps_4q": null,
            "eps_4q_growth_year": null,
            "roe": null,
            "roe_4q": 0,
            "gross_profit": null,
            "gross_margin": null,
            "gross_margin_4q_avg": 0,
            "net_income": null,
            "net_income_4q": null,
            "revenue": null,
            "revenue_4q": null,
            "common_shares": null,
            "book_valuer_per_share": null,
            "book_valuer_per_share_4q_avg": 0,
            "equity": null,
            "current_ratio": null,
            "debt_ratio": null,
            "inventory_turnover_ratio": null,
            "account_receivable_turnover_ratio": null,
            "reinvestment_rate": null,
            "research_to_sale_ratio": null,
            "price_fair": 0,
            "eps_avg_yearly": 0,
            "eps_latest_yearly": 0,
            "eps_growth_yearly": 0
        },
        "20061": {
            "year_quarter": 20061,
            "year": 2006,
            "quarter": 1,
            "eps": null,
            "eps_growth_year": null,
            "eps_4q": null,
            "eps_4q_growth_year": null,
            "roe": null,
            "roe_4q": 0,
            "gross_profit": null,
            "gross_margin": null,
            "gross_margin_4q_avg": 0,
            "net_income": null,
            "net_income_4q": null,
            "revenue": null,
            "revenue_4q": null,
            "common_shares": null,
            "book_valuer_per_share": null,
            "book_valuer_per_share_4q_avg": 0,
            "equity": null,
            "current_ratio": null,
            "debt_ratio": null,
            "inventory_turnover_ratio": null,
            "account_receivable_turnover_ratio": null,
            "reinvestment_rate": null,
            "research_to_sale_ratio": null,
            "price_fair": 0,
            "eps_avg_yearly": 0,
            "eps_latest_yearly": 0,
            "eps_growth_yearly": 0
        },
        "20062": {
            "year_quarter": 20062,
            "year": 2006,
            "quarter": 2,
            "eps": null,
            "eps_growth_year": null,
            "eps_4q": null,
            "eps_4q_growth_year": null,
            "roe": null,
            "roe_4q": 0,
            "gross_profit": null,
            "gross_margin": null,
            "gross_margin_4q_avg": 0,
            "net_income": null,
            "net_income_4q": null,
            "revenue": null,
            "revenue_4q": null,
            "common_shares": null,
            "book_valuer_per_share": null,
            "book_valuer_per_share_4q_avg": 0,
            "equity": null,
            "current_ratio": null,
            "debt_ratio": null,
            "inventory_turnover_ratio": null,
            "account_receivable_turnover_ratio": null,
            "reinvestment_rate": null,
            "research_to_sale_ratio": null,
            "price_fair": 0,
            "eps_avg_yearly": 0,
            "eps_latest_yearly": 0,
            "eps_growth_yearly": 0
        },
        "20063": {
            "year_quarter": 20063,
            "year": 2006,
            "quarter": 3,
            "eps": null,
            "eps_growth_year": null,
            "eps_4q": null,
            "eps_4q_growth_year": null,
            "roe": null,
            "roe_4q": 0,
            "gross_profit": null,
            "gross_margin": null,
            "gross_margin_4q_avg": 0,
            "net_income": null,
            "net_income_4q": null,
            "revenue": null,
            "revenue_4q": null,
            "common_shares": null,
            "book_valuer_per_share": null,
            "book_valuer_per_share_4q_avg": 0,
            "equity": null,
            "current_ratio": null,
            "debt_ratio": null,
            "inventory_turnover_ratio": null,
            "account_receivable_turnover_ratio": null,
            "reinvestment_rate": null,
            "research_to_sale_ratio": null,
            "price_fair": 0,
            "eps_avg_yearly": 0,
            "eps_latest_yearly": 0,
            "eps_growth_yearly": 0
        },
        "20064": {
            "year_quarter": 20064,
            "year": 2006,
            "quarter": 4,
            "eps": null,
            "eps_growth_year": null,
            "eps_4q": null,
            "eps_4q_growth_year": null,
            "roe": null,
            "roe_4q": 0,
            "gross_profit": null,
            "gross_margin": null,
            "gross_margin_4q_avg": 0,
            "net_income": null,
            "net_income_4q": null,
            "revenue": null,
            "revenue_4q": null,
            "common_shares": null,
            "book_valuer_per_share": null,
            "book_valuer_per_share_4q_avg": 0,
            "equity": null,
            "current_ratio": null,
            "debt_ratio": null,
            "inventory_turnover_ratio": null,
            "account_receivable_turnover_ratio": null,
            "reinvestment_rate": null,
            "research_to_sale_ratio": null,
            "price_fair": 0,
            "eps_avg_yearly": 0,
            "eps_latest_yearly": 0,
            "eps_growth_yearly": 0
        },
        "20071": {
            "year_quarter": 20071,
            "year": 2007,
            "quarter": 1,
            "eps": null,
            "eps_growth_year": null,
            "eps_4q": null,
            "eps_4q_growth_year": null,
            "roe": null,
            "roe_4q": 0,
            "gross_profit": null,
            "gross_margin": null,
            "gross_margin_4q_avg": 0,
            "net_income": null,
            "net_income_4q": null,
            "revenue": null,
            "revenue_4q": null,
            "common_shares": null,
            "book_valuer_per_share": null,
            "book_valuer_per_share_4q_avg": 0,
            "equity": null,
            "current_ratio": null,
            "debt_ratio": null,
            "inventory_turnover_ratio": null,
            "account_receivable_turnover_ratio": null,
            "reinvestment_rate": null,
            "research_to_sale_ratio": null,
            "price_fair": 0,
            "eps_avg_yearly": 0,
            "eps_latest_yearly": 0,
            "eps_growth_yearly": 0
        },
        "20072": {
            "year_quarter": 20072,
            "year": 2007,
            "quarter": 2,
            "eps": null,
            "eps_growth_year": null,
            "eps_4q": null,
            "eps_4q_growth_year": null,
            "roe": null,
            "roe_4q": 0,
            "gross_profit": null,
            "gross_margin": null,
            "gross_margin_4q_avg": 0,
            "net_income": null,
            "net_income_4q": null,
            "revenue": null,
            "revenue_4q": null,
            "common_shares": null,
            "book_valuer_per_share": null,
            "book_valuer_per_share_4q_avg": 0,
            "equity": null,
            "current_ratio": null,
            "debt_ratio": null,
            "inventory_turnover_ratio": null,
            "account_receivable_turnover_ratio": null,
            "reinvestment_rate": null,
            "research_to_sale_ratio": null,
            "price_fair": 0,
            "eps_avg_yearly": 0,
            "eps_latest_yearly": 0,
            "eps_growth_yearly": 0
        },
        "20073": {
            "year_quarter": 20073,
            "year": 2007,
            "quarter": 3,
            "eps": null,
            "eps_growth_year": null,
            "eps_4q": null,
            "eps_4q_growth_year": null,
            "roe": null,
            "roe_4q": 0,
            "gross_profit": null,
            "gross_margin": null,
            "gross_margin_4q_avg": 0,
            "net_income": null,
            "net_income_4q": null,
            "revenue": null,
            "revenue_4q": null,
            "common_shares": null,
            "book_valuer_per_share": null,
            "book_valuer_per_share_4q_avg": 0,
            "equity": null,
            "current_ratio": null,
            "debt_ratio": null,
            "inventory_turnover_ratio": null,
            "account_receivable_turnover_ratio": null,
            "reinvestment_rate": null,
            "research_to_sale_ratio": null,
            "price_fair": 0,
            "eps_avg_yearly": 0,
            "eps_latest_yearly": 0,
            "eps_growth_yearly": 0
        },
        "20074": {
            "year_quarter": 20074,
            "year": 2007,
            "quarter": 4,
            "eps": null,
            "eps_growth_year": null,
            "eps_4q": null,
            "eps_4q_growth_year": null,
            "roe": null,
            "roe_4q": 0,
            "gross_profit": null,
            "gross_margin": null,
            "gross_margin_4q_avg": 0,
            "net_income": null,
            "net_income_4q": null,
            "revenue": null,
            "revenue_4q": null,
            "common_shares": null,
            "book_valuer_per_share": null,
            "book_valuer_per_share_4q_avg": 0,
            "equity": null,
            "current_ratio": null,
            "debt_ratio": null,
            "inventory_turnover_ratio": null,
            "account_receivable_turnover_ratio": null,
            "reinvestment_rate": null,
            "research_to_sale_ratio": null,
            "price_fair": 0,
            "eps_avg_yearly": 0,
            "eps_latest_yearly": 0,
            "eps_growth_yearly": 0
        },
        "20081": {
            "year_quarter": 20081,
            "year": 2008,
            "quarter": 1,
            "eps": null,
            "eps_growth_year": null,
            "eps_4q": null,
            "eps_4q_growth_year": null,
            "roe": null,
            "roe_4q": 0,
            "gross_profit": null,
            "gross_margin": null,
            "gross_margin_4q_avg": 0,
            "net_income": null,
            "net_income_4q": null,
            "revenue": null,
            "revenue_4q": null,
            "common_shares": null,
            "book_valuer_per_share": null,
            "book_valuer_per_share_4q_avg": 0,
            "equity": null,
            "current_ratio": null,
            "debt_ratio": null,
            "inventory_turnover_ratio": null,
            "account_receivable_turnover_ratio": null,
            "reinvestment_rate": null,
            "research_to_sale_ratio": null,
            "price_fair": 0,
            "eps_avg_yearly": 0,
            "eps_latest_yearly": 0,
            "eps_growth_yearly": 0
        },
        "20082": {
            "year_quarter": 20082,
            "year": 2008,
            "quarter": 2,
            "eps": null,
            "eps_growth_year": null,
            "eps_4q": null,
            "eps_4q_growth_year": null,
            "roe": null,
            "roe_4q": 0,
            "gross_profit": null,
            "gross_margin": null,
            "gross_margin_4q_avg": 0,
            "net_income": null,
            "net_income_4q": null,
            "revenue": null,
            "revenue_4q": null,
            "common_shares": null,
            "book_valuer_per_share": null,
            "book_valuer_per_share_4q_avg": 0,
            "equity": null,
            "current_ratio": null,
            "debt_ratio": null,
            "inventory_turnover_ratio": null,
            "account_receivable_turnover_ratio": null,
            "reinvestment_rate": null,
            "research_to_sale_ratio": null,
            "price_fair": 0,
            "eps_avg_yearly": 0,
            "eps_latest_yearly": 0,
            "eps_growth_yearly": 0
        },
        "20083": {
            "year_quarter": 20083,
            "year": 2008,
            "quarter": 3,
            "eps": null,
            "eps_growth_year": null,
            "eps_4q": null,
            "eps_4q_growth_year": null,
            "roe": null,
            "roe_4q": 0,
            "gross_profit": null,
            "gross_margin": null,
            "gross_margin_4q_avg": 0,
            "net_income": null,
            "net_income_4q": null,
            "revenue": null,
            "revenue_4q": null,
            "common_shares": null,
            "book_valuer_per_share": null,
            "book_valuer_per_share_4q_avg": 0,
            "equity": null,
            "current_ratio": null,
            "debt_ratio": null,
            "inventory_turnover_ratio": null,
            "account_receivable_turnover_ratio": null,
            "reinvestment_rate": null,
            "research_to_sale_ratio": null,
            "price_fair": 0,
            "eps_avg_yearly": 0,
            "eps_latest_yearly": 0,
            "eps_growth_yearly": 0
        },
        "20084": {
            "year_quarter": 20084,
            "year": 2008,
            "quarter": 4,
            "eps": null,
            "eps_growth_year": null,
            "eps_4q": null,
            "eps_4q_growth_year": null,
            "roe": null,
            "roe_4q": 0,
            "gross_profit": null,
            "gross_margin": null,
            "gross_margin_4q_avg": 0,
            "net_income": null,
            "net_income_4q": null,
            "revenue": null,
            "revenue_4q": null,
            "common_shares": 16787000,
            "book_valuer_per_share": null,
            "book_valuer_per_share_4q_avg": 0,
            "equity": 21320632,
            "current_ratio": null,
            "debt_ratio": null,
            "inventory_turnover_ratio": null,
            "account_receivable_turnover_ratio": null,
            "reinvestment_rate": null,
            "research_to_sale_ratio": null,
            "price_fair": 0,
            "eps_avg_yearly": 0,
            "eps_latest_yearly": 0,
            "eps_growth_yearly": 0
        },
        "20091": {
            "year_quarter": 20091,
            "year": 2009,
            "quarter": 1,
            "eps": null,
            "eps_growth_year": null,
            "eps_4q": null,
            "eps_4q_growth_year": null,
            "roe": null,
            "roe_4q": 0,
            "gross_profit": null,
            "gross_margin": null,
            "gross_margin_4q_avg": 0,
            "net_income": 688157,
            "net_income_4q": null,
            "revenue": 688157,
            "revenue_4q": null,
            "common_shares": 16787000,
            "book_valuer_per_share": null,
            "book_valuer_per_share_4q_avg": 0,
            "equity": 22344522,
            "current_ratio": null,
            "debt_ratio": null,
            "inventory_turnover_ratio": null,
            "account_receivable_turnover_ratio": null,
            "reinvestment_rate": null,
            "research_to_sale_ratio": null,
            "price_fair": 0,
            "eps_avg_yearly": 0,
            "eps_latest_yearly": 0,
            "eps_growth_yearly": 0
        },
        "20092": {
            "year_quarter": 20092,
            "year": 2009,
            "quarter": 2,
            "eps": null,
            "eps_growth_year": null,
            "eps_4q": null,
            "eps_4q_growth_year": null,
            "roe": null,
            "roe_4q": 0,
            "gross_profit": null,
            "gross_margin": null,
            "gross_margin_4q_avg": 0,
            "net_income": 488193,
            "net_income_4q": null,
            "revenue": 488193,
            "revenue_4q": null,
            "common_shares": 16787000,
            "book_valuer_per_share": null,
            "book_valuer_per_share_4q_avg": 0,
            "equity": 21234378,
            "current_ratio": null,
            "debt_ratio": null,
            "inventory_turnover_ratio": null,
            "account_receivable_turnover_ratio": null,
            "reinvestment_rate": null,
            "research_to_sale_ratio": null,
            "price_fair": 0,
            "eps_avg_yearly": 0,
            "eps_latest_yearly": 0,
            "eps_growth_yearly": 0
        },
        "20093": {
            "year_quarter": 20093,
            "year": 2009,
            "quarter": 3,
            "eps": null,
            "eps_growth_year": null,
            "eps_4q": null,
            "eps_4q_growth_year": null,
            "roe": null,
            "roe_4q": 0,
            "gross_profit": null,
            "gross_margin": null,
            "gross_margin_4q_avg": 0,
            "net_income": 390341,
            "net_income_4q": null,
            "revenue": 390341,
            "revenue_4q": null,
            "common_shares": 16787000,
            "book_valuer_per_share": null,
            "book_valuer_per_share_4q_avg": 0,
            "equity": 21851777,
            "current_ratio": null,
            "debt_ratio": null,
            "inventory_turnover_ratio": null,
            "account_receivable_turnover_ratio": null,
            "reinvestment_rate": null,
            "research_to_sale_ratio": null,
            "price_fair": 0,
            "eps_avg_yearly": 0,
            "eps_latest_yearly": 0,
            "eps_growth_yearly": 0
        },
        "20094": {
            "year_quarter": 20094,
            "year": 2009,
            "quarter": 4,
            "eps": null,
            "eps_growth_year": null,
            "eps_4q": null,
            "eps_4q_growth_year": null,
            "roe": null,
            "roe_4q": 0,
            "gross_profit": null,
            "gross_margin": null,
            "gross_margin_4q_avg": 0,
            "net_income": 83720,
            "net_income_4q": null,
            "revenue": 83720,
            "revenue_4q": null,
            "common_shares": 16787000,
            "book_valuer_per_share": 12.88,
            "book_valuer_per_share_4q_avg": 3.22,
            "equity": 21628730,
            "current_ratio": null,
            "debt_ratio": 86.05,
            "inventory_turnover_ratio": null,
            "account_receivable_turnover_ratio": null,
            "reinvestment_rate": null,
            "research_to_sale_ratio": null,
            "price_fair": 0,
            "eps_avg_yearly": 0,
            "eps_latest_yearly": 0,
            "eps_growth_yearly": 0
        },
        "20101": {
            "year_quarter": 20101,
            "year": 2010,
            "quarter": 1,
            "eps": 0.23,
            "eps_growth_year": null,
            "eps_4q": 0.24,
            "eps_4q_growth_year": null,
            "roe": 1.61,
            "roe_4q": 1.61,
            "gross_profit": null,
            "gross_margin": null,
            "gross_margin_4q_avg": 0,
            "net_income": 323438,
            "net_income_4q": null,
            "revenue": 323438,
            "revenue_4q": null,
            "common_shares": 13429600,
            "book_valuer_per_share": 13.82,
            "book_valuer_per_share_4q_avg": 6.68,
            "equity": 18557752,
            "current_ratio": null,
            "debt_ratio": 87.3,
            "inventory_turnover_ratio": null,
            "account_receivable_turnover_ratio": null,
            "reinvestment_rate": null,
            "research_to_sale_ratio": null,
            "price_fair": 0,
            "eps_avg_yearly": 0,
            "eps_latest_yearly": 0,
            "eps_growth_yearly": 0
        },
        "20102": {
            "year_quarter": 20102,
            "year": 2010,
            "quarter": 2,
            "eps": 0.22,
            "eps_growth_year": null,
            "eps_4q": 0.46,
            "eps_4q_growth_year": null,
            "roe": 1.6,
            "roe_4q": 3.21,
            "gross_profit": null,
            "gross_margin": null,
            "gross_margin_4q_avg": 0,
            "net_income": 289905,
            "net_income_4q": null,
            "revenue": 289905,
            "revenue_4q": null,
            "common_shares": 13429600,
            "book_valuer_per_share": 13.12,
            "book_valuer_per_share_4q_avg": 9.96,
            "equity": 17619664,
            "current_ratio": null,
            "debt_ratio": 88.25,
            "inventory_turnover_ratio": null,
            "account_receivable_turnover_ratio": null,
            "reinvestment_rate": null,
            "research_to_sale_ratio": null,
            "price_fair": 2.64,
            "eps_avg_yearly": 0.88,
            "eps_latest_yearly": 0.88,
            "eps_growth_yearly": -17.39
        },
        "20103": {
            "year_quarter": 20103,
            "year": 2010,
            "quarter": 3,
            "eps": 0.33,
            "eps_growth_year": null,
            "eps_4q": 0.78,
            "eps_4q_growth_year": null,
            "roe": 2.45,
            "roe_4q": 5.660000000000001,
            "gross_profit": null,
            "gross_margin": null,
            "gross_margin_4q_avg": 0,
            "net_income": 438567,
            "net_income_4q": null,
            "revenue": 438567,
            "revenue_4q": null,
            "common_shares": 13429600,
            "book_valuer_per_share": 13.55,
            "book_valuer_per_share_4q_avg": 13.34,
            "equity": 18195069,
            "current_ratio": null,
            "debt_ratio": 88.14,
            "inventory_turnover_ratio": null,
            "account_receivable_turnover_ratio": null,
            "reinvestment_rate": null,
            "research_to_sale_ratio": null,
            "price_fair": 38.5,
            "eps_avg_yearly": 1.1,
            "eps_latest_yearly": 1.32,
            "eps_growth_yearly": 91.3
        },
        "20104": {
            "year_quarter": 20104,
            "year": 2010,
            "quarter": 4,
            "eps": 0.37,
            "eps_growth_year": null,
            "eps_4q": 1.16,
            "eps_4q_growth_year": null,
            "roe": 2.74,
            "roe_4q": 8.4,
            "gross_profit": null,
            "gross_margin": null,
            "gross_margin_4q_avg": 0,
            "net_income": 503045,
            "net_income_4q": null,
            "revenue": 503045,
            "revenue_4q": null,
            "common_shares": 13429600,
            "book_valuer_per_share": 13.78,
            "book_valuer_per_share_4q_avg": 13.57,
            "equity": 18505934,
            "current_ratio": null,
            "debt_ratio": 88.44,
            "inventory_turnover_ratio": null,
            "account_receivable_turnover_ratio": null,
            "reinvestment_rate": null,
            "research_to_sale_ratio": null,
            "price_fair": 42.93,
            "eps_avg_yearly": 1.23,
            "eps_latest_yearly": 1.48,
            "eps_growth_yearly": 77.03
        },
        "20111": {
            "year_quarter": 20111,
            "year": 2011,
            "quarter": 1,
            "eps": 0.24,
            "eps_growth_year": 4.35,
            "eps_4q": 1.16,
            "eps_4q_growth_year": 381.5,
            "roe": 1.74,
            "roe_4q": 8.530000000000001,
            "gross_profit": null,
            "gross_margin": null,
            "gross_margin_4q_avg": 0,
            "net_income": 325853,
            "net_income_4q": null,
            "revenue": 325853,
            "revenue_4q": null,
            "common_shares": 13429600,
            "book_valuer_per_share": 14.06,
            "book_valuer_per_share_4q_avg": 13.63,
            "equity": 18883231,
            "current_ratio": null,
            "debt_ratio": 88.29,
            "inventory_turnover_ratio": null,
            "account_receivable_turnover_ratio": null,
            "reinvestment_rate": null,
            "research_to_sale_ratio": null,
            "price_fair": 37.86,
            "eps_avg_yearly": 1.16,
            "eps_latest_yearly": 0.96,
            "eps_growth_yearly": 22.64
        },
        "20112": {
            "year_quarter": 20112,
            "year": 2011,
            "quarter": 2,
            "eps": 0.2,
            "eps_growth_year": -7.46,
            "eps_4q": 1.14,
            "eps_4q_growth_year": 150.39,
            "roe": 1.45,
            "roe_4q": 8.379999999999999,
            "gross_profit": null,
            "gross_margin": null,
            "gross_margin_4q_avg": 0,
            "net_income": 268268,
            "net_income_4q": null,
            "revenue": 268268,
            "revenue_4q": null,
            "common_shares": 13429600,
            "book_valuer_per_share": 13.4,
            "book_valuer_per_share_4q_avg": 13.7,
            "equity": 17998747,
            "current_ratio": null,
            "debt_ratio": 87.72,
            "inventory_turnover_ratio": null,
            "account_receivable_turnover_ratio": 11.22,
            "reinvestment_rate": null,
            "research_to_sale_ratio": null,
            "price_fair": 16.08,
            "eps_avg_yearly": 1.09,
            "eps_latest_yearly": 0.8,
            "eps_growth_yearly": 4.78
        },
        "20113": {
            "year_quarter": 20113,
            "year": 2011,
            "quarter": 3,
            "eps": 0.24,
            "eps_growth_year": -27.79,
            "eps_4q": 1.05,
            "eps_4q_growth_year": 34.41,
            "roe": 1.74,
            "roe_4q": 7.67,
            "gross_profit": null,
            "gross_margin": null,
            "gross_margin_4q_avg": 0,
            "net_income": 316700,
            "net_income_4q": null,
            "revenue": 316700,
            "revenue_4q": null,
            "common_shares": 13429600,
            "book_valuer_per_share": 13.68,
            "book_valuer_per_share_4q_avg": 13.73,
            "equity": 18374448,
            "current_ratio": null,
            "debt_ratio": 88.7,
            "inventory_turnover_ratio": null,
            "account_receivable_turnover_ratio": 13.25,
            "reinvestment_rate": null,
            "research_to_sale_ratio": null,
            "price_fair": 29.14,
            "eps_avg_yearly": 1.07,
            "eps_latest_yearly": 0.96,
            "eps_growth_yearly": 17.31
        },
        "20114": {
            "year_quarter": 20114,
            "year": 2011,
            "quarter": 4,
            "eps": 2.48,
            "eps_growth_year": 562.79,
            "eps_4q": 3.16,
            "eps_4q_growth_year": 173,
            "roe": 16.64,
            "roe_4q": 21.569999999999997,
            "gross_profit": null,
            "gross_margin": null,
            "gross_margin_4q_avg": 0,
            "net_income": 3334148,
            "net_income_4q": null,
            "revenue": 3334148,
            "revenue_4q": null,
            "common_shares": 13429600,
            "book_valuer_per_share": 16.16,
            "book_valuer_per_share_4q_avg": 14.33,
            "equity": 21698893,
            "current_ratio": null,
            "debt_ratio": 87.42,
            "inventory_turnover_ratio": null,
            "account_receivable_turnover_ratio": null,
            "reinvestment_rate": null,
            "research_to_sale_ratio": null,
            "price_fair": 81.6,
            "eps_avg_yearly": 2.33,
            "eps_latest_yearly": 9.92,
            "eps_growth_yearly": 548.17
        },
        "20121": {
            "year_quarter": 20121,
            "year": 2012,
            "quarter": 1,
            "eps": 0.19,
            "eps_growth_year": -20.83,
            "eps_4q": 3.11,
            "eps_4q_growth_year": 168.41,
            "roe": 1.2,
            "roe_4q": 21.029999999999998,
            "gross_profit": null,
            "gross_margin": null,
            "gross_margin_4q_avg": 0,
            "net_income": 261023,
            "net_income_4q": null,
            "revenue": 261023,
            "revenue_4q": null,
            "common_shares": 13429600,
            "book_valuer_per_share": 16.36,
            "book_valuer_per_share_4q_avg": 14.9,
            "equity": 21975043,
            "current_ratio": null,
            "debt_ratio": 87.19,
            "inventory_turnover_ratio": null,
            "account_receivable_turnover_ratio": null,
            "reinvestment_rate": null,
            "research_to_sale_ratio": null,
            "price_fair": 74.73,
            "eps_avg_yearly": 2.14,
            "eps_latest_yearly": 0.76,
            "eps_growth_yearly": 433.48
        },
        "20122": {
            "year_quarter": 20122,
            "year": 2012,
            "quarter": 2,
            "eps": 0.41,
            "eps_growth_year": 105.44,
            "eps_4q": 3.32,
            "eps_4q_growth_year": 190.61,
            "roe": 2.6,
            "roe_4q": 22.18,
            "gross_profit": null,
            "gross_margin": null,
            "gross_margin_4q_avg": 0,
            "net_income": 551136,
            "net_income_4q": null,
            "revenue": 551136,
            "revenue_4q": null,
            "common_shares": 13429600,
            "book_valuer_per_share": 15.26,
            "book_valuer_per_share_4q_avg": 15.37,
            "equity": 20492073,
            "current_ratio": null,
            "debt_ratio": 88.01,
            "inventory_turnover_ratio": null,
            "account_receivable_turnover_ratio": null,
            "reinvestment_rate": null,
            "research_to_sale_ratio": null,
            "price_fair": 72.8,
            "eps_avg_yearly": 2.08,
            "eps_latest_yearly": 1.64,
            "eps_growth_yearly": 436.78
        },
        "20123": {
            "year_quarter": 20123,
            "year": 2012,
            "quarter": 3,
            "eps": 0.16,
            "eps_growth_year": -33.53,
            "eps_4q": 3.24,
            "eps_4q_growth_year": 208.15,
            "roe": 1.02,
            "roe_4q": 21.46,
            "gross_profit": null,
            "gross_margin": null,
            "gross_margin_4q_avg": 0,
            "net_income": 210503,
            "net_income_4q": null,
            "revenue": 210503,
            "revenue_4q": null,
            "common_shares": 13429600,
            "book_valuer_per_share": 15.44,
            "book_valuer_per_share_4q_avg": 15.81,
            "equity": 20731284,
            "current_ratio": null,
            "debt_ratio": 87.66,
            "inventory_turnover_ratio": null,
            "account_receivable_turnover_ratio": null,
            "reinvestment_rate": null,
            "research_to_sale_ratio": null,
            "price_fair": 67.76,
            "eps_avg_yearly": 1.94,
            "eps_latest_yearly": 0.64,
            "eps_growth_yearly": 368.71
        },
        "20124": {
            "year_quarter": 20124,
            "year": 2012,
            "quarter": 4,
            "eps": 0.1,
            "eps_growth_year": -95.8,
            "eps_4q": 0.87,
            "eps_4q_growth_year": -72.61,
            "roe": 0.67,
            "roe_4q": 5.49,
            "gross_profit": null,
            "gross_margin": null,
            "gross_margin_4q_avg": 0,
            "net_income": 139987,
            "net_income_4q": null,
            "revenue": 139987,
            "revenue_4q": null,
            "common_shares": 13429600,
            "book_valuer_per_share": 15.52,
            "book_valuer_per_share_4q_avg": 15.65,
            "equity": 20842027,
            "current_ratio": null,
            "debt_ratio": 88.07,
            "inventory_turnover_ratio": null,
            "account_receivable_turnover_ratio": null,
            "reinvestment_rate": -14.85,
            "research_to_sale_ratio": null,
            "price_fair": 62.87,
            "eps_avg_yearly": 1.8,
            "eps_latest_yearly": 0.4,
            "eps_growth_yearly": 321.56
        },
        "20131": {
            "year_quarter": 20131,
            "year": 2013,
            "quarter": 1,
            "eps": 0.55,
            "eps_growth_year": 189.47,
            "eps_4q": 1.23,
            "eps_4q_growth_year": -60.64,
            "roe": 3.52,
            "roe_4q": 7.8100000000000005,
            "gross_profit": null,
            "gross_margin": null,
            "gross_margin_4q_avg": 0,
            "net_income": 743755,
            "net_income_4q": null,
            "revenue": 372180,
            "revenue_4q": null,
            "common_shares": 13429600,
            "book_valuer_per_share": 15.98,
            "book_valuer_per_share_4q_avg": 15.55,
            "equity": 21465751,
            "current_ratio": null,
            "debt_ratio": 88.04,
            "inventory_turnover_ratio": null,
            "account_receivable_turnover_ratio": null,
            "reinvestment_rate": -14.72,
            "research_to_sale_ratio": null,
            "price_fair": 64.05,
            "eps_avg_yearly": 1.83,
            "eps_latest_yearly": 2.2,
            "eps_growth_yearly": 444.76
        },
        "20132": {
            "year_quarter": 20132,
            "year": 2013,
            "quarter": 2,
            "eps": 0.17,
            "eps_growth_year": -58.58,
            "eps_4q": 0.99,
            "eps_4q_growth_year": -70.36,
            "roe": 1.09,
            "roe_4q": 6.300000000000001,
            "gross_profit": null,
            "gross_margin": null,
            "gross_margin_4q_avg": 0,
            "net_income": 228600,
            "net_income_4q": null,
            "revenue": 368931,
            "revenue_4q": null,
            "common_shares": 13429600,
            "book_valuer_per_share": 15.32,
            "book_valuer_per_share_4q_avg": 15.57,
            "equity": 20580544,
            "current_ratio": null,
            "debt_ratio": 89.02,
            "inventory_turnover_ratio": null,
            "account_receivable_turnover_ratio": null,
            "reinvestment_rate": -15.15,
            "research_to_sale_ratio": null,
            "price_fair": 60.95,
            "eps_avg_yearly": 1.74,
            "eps_latest_yearly": 0.68,
            "eps_growth_yearly": 389.29
        },
        "20133": {
            "year_quarter": 20133,
            "year": 2013,
            "quarter": 3,
            "eps": 0.17,
            "eps_growth_year": 8.46,
            "eps_4q": 1,
            "eps_4q_growth_year": -69.27,
            "roe": 1.1,
            "roe_4q": 6.380000000000001,
            "gross_profit": null,
            "gross_margin": null,
            "gross_margin_4q_avg": 0,
            "net_income": 226386,
            "net_income_4q": null,
            "revenue": 429656,
            "revenue_4q": null,
            "common_shares": 13429600,
            "book_valuer_per_share": 15.43,
            "book_valuer_per_share_4q_avg": 15.56,
            "equity": 20717520,
            "current_ratio": null,
            "debt_ratio": 88.59,
            "inventory_turnover_ratio": null,
            "account_receivable_turnover_ratio": null,
            "reinvestment_rate": -15.43,
            "research_to_sale_ratio": null,
            "price_fair": 58.3,
            "eps_avg_yearly": 1.67,
            "eps_latest_yearly": 0.68,
            "eps_growth_yearly": 361.48
        },
        "20134": {
            "year_quarter": 20134,
            "year": 2013,
            "quarter": 4,
            "eps": 0.15,
            "eps_growth_year": 44.38,
            "eps_4q": 1.04,
            "eps_4q_growth_year": 20.49,
            "roe": 0.97,
            "roe_4q": 6.68,
            "gross_profit": null,
            "gross_margin": null,
            "gross_margin_4q_avg": 0,
            "net_income": 202120,
            "net_income_4q": null,
            "revenue": 445352,
            "revenue_4q": null,
            "common_shares": 13429600,
            "book_valuer_per_share": 15.6,
            "book_valuer_per_share_4q_avg": 15.58,
            "equity": 20948326,
            "current_ratio": null,
            "debt_ratio": 88.88,
            "inventory_turnover_ratio": null,
            "account_receivable_turnover_ratio": null,
            "reinvestment_rate": -15.17,
            "research_to_sale_ratio": null,
            "price_fair": 55.81,
            "eps_avg_yearly": 1.59,
            "eps_latest_yearly": 0.6,
            "eps_growth_yearly": 334.25
        },
        "20141": {
            "year_quarter": 20141,
            "year": 2014,
            "quarter": 1,
            "eps": 0.29,
            "eps_growth_year": -47.27,
            "eps_4q": 0.78,
            "eps_4q_growth_year": -36.57,
            "roe": 1.83,
            "roe_4q": 4.99,
            "gross_profit": null,
            "gross_margin": null,
            "gross_margin_4q_avg": 0,
            "net_income": 386635,
            "net_income_4q": null,
            "revenue": 519550,
            "revenue_4q": null,
            "common_shares": 13429600,
            "book_valuer_per_share": 15.89,
            "book_valuer_per_share_4q_avg": 15.56,
            "equity": 21344902,
            "current_ratio": null,
            "debt_ratio": 88.88,
            "inventory_turnover_ratio": null,
            "account_receivable_turnover_ratio": null,
            "reinvestment_rate": -15.02,
            "research_to_sale_ratio": null,
            "price_fair": 54.86,
            "eps_avg_yearly": 1.57,
            "eps_latest_yearly": 1.16,
            "eps_growth_yearly": 336.69
        },
        "20142": {
            "year_quarter": 20142,
            "year": 2014,
            "quarter": 2,
            "eps": 0.23,
            "eps_growth_year": 35.29,
            "eps_4q": 0.84,
            "eps_4q_growth_year": -14.64,
            "roe": 1.49,
            "roe_4q": 5.390000000000001,
            "gross_profit": null,
            "gross_margin": null,
            "gross_margin_4q_avg": 0,
            "net_income": 313983,
            "net_income_4q": null,
            "revenue": 465098,
            "revenue_4q": null,
            "common_shares": 13429600,
            "book_valuer_per_share": 15.46,
            "book_valuer_per_share_4q_avg": 15.6,
            "equity": 20761225,
            "current_ratio": null,
            "debt_ratio": 88.94,
            "inventory_turnover_ratio": null,
            "account_receivable_turnover_ratio": null,
            "reinvestment_rate": -14.95,
            "research_to_sale_ratio": null,
            "price_fair": 54.95,
            "eps_avg_yearly": 1.57,
            "eps_latest_yearly": 0.92,
            "eps_growth_yearly": 332.6
        },
        "20143": {
            "year_quarter": 20143,
            "year": 2014,
            "quarter": 3,
            "eps": 0.29,
            "eps_growth_year": 70.59,
            "eps_4q": 0.96,
            "eps_4q_growth_year": -3.27,
            "roe": 1.88,
            "roe_4q": 6.17,
            "gross_profit": null,
            "gross_margin": null,
            "gross_margin_4q_avg": 0,
            "net_income": 392250,
            "net_income_4q": null,
            "revenue": 454691,
            "revenue_4q": null,
            "common_shares": 13429600,
            "book_valuer_per_share": 15.69,
            "book_valuer_per_share_4q_avg": 15.66,
            "equity": 21072190,
            "current_ratio": null,
            "debt_ratio": 87.88,
            "inventory_turnover_ratio": null,
            "account_receivable_turnover_ratio": null,
            "reinvestment_rate": -15.08,
            "research_to_sale_ratio": null,
            "price_fair": 54.6,
            "eps_avg_yearly": 1.56,
            "eps_latest_yearly": 1.16,
            "eps_growth_yearly": 326.63
        },
        "20144": {
            "year_quarter": 20144,
            "year": 2014,
            "quarter": 4,
            "eps": 0.22,
            "eps_growth_year": 44.7,
            "eps_4q": 1.03,
            "eps_4q_growth_year": -1.11,
            "roe": 1.38,
            "roe_4q": 6.58,
            "gross_profit": null,
            "gross_margin": null,
            "gross_margin_4q_avg": 0,
            "net_income": 292475,
            "net_income_4q": null,
            "revenue": 435870,
            "revenue_4q": null,
            "common_shares": 13429600,
            "book_valuer_per_share": 15.98,
            "book_valuer_per_share_4q_avg": 15.76,
            "equity": 21467031,
            "current_ratio": null,
            "debt_ratio": 87.37,
            "inventory_turnover_ratio": null,
            "account_receivable_turnover_ratio": null,
            "reinvestment_rate": -15.44,
            "research_to_sale_ratio": null,
            "price_fair": 53.29,
            "eps_avg_yearly": 1.52,
            "eps_latest_yearly": 0.88,
            "eps_growth_yearly": 317.56
        },
        "20151": {
            "year_quarter": 20151,
            "year": 2015,
            "quarter": 1,
            "eps": 0.28,
            "eps_growth_year": -3.45,
            "eps_4q": 1.03,
            "eps_4q_growth_year": 32.29,
            "roe": 1.76,
            "roe_4q": 6.51,
            "gross_profit": null,
            "gross_margin": null,
            "gross_margin_4q_avg": 0,
            "net_income": 382020,
            "net_income_4q": null,
            "revenue": 522346,
            "revenue_4q": null,
            "common_shares": 13429600,
            "book_valuer_per_share": 16.32,
            "book_valuer_per_share_4q_avg": 15.86,
            "equity": 21911677,
            "current_ratio": null,
            "debt_ratio": 88.1,
            "inventory_turnover_ratio": null,
            "account_receivable_turnover_ratio": null,
            "reinvestment_rate": -15.32,
            "research_to_sale_ratio": null,
            "price_fair": 53.64,
            "eps_avg_yearly": 1.53,
            "eps_latest_yearly": 1.12,
            "eps_growth_yearly": 333.16
        },
        "20152": {
            "year_quarter": 20152,
            "year": 2015,
            "quarter": 2,
            "eps": 0.31,
            "eps_growth_year": 34.78,
            "eps_4q": 1.1,
            "eps_4q_growth_year": 30.97,
            "roe": 1.91,
            "roe_4q": 6.93,
            "gross_profit": null,
            "gross_margin": null,
            "gross_margin_4q_avg": 0,
            "net_income": 412087,
            "net_income_4q": null,
            "revenue": 567073,
            "revenue_4q": null,
            "common_shares": 13429600,
            "book_valuer_per_share": 15.88,
            "book_valuer_per_share_4q_avg": 15.97,
            "equity": 21321069,
            "current_ratio": null,
            "debt_ratio": 88.86,
            "inventory_turnover_ratio": null,
            "account_receivable_turnover_ratio": null,
            "reinvestment_rate": -0.06,
            "research_to_sale_ratio": null,
            "price_fair": 54.6,
            "eps_avg_yearly": 1.56,
            "eps_latest_yearly": 1.24,
            "eps_growth_yearly": 340.01
        },
        "20153": {
            "year_quarter": 20153,
            "year": 2015,
            "quarter": 3,
            "eps": 0.3,
            "eps_growth_year": 3.45,
            "eps_4q": 1.11,
            "eps_4q_growth_year": 14.78,
            "roe": 1.85,
            "roe_4q": 6.8999999999999995,
            "gross_profit": null,
            "gross_margin": null,
            "gross_margin_4q_avg": 0,
            "net_income": 399861,
            "net_income_4q": null,
            "revenue": 538580,
            "revenue_4q": null,
            "common_shares": 13429600,
            "book_valuer_per_share": 16.28,
            "book_valuer_per_share_4q_avg": 16.12,
            "equity": 21857908,
            "current_ratio": null,
            "debt_ratio": 88.94,
            "inventory_turnover_ratio": null,
            "account_receivable_turnover_ratio": null,
            "reinvestment_rate": -0.07,
            "research_to_sale_ratio": null,
            "price_fair": 55.13,
            "eps_avg_yearly": 1.58,
            "eps_latest_yearly": 1.2,
            "eps_growth_yearly": 334.2
        },
        "20154": {
            "year_quarter": 20154,
            "year": 2015,
            "quarter": 4,
            "eps": 0.31,
            "eps_growth_year": 42.14,
            "eps_4q": 1.2,
            "eps_4q_growth_year": 16.19,
            "roe": 1.88,
            "roe_4q": 7.3999999999999995,
            "gross_profit": null,
            "gross_margin": null,
            "gross_margin_4q_avg": 0,
            "net_income": 415728,
            "net_income_4q": null,
            "revenue": 596673,
            "revenue_4q": null,
            "common_shares": 13429600,
            "book_valuer_per_share": 16.67,
            "book_valuer_per_share_4q_avg": 16.29,
            "equity": 22385337,
            "current_ratio": null,
            "debt_ratio": 89.22,
            "inventory_turnover_ratio": null,
            "account_receivable_turnover_ratio": null,
            "reinvestment_rate": -0.21,
            "research_to_sale_ratio": null,
            "price_fair": 36.14,
            "eps_avg_yearly": 1.03,
            "eps_latest_yearly": 1.24,
            "eps_growth_yearly": 101.7
        },
        "20161": {
            "year_quarter": 20161,
            "year": 2016,
            "quarter": 1,
            "eps": 0.35,
            "eps_growth_year": 25,
            "eps_4q": 1.26,
            "eps_4q_growth_year": 22.79,
            "roe": 2.06,
            "roe_4q": 7.7,
            "gross_profit": null,
            "gross_margin": null,
            "gross_margin_4q_avg": 0,
            "net_income": 467661,
            "net_income_4q": null,
            "revenue": 651062,
            "revenue_4q": null,
            "common_shares": 13429600,
            "book_valuer_per_share": 17.2,
            "book_valuer_per_share_4q_avg": 16.51,
            "equity": 23104546,
            "current_ratio": null,
            "debt_ratio": 88.39,
            "inventory_turnover_ratio": null,
            "account_receivable_turnover_ratio": null,
            "reinvestment_rate": -0.23,
            "research_to_sale_ratio": null,
            "price_fair": 37.54,
            "eps_avg_yearly": 1.07,
            "eps_latest_yearly": 1.4,
            "eps_growth_yearly": 128.01
        },
        "20162": {
            "year_quarter": 20162,
            "year": 2016,
            "quarter": 2,
            "eps": 0.36,
            "eps_growth_year": 16.13,
            "eps_4q": 1.32,
            "eps_4q_growth_year": 20.02,
            "roe": 2.15,
            "roe_4q": 7.9399999999999995,
            "gross_profit": null,
            "gross_margin": null,
            "gross_margin_4q_avg": 0,
            "net_income": 491711,
            "net_income_4q": null,
            "revenue": 609959,
            "revenue_4q": null,
            "common_shares": 13429600,
            "book_valuer_per_share": 16.8,
            "book_valuer_per_share_4q_avg": 16.74,
            "equity": 22557433,
            "current_ratio": null,
            "debt_ratio": 89.55,
            "inventory_turnover_ratio": null,
            "account_receivable_turnover_ratio": null,
            "reinvestment_rate": -0.18,
            "research_to_sale_ratio": null,
            "price_fair": 37.1,
            "eps_avg_yearly": 1.06,
            "eps_latest_yearly": 1.44,
            "eps_growth_yearly": 99.78
        },
        "20163": {
            "year_quarter": 20163,
            "year": 2016,
            "quarter": 3,
            "eps": 0.28,
            "eps_growth_year": -6.67,
            "eps_4q": 1.3,
            "eps_4q_growth_year": 17.25,
            "roe": 1.62,
            "roe_4q": 7.71,
            "gross_profit": null,
            "gross_margin": null,
            "gross_margin_4q_avg": 0,
            "net_income": 367789,
            "net_income_4q": null,
            "revenue": 564454,
            "revenue_4q": null,
            "common_shares": 13429600,
            "book_valuer_per_share": 17.09,
            "book_valuer_per_share_4q_avg": 16.94,
            "equity": 22945987,
            "current_ratio": null,
            "debt_ratio": 88.92,
            "inventory_turnover_ratio": null,
            "account_receivable_turnover_ratio": null,
            "reinvestment_rate": -0.14,
            "research_to_sale_ratio": null,
            "price_fair": 38.15,
            "eps_avg_yearly": 1.09,
            "eps_latest_yearly": 1.12,
            "eps_growth_yearly": 109.47
        },
        "20164": {
            "year_quarter": 20164,
            "year": 2016,
            "quarter": 4,
            "eps": 0.23,
            "eps_growth_year": -26.31,
            "eps_4q": 1.22,
            "eps_4q_growth_year": 1.48,
            "roe": 1.35,
            "roe_4q": 7.18,
            "gross_profit": null,
            "gross_margin": null,
            "gross_margin_4q_avg": 0,
            "net_income": 306357,
            "net_income_4q": null,
            "revenue": 487020,
            "revenue_4q": null,
            "common_shares": 13429600,
            "book_valuer_per_share": 16.71,
            "book_valuer_per_share_4q_avg": 16.95,
            "equity": 22437058,
            "current_ratio": null,
            "debt_ratio": 88.97,
            "inventory_turnover_ratio": null,
            "account_receivable_turnover_ratio": null,
            "reinvestment_rate": -0.15,
            "research_to_sale_ratio": null,
            "price_fair": 39.29,
            "eps_avg_yearly": 1.12,
            "eps_latest_yearly": 0.92,
            "eps_growth_yearly": 114.38
        },
        "20171": {
            "year_quarter": 20171,
            "year": 2017,
            "quarter": 1,
            "eps": 0.23,
            "eps_growth_year": -34.29,
            "eps_4q": 1.09,
            "eps_4q_growth_year": -13.36,
            "roe": 1.34,
            "roe_4q": 6.460000000000001,
            "gross_profit": null,
            "gross_margin": null,
            "gross_margin_4q_avg": 0,
            "net_income": 302987,
            "net_income_4q": null,
            "revenue": 477136,
            "revenue_4q": null,
            "common_shares": 13429600,
            "book_valuer_per_share": 17.03,
            "book_valuer_per_share_4q_avg": 16.91,
            "equity": 22867302,
            "current_ratio": null,
            "debt_ratio": 89.06,
            "inventory_turnover_ratio": null,
            "account_receivable_turnover_ratio": null,
            "reinvestment_rate": -0.13,
            "research_to_sale_ratio": null,
            "price_fair": 12.38,
            "eps_avg_yearly": 1.04,
            "eps_latest_yearly": 0.92,
            "eps_growth_yearly": 1.88
        },
        "20172": {
            "year_quarter": 20172,
            "year": 2017,
            "quarter": 2,
            "eps": 0.26,
            "eps_growth_year": -27.78,
            "eps_4q": 0.99,
            "eps_4q_growth_year": -24.94,
            "roe": 1.58,
            "roe_4q": 5.89,
            "gross_profit": null,
            "gross_margin": null,
            "gross_margin_4q_avg": 0,
            "net_income": 355201,
            "net_income_4q": null,
            "revenue": 540962,
            "revenue_4q": null,
            "common_shares": 13429600,
            "book_valuer_per_share": 16.55,
            "book_valuer_per_share_4q_avg": 16.85,
            "equity": 22229047,
            "current_ratio": null,
            "debt_ratio": 89.48,
            "inventory_turnover_ratio": null,
            "account_receivable_turnover_ratio": null,
            "reinvestment_rate": -0.12,
            "research_to_sale_ratio": null,
            "price_fair": 34.52,
            "eps_avg_yearly": 1.07,
            "eps_latest_yearly": 1.04,
            "eps_growth_yearly": 22.41
        },
        "20173": {
            "year_quarter": 20173,
            "year": 2017,
            "quarter": 3,
            "eps": 0.27,
            "eps_growth_year": -3.57,
            "eps_4q": 0.99,
            "eps_4q_growth_year": -23.68,
            "roe": 1.63,
            "roe_4q": 5.9,
            "gross_profit": null,
            "gross_margin": null,
            "gross_margin_4q_avg": 0,
            "net_income": 365581,
            "net_income_4q": null,
            "revenue": 557401,
            "revenue_4q": null,
            "common_shares": 13429600,
            "book_valuer_per_share": 16.88,
            "book_valuer_per_share_4q_avg": 16.79,
            "equity": 22675023,
            "current_ratio": null,
            "debt_ratio": 89.68,
            "inventory_turnover_ratio": null,
            "account_receivable_turnover_ratio": null,
            "reinvestment_rate": -0.12,
            "research_to_sale_ratio": null,
            "price_fair": 36.38,
            "eps_avg_yearly": 1.09,
            "eps_latest_yearly": 1.08,
            "eps_growth_yearly": 23.37
        },
        "20174": {
            "year_quarter": 20174,
            "year": 2017,
            "quarter": 4,
            "eps": 0.24,
            "eps_growth_year": 6.83,
            "eps_4q": 1.01,
            "eps_4q_growth_year": -17.29,
            "roe": 1.43,
            "roe_4q": 5.9799999999999995,
            "gross_profit": null,
            "gross_margin": null,
            "gross_margin_4q_avg": 0,
            "net_income": 327295,
            "net_income_4q": null,
            "revenue": 519447,
            "revenue_4q": null,
            "common_shares": 13429600,
            "book_valuer_per_share": 17.14,
            "book_valuer_per_share_4q_avg": 16.9,
            "equity": 23024932,
            "current_ratio": null,
            "debt_ratio": 89.55,
            "inventory_turnover_ratio": null,
            "account_receivable_turnover_ratio": null,
            "reinvestment_rate": -0.18,
            "research_to_sale_ratio": null,
            "price_fair": 37.31,
            "eps_avg_yearly": 1.11,
            "eps_latest_yearly": 0.96,
            "eps_growth_yearly": 23.54
        },
        "20181": {
            "year_quarter": 20181,
            "year": 2018,
            "quarter": 1,
            "eps": 0.25,
            "eps_growth_year": 8.7,
            "eps_4q": 1.03,
            "eps_4q_growth_year": -5.87,
            "roe": 1.44,
            "roe_4q": 6.08,
            "gross_profit": null,
            "gross_margin": null,
            "gross_margin_4q_avg": 0,
            "net_income": 334476,
            "net_income_4q": null,
            "revenue": 497521,
            "revenue_4q": null,
            "common_shares": 13429600,
            "book_valuer_per_share": 17.42,
            "book_valuer_per_share_4q_avg": 17,
            "equity": 23388333,
            "current_ratio": null,
            "debt_ratio": 88.88,
            "inventory_turnover_ratio": null,
            "account_receivable_turnover_ratio": null,
            "reinvestment_rate": -0.2,
            "research_to_sale_ratio": null,
            "price_fair": 12.4,
            "eps_avg_yearly": 1.1,
            "eps_latest_yearly": 1,
            "eps_growth_yearly": 1.25
        },
        "20182": {
            "year_quarter": 20182,
            "year": 2018,
            "quarter": 2,
            "eps": 0.29,
            "eps_growth_year": 11.54,
            "eps_4q": 1.05,
            "eps_4q_growth_year": 6.22,
            "roe": 1.68,
            "roe_4q": 6.18,
            "gross_profit": null,
            "gross_margin": null,
            "gross_margin_4q_avg": 0,
            "net_income": 387812,
            "net_income_4q": null,
            "revenue": 498470,
            "revenue_4q": null,
            "common_shares": 13429600,
            "book_valuer_per_share": 16.96,
            "book_valuer_per_share_4q_avg": 17.1,
            "equity": 22775651,
            "current_ratio": null,
            "debt_ratio": 88.46,
            "inventory_turnover_ratio": null,
            "account_receivable_turnover_ratio": null,
            "reinvestment_rate": -0.23,
            "research_to_sale_ratio": null,
            "price_fair": 22.82,
            "eps_avg_yearly": 1.12,
            "eps_latest_yearly": 1.16,
            "eps_growth_yearly": 10.42
        },
        "20183": {
            "year_quarter": 20183,
            "year": 2018,
            "quarter": 3,
            "eps": 0.24,
            "eps_growth_year": -11.11,
            "eps_4q": 1.02,
            "eps_4q_growth_year": 3.45,
            "roe": 1.42,
            "roe_4q": 5.969999999999999,
            "gross_profit": null,
            "gross_margin": null,
            "gross_margin_4q_avg": 0,
            "net_income": 326475,
            "net_income_4q": null,
            "revenue": 517283,
            "revenue_4q": null,
            "common_shares": 13429600,
            "book_valuer_per_share": 17.2,
            "book_valuer_per_share_4q_avg": 17.18,
            "equity": 23105330,
            "current_ratio": null,
            "debt_ratio": 88.3,
            "inventory_turnover_ratio": null,
            "account_receivable_turnover_ratio": null,
            "reinvestment_rate": -0.21,
            "research_to_sale_ratio": null,
            "price_fair": 3.32,
            "eps_avg_yearly": 1.11,
            "eps_latest_yearly": 0.96,
            "eps_growth_yearly": -0.41
        },
        "20184": {
            "year_quarter": 20184,
            "year": 2018,
            "quarter": 4,
            "eps": 0.21,
            "eps_growth_year": -12.42,
            "eps_4q": 0.99,
            "eps_4q_growth_year": -1.16,
            "roe": 1.24,
            "roe_4q": 5.779999999999999,
            "gross_profit": null,
            "gross_margin": null,
            "gross_margin_4q_avg": 0,
            "net_income": 286656,
            "net_income_4q": null,
            "revenue": 463934,
            "revenue_4q": null,
            "common_shares": 13429600,
            "book_valuer_per_share": 17.35,
            "book_valuer_per_share_4q_avg": 17.23,
            "equity": 23298493,
            "current_ratio": null,
            "debt_ratio": 88.32,
            "inventory_turnover_ratio": null,
            "account_receivable_turnover_ratio": null,
            "reinvestment_rate": -0.22,
            "research_to_sale_ratio": null,
            "price_fair": 13.78,
            "eps_avg_yearly": 1.1,
            "eps_latest_yearly": 0.84,
            "eps_growth_yearly": 2.49
        },
        "20191": {
            "year_quarter": 20191,
            "year": 2019,
            "quarter": 1,
            "eps": 0.23,
            "eps_growth_year": -8,
            "eps_4q": 0.98,
            "eps_4q_growth_year": -4.91,
            "roe": 1.33,
            "roe_4q": 5.67,
            "gross_profit": null,
            "gross_margin": null,
            "gross_margin_4q_avg": 0,
            "net_income": 313694,
            "net_income_4q": null,
            "revenue": 501264,
            "revenue_4q": null,
            "common_shares": 13429600,
            "book_valuer_per_share": 17.74,
            "book_valuer_per_share_4q_avg": 17.31,
            "equity": 23821255,
            "current_ratio": null,
            "debt_ratio": 88.01,
            "inventory_turnover_ratio": null,
            "account_receivable_turnover_ratio": null,
            "reinvestment_rate": -0.18,
            "research_to_sale_ratio": null,
            "price_fair": 3.27,
            "eps_avg_yearly": 1.09,
            "eps_latest_yearly": 0.92,
            "eps_growth_yearly": -1.94
        },
        "20192": {
            "year_quarter": 20192,
            "year": 2019,
            "quarter": 2,
            "eps": 0.24,
            "eps_growth_year": -17.24,
            "eps_4q": 0.93,
            "eps_4q_growth_year": -12.04,
            "roe": 1.35,
            "roe_4q": 5.34,
            "gross_profit": null,
            "gross_margin": null,
            "gross_margin_4q_avg": 0,
            "net_income": 317949,
            "net_income_4q": null,
            "revenue": 514115,
            "revenue_4q": null,
            "common_shares": 13429600,
            "book_valuer_per_share": 17.25,
            "book_valuer_per_share_4q_avg": 17.39,
            "equity": 23162455,
            "current_ratio": null,
            "debt_ratio": 88.23,
            "inventory_turnover_ratio": null,
            "account_receivable_turnover_ratio": null,
            "reinvestment_rate": -0.18,
            "research_to_sale_ratio": null,
            "price_fair": 3.22,
            "eps_avg_yearly": 1.07,
            "eps_latest_yearly": 0.96,
            "eps_growth_yearly": -3.53
        },
        "20193": {
            "year_quarter": 20193,
            "year": 2019,
            "quarter": 3,
            "eps": 0.24,
            "eps_growth_year": 0,
            "eps_4q": 0.92,
            "eps_4q_growth_year": -10.18,
            "roe": 1.36,
            "roe_4q": 5.28,
            "gross_profit": null,
            "gross_margin": null,
            "gross_margin_4q_avg": 0,
            "net_income": 317739,
            "net_income_4q": null,
            "revenue": 507382,
            "revenue_4q": null,
            "common_shares": 13429600,
            "book_valuer_per_share": 17.55,
            "book_valuer_per_share_4q_avg": 17.47,
            "equity": 23572323,
            "current_ratio": null,
            "debt_ratio": 88.68,
            "inventory_turnover_ratio": null,
            "account_receivable_turnover_ratio": null,
            "reinvestment_rate": -0.13,
            "research_to_sale_ratio": null,
            "price_fair": 3.17,
            "eps_avg_yearly": 1.06,
            "eps_latest_yearly": 0.96,
            "eps_growth_yearly": -2.73
        },
        "20194": {
            "year_quarter": 20194,
            "year": 2019,
            "quarter": 4,
            "eps": 0.22,
            "eps_growth_year": 3.01,
            "eps_4q": 0.93,
            "eps_4q_growth_year": -6.8,
            "roe": 1.25,
            "roe_4q": 5.290000000000001,
            "gross_profit": null,
            "gross_margin": null,
            "gross_margin_4q_avg": 0,
            "net_income": 295271,
            "net_income_4q": null,
            "revenue": 492007,
            "revenue_4q": null,
            "common_shares": 13429600,
            "book_valuer_per_share": 17.76,
            "book_valuer_per_share_4q_avg": 17.58,
            "equity": 23855462,
            "current_ratio": null,
            "debt_ratio": 87.92,
            "inventory_turnover_ratio": null,
            "account_receivable_turnover_ratio": null,
            "reinvestment_rate": -0.07,
            "research_to_sale_ratio": null,
            "price_fair": 3.11,
            "eps_avg_yearly": 1.04,
            "eps_latest_yearly": 0.88,
            "eps_growth_yearly": -5.64
        },
        "20201": {
            "year_quarter": 20201,
            "year": 2020,
            "quarter": 1,
            "eps": 0.27,
            "eps_growth_year": 17.39,
            "eps_4q": 0.96,
            "eps_4q_growth_year": -2.02,
            "roe": 1.49,
            "roe_4q": 5.450000000000001,
            "gross_profit": null,
            "gross_margin": null,
            "gross_margin_4q_avg": 0,
            "net_income": 357069,
            "net_income_4q": null,
            "revenue": 573495,
            "revenue_4q": null,
            "common_shares": 13429600,
            "book_valuer_per_share": 17.82,
            "book_valuer_per_share_4q_avg": 17.6,
            "equity": 23924971,
            "current_ratio": null,
            "debt_ratio": 87.62,
            "inventory_turnover_ratio": null,
            "account_receivable_turnover_ratio": null,
            "reinvestment_rate": 0.03,
            "research_to_sale_ratio": null,
            "price_fair": 3.05,
            "eps_avg_yearly": 1.02,
            "eps_latest_yearly": 1.08,
            "eps_growth_yearly": -3.19
        },
        "20202": {
            "year_quarter": 20202,
            "year": 2020,
            "quarter": 2,
            "eps": 0.28,
            "eps_growth_year": 16.67,
            "eps_4q": 1.01,
            "eps_4q_growth_year": 8.52,
            "roe": 1.59,
            "roe_4q": 5.69,
            "gross_profit": null,
            "gross_margin": null,
            "gross_margin_4q_avg": 0,
            "net_income": 380790,
            "net_income_4q": null,
            "revenue": 601138,
            "revenue_4q": null,
            "common_shares": 13429600,
            "book_valuer_per_share": 17.92,
            "book_valuer_per_share_4q_avg": 17.76,
            "equity": 24069469,
            "current_ratio": null,
            "debt_ratio": 87.95,
            "inventory_turnover_ratio": null,
            "account_receivable_turnover_ratio": null,
            "reinvestment_rate": -0.04,
            "research_to_sale_ratio": null,
            "price_fair": 2.99,
            "eps_avg_yearly": 1,
            "eps_latest_yearly": 1.12,
            "eps_growth_yearly": -2.98
        },
        "20203": {
            "year_quarter": 20203,
            "year": 2020,
            "quarter": 3,
            "eps": 0.34,
            "eps_growth_year": 41.67,
            "eps_4q": 1.11,
            "eps_4q_growth_year": 20.49,
            "roe": 1.87,
            "roe_4q": 6.2,
            "gross_profit": null,
            "gross_margin": null,
            "gross_margin_4q_avg": 0,
            "net_income": 456134,
            "net_income_4q": null,
            "revenue": 687343,
            "revenue_4q": null,
            "common_shares": 13429600,
            "book_valuer_per_share": 18.38,
            "book_valuer_per_share_4q_avg": 17.97,
            "equity": 24677642,
            "current_ratio": null,
            "debt_ratio": 89.01,
            "inventory_turnover_ratio": null,
            "account_receivable_turnover_ratio": null,
            "reinvestment_rate": -0.1,
            "research_to_sale_ratio": null,
            "price_fair": 18.12,
            "eps_avg_yearly": 1.01,
            "eps_latest_yearly": 1.36,
            "eps_growth_yearly": 7.94
        },
        "20204": {
            "year_quarter": 20204,
            "year": 2020,
            "quarter": 4,
            "eps": 0.29,
            "eps_growth_year": 30.13,
            "eps_4q": 1.18,
            "eps_4q_growth_year": 26.8,
            "roe": 1.53,
            "roe_4q": 6.48,
            "gross_profit": null,
            "gross_margin": null,
            "gross_margin_4q_avg": 0,
            "net_income": 384249,
            "net_income_4q": null,
            "revenue": 645195,
            "revenue_4q": null,
            "common_shares": 13429600,
            "book_valuer_per_share": 18.95,
            "book_valuer_per_share_4q_avg": 18.27,
            "equity": 25449442,
            "current_ratio": null,
            "debt_ratio": 88.34,
            "inventory_turnover_ratio": null,
            "account_receivable_turnover_ratio": null,
            "reinvestment_rate": -0.08,
            "research_to_sale_ratio": null,
            "price_fair": 19.19,
            "eps_avg_yearly": 1.03,
            "eps_latest_yearly": 1.16,
            "eps_growth_yearly": 8.72
        },
        "20211": {
            "year_quarter": 20211,
            "year": 2021,
            "quarter": 1,
            "eps": 0.4,
            "eps_growth_year": 48.15,
            "eps_4q": 1.3,
            "eps_4q_growth_year": 36.03,
            "roe": 2.08,
            "roe_4q": 7.07,
            "gross_profit": null,
            "gross_margin": null,
            "gross_margin_4q_avg": 0,
            "net_income": 530980,
            "net_income_4q": null,
            "revenue": 791658,
            "revenue_4q": null,
            "common_shares": 13429600,
            "book_valuer_per_share": 19.12,
            "book_valuer_per_share_4q_avg": 18.59,
            "equity": 25680109,
            "current_ratio": null,
            "debt_ratio": 87.98,
            "inventory_turnover_ratio": null,
            "account_receivable_turnover_ratio": null,
            "reinvestment_rate": -0.11,
            "research_to_sale_ratio": null,
            "price_fair": 30.11,
            "eps_avg_yearly": 1.07,
            "eps_latest_yearly": 1.6,
            "eps_growth_yearly": 18.21
        },
        "20212": {
            "year_quarter": 20212,
            "year": 2021,
            "quarter": 2,
            "eps": 0.34,
            "eps_growth_year": 21.43,
            "eps_4q": 1.36,
            "eps_4q_growth_year": 35.43,
            "roe": 1.8,
            "roe_4q": 7.28,
            "gross_profit": null,
            "gross_margin": null,
            "gross_margin_4q_avg": 0,
            "net_income": 458118,
            "net_income_4q": null,
            "revenue": 704399,
            "revenue_4q": null,
            "common_shares": 13429600,
            "book_valuer_per_share": 18.74,
            "book_valuer_per_share_4q_avg": 18.8,
            "equity": 25164944,
            "current_ratio": null,
            "debt_ratio": 88.2,
            "inventory_turnover_ratio": null,
            "account_receivable_turnover_ratio": null,
            "reinvestment_rate": -0.13,
            "research_to_sale_ratio": null,
            "price_fair": 23.05,
            "eps_avg_yearly": 1.09,
            "eps_latest_yearly": 1.36,
            "eps_growth_yearly": 11.2
        },
        "20213": {
            "year_quarter": 20213,
            "year": 2021,
            "quarter": 3,
            "eps": 0.34,
            "eps_growth_year": 0,
            "eps_4q": 1.36,
            "eps_4q_growth_year": 22.77,
            "roe": 1.8,
            "roe_4q": 7.21,
            "gross_profit": null,
            "gross_margin": null,
            "gross_margin_4q_avg": 0,
            "net_income": 455041,
            "net_income_4q": null,
            "revenue": 699128,
            "revenue_4q": null,
            "common_shares": 13429600,
            "book_valuer_per_share": 18.92,
            "book_valuer_per_share_4q_avg": 18.93,
            "equity": 25411831,
            "current_ratio": null,
            "debt_ratio": 89.49,
            "inventory_turnover_ratio": null,
            "account_receivable_turnover_ratio": null,
            "reinvestment_rate": -0.09,
            "research_to_sale_ratio": null,
            "price_fair": 22.36,
            "eps_avg_yearly": 1.11,
            "eps_latest_yearly": 1.36,
            "eps_growth_yearly": 10.23
        },
        "20214": {
            "year_quarter": 20214,
            "year": 2021,
            "quarter": 4,
            "eps": 0.31,
            "eps_growth_year": 7.62,
            "eps_4q": 1.38,
            "eps_4q_growth_year": 17.7,
            "roe": 1.62,
            "roe_4q": 7.3,
            "gross_profit": null,
            "gross_margin": null,
            "gross_margin_4q_avg": 0,
            "net_income": 413527,
            "net_income_4q": null,
            "revenue": 652116,
            "revenue_4q": null,
            "common_shares": 13429600,
            "book_valuer_per_share": 19.03,
            "book_valuer_per_share_4q_avg": 18.95,
            "equity": 25557185,
            "current_ratio": null,
            "debt_ratio": 88.83,
            "inventory_turnover_ratio": null,
            "account_receivable_turnover_ratio": null,
            "reinvestment_rate": -0.06,
            "research_to_sale_ratio": null,
            "price_fair": 23.35,
            "eps_avg_yearly": 1.12,
            "eps_latest_yearly": 1.24,
            "eps_growth_yearly": 10.81
        },
        "20221": {
            "year_quarter": 20221,
            "year": 2022,
            "quarter": 1,
            "eps": 0.32,
            "eps_growth_year": -20,
            "eps_4q": 1.31,
            "eps_4q_growth_year": 0.08,
            "roe": 1.71,
            "roe_4q": 6.93,
            "gross_profit": null,
            "gross_margin": null,
            "gross_margin_4q_avg": 0,
            "net_income": 426942,
            "net_income_4q": null,
            "revenue": 602712,
            "revenue_4q": null,
            "common_shares": 13429600,
            "book_valuer_per_share": 18.26,
            "book_valuer_per_share_4q_avg": 18.74,
            "equity": 24517224,
            "current_ratio": null,
            "debt_ratio": 88.66,
            "inventory_turnover_ratio": null,
            "account_receivable_turnover_ratio": null,
            "reinvestment_rate": -0.03,
            "research_to_sale_ratio": null,
            "price_fair": 23.45,
            "eps_avg_yearly": 1.14,
            "eps_latest_yearly": 1.28,
            "eps_growth_yearly": 10.57
        },
        "20222": {
            "year_quarter": 20222,
            "year": 2022,
            "quarter": 2,
            "eps": 0.13,
            "eps_growth_year": -61.76,
            "eps_4q": 1.09,
            "eps_4q_growth_year": -19.65,
            "roe": 0.75,
            "roe_4q": 5.88,
            "gross_profit": null,
            "gross_margin": null,
            "gross_margin_4q_avg": 0,
            "net_income": 174565,
            "net_income_4q": null,
            "revenue": 333880,
            "revenue_4q": null,
            "common_shares": 13429600,
            "book_valuer_per_share": 16.3,
            "book_valuer_per_share_4q_avg": 18.13,
            "equity": 21890586,
            "current_ratio": null,
            "debt_ratio": 88.92,
            "inventory_turnover_ratio": null,
            "account_receivable_turnover_ratio": null,
            "reinvestment_rate": -0.04,
            "research_to_sale_ratio": null,
            "price_fair": 3.3,
            "eps_avg_yearly": 1.1,
            "eps_latest_yearly": 0.52,
            "eps_growth_yearly": -8.27
        },
        "20223": {
            "year_quarter": 20223,
            "year": 2022,
            "quarter": 3,
            "eps": 0.24,
            "eps_growth_year": -29.41,
            "eps_4q": 1,
            "eps_4q_growth_year": -26.76,
            "roe": 1.49,
            "roe_4q": 5.57,
            "gross_profit": null,
            "gross_margin": null,
            "gross_margin_4q_avg": 0,
            "net_income": 324136,
            "net_income_4q": null,
            "revenue": 468632,
            "revenue_4q": null,
            "common_shares": 13429600,
            "book_valuer_per_share": 16.1,
            "book_valuer_per_share_4q_avg": 17.42,
            "equity": 21616664,
            "current_ratio": null,
            "debt_ratio": 89.2,
            "inventory_turnover_ratio": null,
            "account_receivable_turnover_ratio": null,
            "reinvestment_rate": -0.06,
            "research_to_sale_ratio": null,
            "price_fair": 29.91,
            "eps_avg_yearly": 1.1,
            "eps_latest_yearly": 0.96,
            "eps_growth_yearly": 17.19
        },
        "20224": {
            "year_quarter": 20224,
            "year": 2022,
            "quarter": 4,
            "eps": 0.09,
            "eps_growth_year": -72.28,
            "eps_4q": 0.77,
            "eps_4q_growth_year": -44,
            "roe": 0.53,
            "roe_4q": 4.48,
            "gross_profit": null,
            "gross_margin": null,
            "gross_margin_4q_avg": 0,
            "net_income": 114639,
            "net_income_4q": null,
            "revenue": 239799,
            "revenue_4q": null,
            "common_shares": 13429600,
            "book_valuer_per_share": 16.37,
            "book_valuer_per_share_4q_avg": 16.76,
            "equity": 21978000,
            "current_ratio": null,
            "debt_ratio": 89.42,
            "inventory_turnover_ratio": null,
            "account_receivable_turnover_ratio": null,
            "reinvestment_rate": -0.06,
            "research_to_sale_ratio": null,
            "price_fair": 15.72,
            "eps_avg_yearly": 1.07,
            "eps_latest_yearly": 0.36,
            "eps_growth_yearly": 4.69
        },
        "20231": {
            "year_quarter": 20231,
            "year": 2023,
            "quarter": 1,
            "eps": 0.38,
            "eps_growth_year": 18.75,
            "eps_4q": 0.83,
            "eps_4q_growth_year": -36.19,
            "roe": 2.25,
            "roe_4q": 5.0200000000000005,
            "gross_profit": null,
            "gross_margin": null,
            "gross_margin_4q_avg": 0,
            "net_income": 505661,
            "net_income_4q": null,
            "revenue": 734030,
            "revenue_4q": null,
            "common_shares": 13429600,
            "book_valuer_per_share": 17.18,
            "book_valuer_per_share_4q_avg": 16.49,
            "equity": 23067352,
            "current_ratio": null,
            "debt_ratio": 89.11,
            "inventory_turnover_ratio": null,
            "account_receivable_turnover_ratio": null,
            "reinvestment_rate": -0.09,
            "research_to_sale_ratio": null,
            "price_fair": 38.76,
            "eps_avg_yearly": 1.11,
            "eps_latest_yearly": 1.52,
            "eps_growth_yearly": 82.87
        },
        "20232": {
            "year_quarter": 20232,
            "year": 2023,
            "quarter": 2,
            "eps": 0.2,
            "eps_growth_year": 53.85,
            "eps_4q": 0.9,
            "eps_4q_growth_year": -17.44,
            "roe": 1.18,
            "roe_4q": 5.45,
            "gross_profit": null,
            "gross_margin": null,
            "gross_margin_4q_avg": 0,
            "net_income": 269192,
            "net_income_4q": null,
            "revenue": 454132,
            "revenue_4q": null,
            "common_shares": 13429600,
            "book_valuer_per_share": 16.91,
            "book_valuer_per_share_4q_avg": 16.64,
            "equity": 22713458,
            "current_ratio": null,
            "debt_ratio": 88.66,
            "inventory_turnover_ratio": null,
            "account_receivable_turnover_ratio": null,
            "reinvestment_rate": -0.08,
            "research_to_sale_ratio": null,
            "price_fair": 38.41,
            "eps_avg_yearly": 1.1,
            "eps_latest_yearly": 0.8,
            "eps_growth_yearly": 69.94
        },
        "20233": {
            "year_quarter": 20233,
            "year": 2023,
            "quarter": 3,
            "eps": 0.23,
            "eps_growth_year": -4.17,
            "eps_4q": 0.9,
            "eps_4q_growth_year": -10.12,
            "roe": 1.36,
            "roe_4q": 5.32,
            "gross_profit": null,
            "gross_margin": null,
            "gross_margin_4q_avg": 0,
            "net_income": 314214,
            "net_income_4q": null,
            "revenue": 483854,
            "revenue_4q": null,
            "common_shares": 13429600,
            "book_valuer_per_share": 17.41,
            "book_valuer_per_share_4q_avg": 16.97,
            "equity": 23376058,
            "current_ratio": null,
            "debt_ratio": 89.24,
            "inventory_turnover_ratio": null,
            "account_receivable_turnover_ratio": null,
            "reinvestment_rate": -0.1,
            "research_to_sale_ratio": null,
            "price_fair": 38.33,
            "eps_avg_yearly": 1.1,
            "eps_latest_yearly": 0.92,
            "eps_growth_yearly": 73.69
        },
        "20234": {
            "year_quarter": 20234,
            "year": 2023,
            "quarter": 4,
            "eps": 0.15,
            "eps_growth_year": 73.99,
            "eps_4q": 0.96,
            "eps_4q_growth_year": 23.86,
            "roe": 0.83,
            "roe_4q": 5.62,
            "gross_profit": null,
            "gross_margin": null,
            "gross_margin_4q_avg": 0,
            "net_income": 199455,
            "net_income_4q": null,
            "revenue": 347111,
            "revenue_4q": null,
            "common_shares": 13429600,
            "book_valuer_per_share": 18.57,
            "book_valuer_per_share_4q_avg": 17.52,
            "equity": 24933224,
            "current_ratio": null,
            "debt_ratio": 88.79,
            "inventory_turnover_ratio": null,
            "account_receivable_turnover_ratio": null,
            "reinvestment_rate": -0.19,
            "research_to_sale_ratio": null,
            "price_fair": 37.71,
            "eps_avg_yearly": 1.08,
            "eps_latest_yearly": 0.6,
            "eps_growth_yearly": 67.07
        }
    },
    "months": {
        "2001-06": {
            "month": "2001-06",
            "price": "6.80",
            "revenue": 570595
        },
        "2001-07": {
            "month": "2001-07",
            "price": "6.13",
            "revenue": 653940
        },
        "2001-08": {
            "month": "2001-08",
            "price": "5.77",
            "revenue": 774944
        },
        "2001-09": {
            "month": "2001-09",
            "price": "4.44",
            "revenue": 697747
        },
        "2001-10": {
            "month": "2001-10",
            "price": "4.19",
            "revenue": 406056
        },
        "2001-11": {
            "month": "2001-11",
            "price": "4.06",
            "revenue": 430897
        },
        "2001-12": {
            "month": "2001-12",
            "price": "5.16",
            "revenue": 413750
        },
        "2002-01": {
            "month": "2002-01",
            "price": "5.70",
            "revenue": 390764
        },
        "2002-02": {
            "month": "2002-02",
            "price": "5.94",
            "revenue": 279980
        },
        "2002-03": {
            "month": "2002-03",
            "price": "6.24",
            "revenue": 390713
        },
        "2002-04": {
            "month": "2002-04",
            "price": "8.00",
            "revenue": 332844
        },
        "2002-05": {
            "month": "2002-05",
            "price": "7.44",
            "revenue": 247389
        },
        "2002-06": {
            "month": "2002-06",
            "price": "7.36",
            "revenue": 308493
        },
        "2002-07": {
            "month": "2002-07",
            "price": "7.47",
            "revenue": 301483
        },
        "2002-08": {
            "month": "2002-08",
            "price": "7.33",
            "revenue": 297569
        },
        "2002-09": {
            "month": "2002-09",
            "price": "6.92",
            "revenue": 1580386
        },
        "2002-10": {
            "month": "2002-10",
            "price": "7.32",
            "revenue": 283960
        },
        "2002-11": {
            "month": "2002-11",
            "price": "8.52",
            "revenue": 297257
        },
        "2002-12": {
            "month": "2002-12",
            "price": "9.49",
            "revenue": 305539
        },
        "2003-01": {
            "month": "2003-01",
            "price": "10.80",
            "revenue": 346127
        },
        "2003-02": {
            "month": "2003-02",
            "price": "9.42",
            "revenue": 331229
        },
        "2003-03": {
            "month": "2003-03",
            "price": "8.53",
            "revenue": 352798
        },
        "2003-04": {
            "month": "2003-04",
            "price": "8.55",
            "revenue": 358303
        },
        "2003-05": {
            "month": "2003-05",
            "price": "8.45",
            "revenue": 594209
        },
        "2003-06": {
            "month": "2003-06",
            "price": "9.53",
            "revenue": 493193
        },
        "2003-07": {
            "month": "2003-07",
            "price": "9.69",
            "revenue": 340891
        },
        "2003-08": {
            "month": "2003-08",
            "price": "9.37",
            "revenue": 538114
        },
        "2003-09": {
            "month": "2003-09",
            "price": "9.41",
            "revenue": 367457
        },
        "2003-10": {
            "month": "2003-10",
            "price": "9.58",
            "revenue": 263654
        },
        "2003-11": {
            "month": "2003-11",
            "price": "9.58",
            "revenue": 340462
        },
        "2003-12": {
            "month": "2003-12",
            "price": "9.57",
            "revenue": 324209
        },
        "2004-01": {
            "month": "2004-01",
            "price": "9.95",
            "revenue": 350778
        },
        "2004-02": {
            "month": "2004-02",
            "price": "10.82",
            "revenue": 390278
        },
        "2004-03": {
            "month": "2004-03",
            "price": "11.36",
            "revenue": 436443
        },
        "2004-04": {
            "month": "2004-04",
            "price": "11.78",
            "revenue": 435093
        },
        "2004-05": {
            "month": "2004-05",
            "price": "11.36",
            "revenue": 403869
        },
        "2004-06": {
            "month": "2004-06",
            "price": "11.30",
            "revenue": 353410
        },
        "2004-07": {
            "month": "2004-07",
            "price": "10.42",
            "revenue": 389229
        },
        "2004-08": {
            "month": "2004-08",
            "price": "9.66",
            "revenue": 364872
        },
        "2004-09": {
            "month": "2004-09",
            "price": "10.37",
            "revenue": 371298
        },
        "2004-10": {
            "month": "2004-10",
            "price": "10.60",
            "revenue": 360088
        },
        "2004-11": {
            "month": "2004-11",
            "price": "10.66",
            "revenue": 397879
        },
        "2004-12": {
            "month": "2004-12",
            "price": "10.69",
            "revenue": 376890
        },
        "2005-01": {
            "month": "2005-01",
            "price": "11.14",
            "revenue": 374036
        },
        "2005-02": {
            "month": "2005-02",
            "price": "11.22",
            "revenue": 359487
        },
        "2005-03": {
            "month": "2005-03",
            "price": "11.37",
            "revenue": 402805
        },
        "2005-04": {
            "month": "2005-04",
            "price": "11.19",
            "revenue": 394929
        },
        "2005-05": {
            "month": "2005-05",
            "price": "11.10",
            "revenue": 419853
        },
        "2005-06": {
            "month": "2005-06",
            "price": "11.22",
            "revenue": 416714
        },
        "2005-07": {
            "month": "2005-07",
            "price": "10.57",
            "revenue": 424775
        },
        "2005-08": {
            "month": "2005-08",
            "price": "10.43",
            "revenue": 374496
        },
        "2005-09": {
            "month": "2005-09",
            "price": "10.33",
            "revenue": 666486
        },
        "2005-10": {
            "month": "2005-10",
            "price": "10.24",
            "revenue": 377763
        },
        "2005-11": {
            "month": "2005-11",
            "price": "10.24",
            "revenue": 462077
        },
        "2005-12": {
            "month": "2005-12",
            "price": "10.33",
            "revenue": 473338
        },
        "2006-01": {
            "month": "2006-01",
            "price": "10.52",
            "revenue": 165528
        },
        "2006-02": {
            "month": "2006-02",
            "price": "10.74",
            "revenue": 138122
        },
        "2006-03": {
            "month": "2006-03",
            "price": "10.48",
            "revenue": 150318
        },
        "2006-04": {
            "month": "2006-04",
            "price": "10.50",
            "revenue": 139925
        },
        "2006-05": {
            "month": "2006-05",
            "price": "10.41",
            "revenue": 104698
        },
        "2006-06": {
            "month": "2006-06",
            "price": "9.96",
            "revenue": 98702
        },
        "2006-07": {
            "month": "2006-07",
            "price": "9.05",
            "revenue": 233180
        },
        "2006-08": {
            "month": "2006-08",
            "price": "8.45",
            "revenue": 188409
        },
        "2006-09": {
            "month": "2006-09",
            "price": "7.99",
            "revenue": 384978
        },
        "2006-10": {
            "month": "2006-10",
            "price": "8.45",
            "revenue": 122582
        },
        "2006-11": {
            "month": "2006-11",
            "price": "8.40",
            "revenue": 145221
        },
        "2006-12": {
            "month": "2006-12",
            "price": "8.69",
            "revenue": 133933
        },
        "2007-01": {
            "month": "2007-01",
            "price": "8.88",
            "revenue": 122825
        },
        "2007-02": {
            "month": "2007-02",
            "price": "8.59",
            "revenue": 119229
        },
        "2007-03": {
            "month": "2007-03",
            "price": "8.16",
            "revenue": 143286
        },
        "2007-04": {
            "month": "2007-04",
            "price": "8.24",
            "revenue": 92599
        },
        "2007-05": {
            "month": "2007-05",
            "price": "7.87",
            "revenue": 352325
        },
        "2007-06": {
            "month": "2007-06",
            "price": "7.91",
            "revenue": 176299
        },
        "2007-07": {
            "month": "2007-07",
            "price": "8.58",
            "revenue": 50102
        },
        "2007-08": {
            "month": "2007-08",
            "price": "8.03",
            "revenue": 68797
        },
        "2007-09": {
            "month": "2007-09",
            "price": "7.96",
            "revenue": 123410
        },
        "2007-10": {
            "month": "2007-10",
            "price": "8.10",
            "revenue": 146985
        },
        "2007-11": {
            "month": "2007-11",
            "price": "7.70",
            "revenue": 72533
        },
        "2007-12": {
            "month": "2007-12",
            "price": "7.38",
            "revenue": 66762
        },
        "2008-01": {
            "month": "2008-01",
            "price": "7.19",
            "revenue": 66021
        },
        "2008-02": {
            "month": "2008-02",
            "price": "7.02",
            "revenue": 272144
        },
        "2008-03": {
            "month": "2008-03",
            "price": "7.68",
            "revenue": 207770
        },
        "2008-04": {
            "month": "2008-04",
            "price": "8.28",
            "revenue": 224496
        },
        "2008-05": {
            "month": "2008-05",
            "price": "8.37",
            "revenue": 108056
        },
        "2008-06": {
            "month": "2008-06",
            "price": "7.59",
            "revenue": -30322
        },
        "2008-07": {
            "month": "2008-07",
            "price": "6.61",
            "revenue": 141763
        },
        "2008-08": {
            "month": "2008-08",
            "price": "6.27",
            "revenue": 149342
        },
        "2008-09": {
            "month": "2008-09",
            "price": "5.35",
            "revenue": 158230
        },
        "2008-10": {
            "month": "2008-10",
            "price": "4.05",
            "revenue": 187157
        },
        "2008-11": {
            "month": "2008-11",
            "price": "3.84",
            "revenue": 241856
        },
        "2008-12": {
            "month": "2008-12",
            "price": "4.48",
            "revenue": 370900
        },
        "2009-01": {
            "month": "2009-01",
            "price": "5.12",
            "revenue": 351983
        },
        "2009-02": {
            "month": "2009-02",
            "price": "6.05",
            "revenue": 327769
        },
        "2009-03": {
            "month": "2009-03",
            "price": "7.02",
            "revenue": 321228
        },
        "2009-04": {
            "month": "2009-04",
            "price": "8.56",
            "revenue": 219957
        },
        "2009-05": {
            "month": "2009-05",
            "price": "9.37",
            "revenue": 411513
        },
        "2009-06": {
            "month": "2009-06",
            "price": "9.86",
            "revenue": 164752
        },
        "2009-07": {
            "month": "2009-07",
            "price": "10.13",
            "revenue": 256818
        },
        "2009-08": {
            "month": "2009-08",
            "price": "9.21",
            "revenue": 185805
        },
        "2009-09": {
            "month": "2009-09",
            "price": "9.30",
            "revenue": 209227
        },
        "2009-10": {
            "month": "2009-10",
            "price": "9.06",
            "revenue": 161858
        },
        "2009-11": {
            "month": "2009-11",
            "price": "8.94",
            "revenue": 251069
        },
        "2009-12": {
            "month": "2009-12",
            "price": "8.95",
            "revenue": 250615
        },
        "2010-01": {
            "month": "2010-01",
            "price": "9.36",
            "revenue": 151168
        },
        "2010-02": {
            "month": "2010-02",
            "price": "9.20",
            "revenue": 167986
        },
        "2010-03": {
            "month": "2010-03",
            "price": "9.41",
            "revenue": 207730
        },
        "2010-04": {
            "month": "2010-04",
            "price": "9.53",
            "revenue": 173731
        },
        "2010-05": {
            "month": "2010-05",
            "price": "9.24",
            "revenue": 129978
        },
        "2010-06": {
            "month": "2010-06",
            "price": "9.20",
            "revenue": 172241
        },
        "2010-07": {
            "month": "2010-07",
            "price": "9.38",
            "revenue": 196494
        },
        "2010-08": {
            "month": "2010-08",
            "price": "8.71",
            "revenue": 227967
        },
        "2010-09": {
            "month": "2010-09",
            "price": "8.58",
            "revenue": 198658
        },
        "2010-10": {
            "month": "2010-10",
            "price": "8.84",
            "revenue": 385505
        },
        "2010-11": {
            "month": "2010-11",
            "price": "9.11",
            "revenue": 201957
        },
        "2010-12": {
            "month": "2010-12",
            "price": "9.89",
            "revenue": 163563
        },
        "2011-01": {
            "month": "2011-01",
            "price": "10.92",
            "revenue": 192482
        },
        "2011-02": {
            "month": "2011-02",
            "price": "10.89",
            "revenue": 148821
        },
        "2011-03": {
            "month": "2011-03",
            "price": "10.61",
            "revenue": 144184
        },
        "2011-04": {
            "month": "2011-04",
            "price": "10.85",
            "revenue": 114370
        },
        "2011-05": {
            "month": "2011-05",
            "price": "11.00",
            "revenue": 162054
        },
        "2011-06": {
            "month": "2011-06",
            "price": "11.09",
            "revenue": 157402
        },
        "2011-07": {
            "month": "2011-07",
            "price": "10.49",
            "revenue": 348636
        },
        "2011-08": {
            "month": "2011-08",
            "price": "9.90",
            "revenue": 29279
        },
        "2011-09": {
            "month": "2011-09",
            "price": "9.91",
            "revenue": 99914
        },
        "2011-10": {
            "month": "2011-10",
            "price": "10.53",
            "revenue": 82139
        },
        "2011-11": {
            "month": "2011-11",
            "price": "10.39",
            "revenue": 98157
        },
        "2011-12": {
            "month": "2011-12",
            "price": "10.24",
            "revenue": 3463676
        },
        "2012-01": {
            "month": "2012-01",
            "price": "10.40",
            "revenue": 113937
        },
        "2012-02": {
            "month": "2012-02",
            "price": "11.02",
            "revenue": 187542
        },
        "2012-03": {
            "month": "2012-03",
            "price": "12.27",
            "revenue": 95722
        },
        "2012-04": {
            "month": "2012-04",
            "price": "12.66",
            "revenue": 773776
        },
        "2012-05": {
            "month": "2012-05",
            "price": "12.54",
            "revenue": 120167
        },
        "2012-06": {
            "month": "2012-06",
            "price": "12.38",
            "revenue": 121035
        },
        "2012-07": {
            "month": "2012-07",
            "price": "10.87",
            "revenue": 123714
        },
        "2012-08": {
            "month": "2012-08",
            "price": "10.57",
            "revenue": 132757
        },
        "2012-09": {
            "month": "2012-09",
            "price": "10.83",
            "revenue": 111730
        },
        "2012-10": {
            "month": "2012-10",
            "price": "10.80",
            "revenue": 84518
        },
        "2012-11": {
            "month": "2012-11",
            "price": "10.53",
            "revenue": 116117
        },
        "2012-12": {
            "month": "2012-12",
            "price": "10.88",
            "revenue": 118763
        },
        "2013-01": {
            "month": "2013-01",
            "price": "11.25",
            "revenue": 176387
        },
        "2013-02": {
            "month": "2013-02",
            "price": "11.53",
            "revenue": 133459
        },
        "2013-03": {
            "month": "2013-03",
            "price": "11.61",
            "revenue": 693176
        },
        "2013-04": {
            "month": "2013-04",
            "price": "11.62",
            "revenue": 120372
        },
        "2013-05": {
            "month": "2013-05",
            "price": "11.97",
            "revenue": 159898
        },
        "2013-06": {
            "month": "2013-06",
            "price": "11.26",
            "revenue": 109283
        },
        "2013-07": {
            "month": "2013-07",
            "price": "11.19",
            "revenue": 140301
        },
        "2013-08": {
            "month": "2013-08",
            "price": "11.51",
            "revenue": 145055
        },
        "2013-09": {
            "month": "2013-09",
            "price": "11.46",
            "revenue": 144299
        },
        "2013-10": {
            "month": "2013-10",
            "price": "11.52",
            "revenue": 146135
        },
        "2013-11": {
            "month": "2013-11",
            "price": "11.76",
            "revenue": 149630
        },
        "2013-12": {
            "month": "2013-12",
            "price": "11.80",
            "revenue": 149588
        },
        "2014-01": {
            "month": "2014-01",
            "price": "11.76",
            "revenue": 199081
        },
        "2014-02": {
            "month": "2014-02",
            "price": "11.78",
            "revenue": 156427
        },
        "2014-03": {
            "month": "2014-03",
            "price": "11.78",
            "revenue": 164043
        },
        "2014-04": {
            "month": "2014-04",
            "price": "11.79",
            "revenue": 121712
        },
        "2014-05": {
            "month": "2014-05",
            "price": "11.73",
            "revenue": 177005
        },
        "2014-06": {
            "month": "2014-06",
            "price": "11.38",
            "revenue": 166381
        },
        "2014-07": {
            "month": "2014-07",
            "price": "11.16",
            "revenue": 161421
        },
        "2014-08": {
            "month": "2014-08",
            "price": "11.17",
            "revenue": 149160
        },
        "2014-09": {
            "month": "2014-09",
            "price": "11.22",
            "revenue": 144110
        },
        "2014-10": {
            "month": "2014-10",
            "price": "11.15",
            "revenue": 120438
        },
        "2014-11": {
            "month": "2014-11",
            "price": "11.18",
            "revenue": 160806
        },
        "2014-12": {
            "month": "2014-12",
            "price": "11.22",
            "revenue": 154627
        },
        "2015-01": {
            "month": "2015-01",
            "price": "11.29",
            "revenue": 170338
        },
        "2015-02": {
            "month": "2015-02",
            "price": "11.54",
            "revenue": 160487
        },
        "2015-03": {
            "month": "2015-03",
            "price": "11.70",
            "revenue": 191522
        },
        "2015-04": {
            "month": "2015-04",
            "price": "11.79",
            "revenue": 176043
        },
        "2015-05": {
            "month": "2015-05",
            "price": "11.86",
            "revenue": 195926
        },
        "2015-06": {
            "month": "2015-06",
            "price": "11.80",
            "revenue": 195105
        },
        "2015-07": {
            "month": "2015-07",
            "price": "11.28",
            "revenue": 157562
        },
        "2015-08": {
            "month": "2015-08",
            "price": "11.20",
            "revenue": 166501
        },
        "2015-09": {
            "month": "2015-09",
            "price": "11.14",
            "revenue": 214516
        },
        "2015-10": {
            "month": "2015-10",
            "price": "11.28",
            "revenue": 189300
        },
        "2015-11": {
            "month": "2015-11",
            "price": "11.38",
            "revenue": 205691
        },
        "2015-12": {
            "month": "2015-12",
            "price": "11.41",
            "revenue": 201682
        },
        "2016-01": {
            "month": "2016-01",
            "price": "11.39",
            "revenue": 206389
        },
        "2016-02": {
            "month": "2016-02",
            "price": "11.73",
            "revenue": 196268
        },
        "2016-03": {
            "month": "2016-03",
            "price": "12.26",
            "revenue": 248406
        },
        "2016-04": {
            "month": "2016-04",
            "price": "12.29",
            "revenue": 178933
        },
        "2016-05": {
            "month": "2016-05",
            "price": "12.26",
            "revenue": 210911
        },
        "2016-06": {
            "month": "2016-06",
            "price": "12.40",
            "revenue": 220115
        },
        "2016-07": {
            "month": "2016-07",
            "price": "12.13",
            "revenue": 197807
        },
        "2016-08": {
            "month": "2016-08",
            "price": "12.51",
            "revenue": 202903
        },
        "2016-09": {
            "month": "2016-09",
            "price": "12.59",
            "revenue": 163744
        },
        "2016-10": {
            "month": "2016-10",
            "price": "12.60",
            "revenue": 175211
        },
        "2016-11": {
            "month": "2016-11",
            "price": "12.68",
            "revenue": 144463
        },
        "2016-12": {
            "month": "2016-12",
            "price": "12.95",
            "revenue": 167346
        },
        "2017-01": {
            "month": "2017-01",
            "price": "13.08",
            "revenue": 161090
        },
        "2017-02": {
            "month": "2017-02",
            "price": "13.52",
            "revenue": 165428
        },
        "2017-03": {
            "month": "2017-03",
            "price": "13.93",
            "revenue": 150618
        },
        "2017-04": {
            "month": "2017-04",
            "price": "14.07",
            "revenue": 172645
        },
        "2017-05": {
            "month": "2017-05",
            "price": "15.19",
            "revenue": 181913
        },
        "2017-06": {
            "month": "2017-06",
            "price": "15.35",
            "revenue": 186405
        },
        "2017-07": {
            "month": "2017-07",
            "price": "14.98",
            "revenue": 202583
        },
        "2017-08": {
            "month": "2017-08",
            "price": "14.95",
            "revenue": 179867
        },
        "2017-09": {
            "month": "2017-09",
            "price": "14.80",
            "revenue": 174951
        },
        "2017-10": {
            "month": "2017-10",
            "price": "15.15",
            "revenue": 182929
        },
        "2017-11": {
            "month": "2017-11",
            "price": "15.19",
            "revenue": 161651
        },
        "2017-12": {
            "month": "2017-12",
            "price": "15.30",
            "revenue": 174866
        },
        "2018-01": {
            "month": "2018-01",
            "price": "15.71",
            "revenue": 168096
        },
        "2018-02": {
            "month": "2018-02",
            "price": "15.22",
            "revenue": 135292
        },
        "2018-03": {
            "month": "2018-03",
            "price": "15.09",
            "revenue": 194133
        },
        "2018-04": {
            "month": "2018-04",
            "price": "14.55",
            "revenue": 168655
        },
        "2018-05": {
            "month": "2018-05",
            "price": "14.30",
            "revenue": 178782
        },
        "2018-06": {
            "month": "2018-06",
            "price": "14.32",
            "revenue": 151033
        },
        "2018-07": {
            "month": "2018-07",
            "price": "13.72",
            "revenue": 165149
        },
        "2018-08": {
            "month": "2018-08",
            "price": "13.86",
            "revenue": 194411
        },
        "2018-09": {
            "month": "2018-09",
            "price": "14.01",
            "revenue": 157724
        },
        "2018-10": {
            "month": "2018-10",
            "price": "13.54",
            "revenue": 146482
        },
        "2018-11": {
            "month": "2018-11",
            "price": "13.43",
            "revenue": 158938
        },
        "2018-12": {
            "month": "2018-12",
            "price": "13.40",
            "revenue": 158514
        },
        "2019-01": {
            "month": "2019-01",
            "price": "13.81",
            "revenue": 172026
        },
        "2019-02": {
            "month": "2019-02",
            "price": "14.05",
            "revenue": 151656
        },
        "2019-03": {
            "month": "2019-03",
            "price": "14.45",
            "revenue": 177582
        },
        "2019-04": {
            "month": "2019-04",
            "price": "14.70",
            "revenue": 177951
        },
        "2019-05": {
            "month": "2019-05",
            "price": "14.78",
            "revenue": 178864
        },
        "2019-06": {
            "month": "2019-06",
            "price": "14.86",
            "revenue": 157300
        },
        "2019-07": {
            "month": "2019-07",
            "price": "14.56",
            "revenue": 184132
        },
        "2019-08": {
            "month": "2019-08",
            "price": "14.80",
            "revenue": 169946
        },
        "2019-09": {
            "month": "2019-09",
            "price": "14.83",
            "revenue": 153303
        },
        "2019-10": {
            "month": "2019-10",
            "price": "14.97",
            "revenue": 162928
        },
        "2019-11": {
            "month": "2019-11",
            "price": "14.95",
            "revenue": 151495
        },
        "2019-12": {
            "month": "2019-12",
            "price": "14.98",
            "revenue": 177585
        },
        "2020-01": {
            "month": "2020-01",
            "price": "15.09",
            "revenue": 200805
        },
        "2020-02": {
            "month": "2020-02",
            "price": "15.37",
            "revenue": 213511
        },
        "2020-03": {
            "month": "2020-03",
            "price": "14.39",
            "revenue": 159180
        },
        "2020-04": {
            "month": "2020-04",
            "price": "14.30",
            "revenue": 187650
        },
        "2020-05": {
            "month": "2020-05",
            "price": "14.59",
            "revenue": 205111
        },
        "2020-06": {
            "month": "2020-06",
            "price": "15.14",
            "revenue": 208377
        },
        "2020-07": {
            "month": "2020-07",
            "price": "14.94",
            "revenue": 255993
        },
        "2020-08": {
            "month": "2020-08",
            "price": "14.77",
            "revenue": 221685
        },
        "2020-09": {
            "month": "2020-09",
            "price": "14.59",
            "revenue": 209665
        },
        "2020-10": {
            "month": "2020-10",
            "price": "14.64",
            "revenue": 232931
        },
        "2020-11": {
            "month": "2020-11",
            "price": "14.84",
            "revenue": 218175
        },
        "2020-12": {
            "month": "2020-12",
            "price": "14.85",
            "revenue": 194089
        },
        "2021-01": {
            "month": "2021-01",
            "price": "14.84",
            "revenue": 327454
        },
        "2021-02": {
            "month": "2021-02",
            "price": "14.87",
            "revenue": 216851
        },
        "2021-03": {
            "month": "2021-03",
            "price": "15.48",
            "revenue": 247354
        },
        "2021-04": {
            "month": "2021-04",
            "price": "16.00",
            "revenue": 251972
        },
        "2021-05": {
            "month": "2021-05",
            "price": "16.00",
            "revenue": 216282
        },
        "2021-06": {
            "month": "2021-06",
            "price": "16.11",
            "revenue": 236145
        },
        "2021-07": {
            "month": "2021-07",
            "price": "16.72",
            "revenue": 275963
        },
        "2021-08": {
            "month": "2021-08",
            "price": "16.33",
            "revenue": 218850
        },
        "2021-09": {
            "month": "2021-09",
            "price": "16.17",
            "revenue": 204315
        },
        "2021-10": {
            "month": "2021-10",
            "price": "16.37",
            "revenue": 220754
        },
        "2021-11": {
            "month": "2021-11",
            "price": "17.16",
            "revenue": 228254
        },
        "2021-12": {
            "month": "2021-12",
            "price": "17.15",
            "revenue": 203107
        },
        "2022-01": {
            "month": "2022-01",
            "price": "17.48",
            "revenue": 204736
        },
        "2022-02": {
            "month": "2022-02",
            "price": "17.25",
            "revenue": 248676
        },
        "2022-03": {
            "month": "2022-03",
            "price": "17.35",
            "revenue": 149300
        },
        "2022-04": {
            "month": "2022-04",
            "price": "17.58",
            "revenue": 72703
        },
        "2022-05": {
            "month": "2022-05",
            "price": "16.90",
            "revenue": 78783
        },
        "2022-06": {
            "month": "2022-06",
            "price": "16.86",
            "revenue": 182393
        },
        "2022-07": {
            "month": "2022-07",
            "price": "15.87",
            "revenue": 73896
        },
        "2022-08": {
            "month": "2022-08",
            "price": "16.13",
            "revenue": 249065
        },
        "2022-09": {
            "month": "2022-09",
            "price": "15.71",
            "revenue": 145673
        },
        "2022-10": {
            "month": "2022-10",
            "price": "14.34",
            "revenue": 57005
        },
        "2022-11": {
            "month": "2022-11",
            "price": "14.64",
            "revenue": -18652
        },
        "2022-12": {
            "month": "2022-12",
            "price": "14.63",
            "revenue": 201445
        },
        "2023-01": {
            "month": "2023-01",
            "price": "14.82",
            "revenue": 182631
        },
        "2023-02": {
            "month": "2023-02",
            "price": "15.44",
            "revenue": 319423
        },
        "2023-03": {
            "month": "2023-03",
            "price": "15.02",
            "revenue": 231976
        },
        "2023-04": {
            "month": "2023-04",
            "price": "15.07",
            "revenue": 135351
        },
        "2023-05": {
            "month": "2023-05",
            "price": "15.28",
            "revenue": 154738
        },
        "2023-06": {
            "month": "2023-06",
            "price": "15.42",
            "revenue": 164044
        },
        "2023-07": {
            "month": "2023-07",
            "price": "14.82",
            "revenue": 216811
        },
        "2023-08": {
            "month": "2023-08",
            "price": "14.64",
            "revenue": 142362
        },
        "2023-09": {
            "month": "2023-09",
            "price": "14.56",
            "revenue": 124681
        },
        "2023-10": {
            "month": "2023-10",
            "price": "14.40",
            "revenue": 103835
        },
        "2023-11": {
            "month": "2023-11",
            "price": "14.51",
            "revenue": 141315
        },
        "2023-12": {
            "month": "2023-12",
            "price": "14.95",
            "revenue": 101960
        },
        "2024-01": {
            "month": "2024-01",
            "price": "14.86",
            "revenue": 293692
        },
        "2024-02": {
            "month": "2024-02",
            "price": "14.75",
            "revenue": 239870
        }
    }
}
