{
    "summary": {
        "stock_name": "中壽",
        "stock_id": "2823",
        "category": "金融",
        "main_business": "人身保險",
        "website_url": "http://www.chinalife.com.tw",
        "ceo": "黃淑芬",
        "pe_ratio": 6,
        "report_year_from": 2001,
        "report_year_to": 2021,
        "age": 23,
        "eps_negative_percentage": 0,
        "eps_growth_avg": {
            "last_all": 10.97,
            "last_2y": 28.62,
            "last_4y": 16.14,
            "last_8y": 13.16,
            "last_12y": null,
            "last_16y": null,
            "last_20y": null,
            "at_2006_last_3y": null,
            "at_2007_last_3y": null,
            "at_2008_last_3y": null,
            "at_2009_last_3y": null,
            "at_2010_last_3y": null,
            "at_2011_last_3y": null,
            "at_2012_last_3y": null,
            "at_2013_last_3y": null,
            "at_2014_last_3y": 3.27,
            "at_2015_last_3y": 8.65,
            "at_2016_last_3y": 9.44,
            "at_2017_last_3y": 8.4,
            "at_2018_last_3y": 5.42,
            "at_2019_last_3y": 3.39,
            "at_2020_last_3y": 6.27,
            "at_2021_last_3y": 23.3,
            "at_2022_last_3y": 23.3,
            "at_2023_last_3y": 23.3,
            "at_2024_last_3y": 23.3,
            "at_2006_last_all": null,
            "at_2007_last_all": null,
            "at_2008_last_all": null,
            "at_2009_last_all": null,
            "at_2010_last_all": null,
            "at_2011_last_all": null,
            "at_2012_last_all": 1.09,
            "at_2013_last_all": -2.05,
            "at_2014_last_all": 3.27,
            "at_2015_last_all": 8.81,
            "at_2016_last_all": 6.66,
            "at_2017_last_all": 3.92,
            "at_2018_last_all": 4.35,
            "at_2019_last_all": 6.4,
            "at_2020_last_all": 6.5,
            "at_2021_last_all": 10.97,
            "at_2022_last_all": 10.97,
            "at_2023_last_all": 10.97,
            "at_2024_last_all": 10.97
        },
        "latest_eps": 5.41,
        "latest_price": 30.55,
        "latest_roe": 16.78,
        "latest_gross_margin": null,
        "latest_equity": 165817871,
        "latest_revenue": 73647653,
        "latest_gross_profit": null,
        "latest_net_income": 9401738,
        "latest_debt_ratio": 92.67,
        "latest_current_ratio": null,
        "latest_account_receivable_turnover_ratio": 1008.31,
        "latest_inventory_turnover_ratio": null,
        "latest_reinvestment_rate": 6.43,
        "latest_research_to_sale_ratio": null
    },
    "eps_dividends": {
        "1994": {
            "cash": 0.5,
            "stock": 2.5,
            "eps": 0
        },
        "1996": {
            "cash": 0.6,
            "stock": 1.4,
            "eps": 0
        },
        "1997": {
            "cash": 0,
            "stock": 2,
            "eps": 0
        },
        "1998": {
            "cash": 0,
            "stock": 2,
            "eps": 0
        },
        "1999": {
            "cash": 0,
            "stock": 1,
            "eps": 0
        },
        "2000": {
            "cash": 0.5,
            "stock": 1,
            "eps": 0
        },
        "2001": {
            "cash": 0,
            "stock": 0,
            "eps": 0
        },
        "2002": {
            "cash": 0,
            "stock": 0.5,
            "eps": 0
        },
        "2003": {
            "cash": 0,
            "stock": 0,
            "eps": 0
        },
        "2004": {
            "cash": 0,
            "stock": 0.5,
            "eps": 0
        },
        "2005": {
            "cash": 0,
            "stock": 0,
            "eps": 0
        },
        "2006": {
            "cash": 0,
            "stock": 0,
            "eps": 0
        },
        "2007": {
            "cash": 0,
            "stock": 0,
            "eps": 0
        },
        "2008": {
            "cash": 0,
            "stock": 0,
            "eps": 0
        },
        "2009": {
            "cash": 0,
            "stock": 0,
            "eps": 0
        },
        "2010": {
            "cash": 0.8,
            "stock": 1.38,
            "eps": 2.01
        },
        "2011": {
            "cash": 0.7,
            "stock": 1.25,
            "eps": 2.2
        },
        "2012": {
            "cash": 0,
            "stock": 0,
            "eps": 2.04
        },
        "2013": {
            "cash": 0.2,
            "stock": 1.4,
            "eps": 1.87
        },
        "2014": {
            "cash": 0.4,
            "stock": 1,
            "eps": 2.23
        },
        "2015": {
            "cash": 0.4,
            "stock": 1,
            "eps": 2.92
        },
        "2016": {
            "cash": 0.6,
            "stock": 0.4,
            "eps": 2.8
        },
        "2017": {
            "cash": 0.8,
            "stock": 0.9,
            "eps": 2.45
        },
        "2018": {
            "cash": 0.8,
            "stock": 0.6,
            "eps": 2.63
        },
        "2019": {
            "cash": 0,
            "stock": 0,
            "eps": 3.23
        },
        "2020": {
            "cash": 0.6,
            "stock": 0.6,
            "eps": 3.47
        },
        "2021": {
            "cash": 0.4,
            "stock": 0.4,
            "eps": 5.4
        }
    },
    "dividends": {
        "1994-05-11": {
            "cash": 0.5,
            "stock": 2.5
        },
        "1996-05-03": {
            "cash": 0.6,
            "stock": 1.4
        },
        "1997-05-07": {
            "cash": 0,
            "stock": 2
        },
        "1998-04-23": {
            "cash": 0,
            "stock": 2
        },
        "1999-05-18": {
            "cash": 0,
            "stock": 1
        },
        "2000-04-18": {
            "cash": 0.5,
            "stock": 1
        },
        "2002-05-21": {
            "cash": 0,
            "stock": 0.5
        },
        "2004-02-18": {
            "cash": 0,
            "stock": 0.5
        },
        "2010-03-26": {
            "cash": 0.8,
            "stock": 1.38
        },
        "2011-01-01": {
            "cash": 0,
            "stock": 0.3
        },
        "2011-03-24": {
            "cash": 0.7,
            "stock": 0.95
        },
        "2013-03-14": {
            "cash": 0.2,
            "stock": 1.4
        },
        "2014-06-17": {
            "cash": 0.4,
            "stock": 1
        },
        "2015-08-25": {
            "cash": 0.4,
            "stock": 1
        },
        "2016-08-17": {
            "cash": 0.6,
            "stock": 0.4
        },
        "2017-10-16": {
            "cash": 0.8,
            "stock": 0.9
        },
        "2018-08-31": {
            "cash": 0.8,
            "stock": 0.6
        },
        "2020-08-12": {
            "cash": 0.6,
            "stock": 0.6
        },
        "2021-09-10": {
            "cash": 0.4,
            "stock": 0.4
        }
    },
    "prices": {
        "200101": "8.90",
        "200102": "10.06",
        "200103": "9.37",
        "200104": "7.99",
        "200105": "8.25",
        "200106": "8.06",
        "200107": "5.54",
        "200108": "5.59",
        "200109": "6.52",
        "200110": "5.51",
        "200111": "5.91",
        "200112": "9.54",
        "200201": "11.21",
        "200202": "10.48",
        "200203": "10.31",
        "200204": "12.13",
        "200205": "10.20",
        "200206": "10.11",
        "200207": "8.75",
        "200208": "7.56",
        "200209": "6.70",
        "200210": "6.33",
        "200211": "7.12",
        "200212": "7.38",
        "200301": "9.32",
        "200302": "9.64",
        "200303": "8.82",
        "200304": "9.00",
        "200305": "8.22",
        "200306": "8.85",
        "200307": "9.48",
        "200308": "9.63",
        "200309": "10.84",
        "200310": "12.42",
        "200311": "13.80",
        "200312": "14.17",
        "200401": "17.29",
        "200402": "21.28",
        "200403": "22.25",
        "200404": "22.31",
        "200405": "18.02",
        "200406": "18.68",
        "200407": "18.41",
        "200408": "17.12",
        "200409": "19.67",
        "200410": "20.88",
        "200411": "20.57",
        "200412": "20.07",
        "200501": "20.29",
        "200502": "20.01",
        "200503": "18.93",
        "200504": "15.39",
        "200505": "12.97",
        "200506": "14.40",
        "200507": "15.09",
        "200508": "14.24",
        "200509": "12.50",
        "200510": "10.32",
        "200511": "9.91",
        "200512": "12.03",
        "200601": "11.78",
        "200602": "11.79",
        "200603": "10.25",
        "200604": "11.41",
        "200605": "14.66",
        "200606": "12.75",
        "200607": "13.90",
        "200608": "15.53",
        "200609": "15.41",
        "200610": "16.71",
        "200611": "16.95",
        "200612": "17.68",
        "200701": "17.30",
        "200702": "17.54",
        "200703": "15.16",
        "200704": "14.71",
        "200705": "15.36",
        "200706": "16.03",
        "200707": "19.29",
        "200708": "18.61",
        "200709": "18.45",
        "200710": "20.88",
        "200711": "19.84",
        "200712": "18.05",
        "200801": "19.40",
        "200802": "21.46",
        "200803": "22.61",
        "200804": "25.17",
        "200805": "25.24",
        "200806": "23.57",
        "200807": "22.56",
        "200808": "19.03",
        "200809": "13.50",
        "200810": "12.31",
        "200811": "11.18",
        "200812": "11.28",
        "200901": "11.75",
        "200902": "11.80",
        "200903": "10.63",
        "200904": "12.98",
        "200905": "17.05",
        "200906": "15.59",
        "200907": "17.14",
        "200908": "19.58",
        "200909": "22.31",
        "200910": "25.10",
        "200911": "23.51",
        "200912": "23.50",
        "201001": "23.96",
        "201002": "20.75",
        "201003": "22.93",
        "201004": "25.11",
        "201005": "25.43",
        "201006": "25.53",
        "201007": "28.39",
        "201008": "28.88",
        "201009": "26.03",
        "201010": "25.63",
        "201011": "24.62",
        "201012": "26.19",
        "201101": "30.70",
        "201102": "28.59",
        "201103": "29.05",
        "201104": "31.78",
        "201105": "33.02",
        "201106": "34.59",
        "201107": "41.20",
        "201108": "39.65",
        "201109": "32.12",
        "201110": "31.30",
        "201111": "29.77",
        "201112": "24.44",
        "201201": "24.33",
        "201202": "30.12",
        "201203": "29.43",
        "201204": "26.47",
        "201205": "26.18",
        "201206": "26.95",
        "201207": "28.33",
        "201208": "28.64",
        "201209": "27.26",
        "201210": "25.65",
        "201211": "23.86",
        "201212": "25.66",
        "201301": "27.59",
        "201302": "29.19",
        "201303": "29.83",
        "201304": "28.96",
        "201305": "30.68",
        "201306": "30.06",
        "201307": "29.98",
        "201308": "29.70",
        "201309": "29.40",
        "201310": "28.44",
        "201311": "28.00",
        "201312": "29.11",
        "201401": "30.53",
        "201402": "28.73",
        "201403": "27.97",
        "201404": "27.61",
        "201405": "27.26",
        "201406": "27.76",
        "201407": "28.98",
        "201408": "28.45",
        "201409": "26.76",
        "201410": "25.64",
        "201411": "26.07",
        "201412": "25.88",
        "201501": "26.12",
        "201502": "26.85",
        "201503": "26.97",
        "201504": "30.24",
        "201505": "31.89",
        "201506": "31.64",
        "201507": "31.45",
        "201508": "26.00",
        "201509": "25.06",
        "201510": "26.48",
        "201511": "26.97",
        "201512": "26.28",
        "201601": "23.53",
        "201602": "22.95",
        "201603": "24.90",
        "201604": "24.26",
        "201605": "23.67",
        "201606": "25.16",
        "201607": "25.91",
        "201608": "27.22",
        "201609": "28.77",
        "201610": "28.78",
        "201611": "30.77",
        "201612": "32.67",
        "201701": "30.92",
        "201702": "30.29",
        "201703": "30.65",
        "201704": "28.91",
        "201705": "29.69",
        "201706": "29.61",
        "201707": "31.84",
        "201708": "32.52",
        "201709": "30.88",
        "201710": "28.64",
        "201711": "29.08",
        "201712": "29.79",
        "201801": "30.55",
        "201802": "29.50",
        "201803": "30.11",
        "201804": "31.26",
        "201805": "32.00",
        "201806": "32.23",
        "201807": "31.89",
        "201808": "30.30",
        "201809": "29.91",
        "201810": "29.13",
        "201811": "29.64",
        "201812": "28.69",
        "201901": "27.38",
        "201902": "28.41",
        "201903": "28.28",
        "201904": "25.40",
        "201905": "24.48",
        "201906": "24.23",
        "201907": "25.84",
        "201908": "24.32",
        "201909": "24.97",
        "201910": "24.91",
        "201911": "25.64",
        "201912": "25.66",
        "202001": "25.58",
        "202002": "24.66",
        "202003": "19.11",
        "202004": "19.16",
        "202005": "20.20",
        "202006": "21.94",
        "202007": "21.67",
        "202008": "20.49",
        "202009": "20.10",
        "202010": "19.96",
        "202011": "20.26",
        "202012": "22.08",
        "202101": "22.58",
        "202102": "22.89",
        "202103": "24.26",
        "202104": "25.96",
        "202105": "24.58",
        "202106": "25.03",
        "202107": "26.77",
        "202108": "27.79",
        "202109": "28.97",
        "202110": "29.40",
        "202111": "29.90",
        "202112": "30.69",
        "202201": "無",
        "202202": "無",
        "202203": "無",
        "202204": "無",
        "202205": "無",
        "202206": "無",
        "202207": "無",
        "202208": "無",
        "202209": "無",
        "202210": "無",
        "202211": "無",
        "202212": "無",
        "202301": "無",
        "202302": "無",
        "202303": "無",
        "202304": "無",
        "202305": "無",
        "202306": "無",
        "202307": "無",
        "202308": "無",
        "202309": "無",
        "202310": "無",
        "202311": "無",
        "202312": "無",
        "202401": "無",
        "202402": "無",
        "202403": "無",
        "202404": "無"
    },
    "quarters": {
        "20011": {
            "year_quarter": 20011,
            "year": 2001,
            "quarter": 1,
            "eps": null,
            "eps_growth_year": null,
            "eps_4q": null,
            "eps_4q_growth_year": null,
            "roe": null,
            "roe_4q": 0,
            "gross_profit": null,
            "gross_margin": null,
            "gross_margin_4q_avg": 0,
            "net_income": null,
            "net_income_4q": null,
            "revenue": null,
            "revenue_4q": null,
            "common_shares": null,
            "book_valuer_per_share": null,
            "book_valuer_per_share_4q_avg": 0,
            "equity": null,
            "current_ratio": null,
            "debt_ratio": null,
            "inventory_turnover_ratio": null,
            "account_receivable_turnover_ratio": null,
            "reinvestment_rate": null,
            "research_to_sale_ratio": null,
            "price_fair": 0,
            "eps_avg_yearly": 0,
            "eps_latest_yearly": 0,
            "eps_growth_yearly": 0
        },
        "20012": {
            "year_quarter": 20012,
            "year": 2001,
            "quarter": 2,
            "eps": null,
            "eps_growth_year": null,
            "eps_4q": null,
            "eps_4q_growth_year": null,
            "roe": null,
            "roe_4q": 0,
            "gross_profit": null,
            "gross_margin": null,
            "gross_margin_4q_avg": 0,
            "net_income": null,
            "net_income_4q": null,
            "revenue": null,
            "revenue_4q": null,
            "common_shares": null,
            "book_valuer_per_share": null,
            "book_valuer_per_share_4q_avg": 0,
            "equity": null,
            "current_ratio": null,
            "debt_ratio": null,
            "inventory_turnover_ratio": null,
            "account_receivable_turnover_ratio": null,
            "reinvestment_rate": null,
            "research_to_sale_ratio": null,
            "price_fair": 0,
            "eps_avg_yearly": 0,
            "eps_latest_yearly": 0,
            "eps_growth_yearly": 0
        },
        "20013": {
            "year_quarter": 20013,
            "year": 2001,
            "quarter": 3,
            "eps": null,
            "eps_growth_year": null,
            "eps_4q": null,
            "eps_4q_growth_year": null,
            "roe": null,
            "roe_4q": 0,
            "gross_profit": null,
            "gross_margin": null,
            "gross_margin_4q_avg": 0,
            "net_income": null,
            "net_income_4q": null,
            "revenue": null,
            "revenue_4q": null,
            "common_shares": null,
            "book_valuer_per_share": null,
            "book_valuer_per_share_4q_avg": 0,
            "equity": null,
            "current_ratio": null,
            "debt_ratio": null,
            "inventory_turnover_ratio": null,
            "account_receivable_turnover_ratio": null,
            "reinvestment_rate": null,
            "research_to_sale_ratio": null,
            "price_fair": 0,
            "eps_avg_yearly": 0,
            "eps_latest_yearly": 0,
            "eps_growth_yearly": 0
        },
        "20014": {
            "year_quarter": 20014,
            "year": 2001,
            "quarter": 4,
            "eps": null,
            "eps_growth_year": null,
            "eps_4q": null,
            "eps_4q_growth_year": null,
            "roe": null,
            "roe_4q": 0,
            "gross_profit": null,
            "gross_margin": null,
            "gross_margin_4q_avg": 0,
            "net_income": null,
            "net_income_4q": null,
            "revenue": null,
            "revenue_4q": null,
            "common_shares": null,
            "book_valuer_per_share": null,
            "book_valuer_per_share_4q_avg": 0,
            "equity": null,
            "current_ratio": null,
            "debt_ratio": null,
            "inventory_turnover_ratio": null,
            "account_receivable_turnover_ratio": null,
            "reinvestment_rate": null,
            "research_to_sale_ratio": null,
            "price_fair": 0,
            "eps_avg_yearly": 0,
            "eps_latest_yearly": 0,
            "eps_growth_yearly": 0
        },
        "20021": {
            "year_quarter": 20021,
            "year": 2002,
            "quarter": 1,
            "eps": null,
            "eps_growth_year": null,
            "eps_4q": null,
            "eps_4q_growth_year": null,
            "roe": null,
            "roe_4q": 0,
            "gross_profit": null,
            "gross_margin": null,
            "gross_margin_4q_avg": 0,
            "net_income": null,
            "net_income_4q": null,
            "revenue": null,
            "revenue_4q": null,
            "common_shares": null,
            "book_valuer_per_share": null,
            "book_valuer_per_share_4q_avg": 0,
            "equity": null,
            "current_ratio": null,
            "debt_ratio": null,
            "inventory_turnover_ratio": null,
            "account_receivable_turnover_ratio": null,
            "reinvestment_rate": null,
            "research_to_sale_ratio": null,
            "price_fair": 0,
            "eps_avg_yearly": 0,
            "eps_latest_yearly": 0,
            "eps_growth_yearly": 0
        },
        "20022": {
            "year_quarter": 20022,
            "year": 2002,
            "quarter": 2,
            "eps": null,
            "eps_growth_year": null,
            "eps_4q": null,
            "eps_4q_growth_year": null,
            "roe": null,
            "roe_4q": 0,
            "gross_profit": null,
            "gross_margin": null,
            "gross_margin_4q_avg": 0,
            "net_income": null,
            "net_income_4q": null,
            "revenue": null,
            "revenue_4q": null,
            "common_shares": null,
            "book_valuer_per_share": null,
            "book_valuer_per_share_4q_avg": 0,
            "equity": null,
            "current_ratio": null,
            "debt_ratio": null,
            "inventory_turnover_ratio": null,
            "account_receivable_turnover_ratio": null,
            "reinvestment_rate": null,
            "research_to_sale_ratio": null,
            "price_fair": 0,
            "eps_avg_yearly": 0,
            "eps_latest_yearly": 0,
            "eps_growth_yearly": 0
        },
        "20023": {
            "year_quarter": 20023,
            "year": 2002,
            "quarter": 3,
            "eps": null,
            "eps_growth_year": null,
            "eps_4q": null,
            "eps_4q_growth_year": null,
            "roe": null,
            "roe_4q": 0,
            "gross_profit": null,
            "gross_margin": null,
            "gross_margin_4q_avg": 0,
            "net_income": null,
            "net_income_4q": null,
            "revenue": null,
            "revenue_4q": null,
            "common_shares": null,
            "book_valuer_per_share": null,
            "book_valuer_per_share_4q_avg": 0,
            "equity": null,
            "current_ratio": null,
            "debt_ratio": null,
            "inventory_turnover_ratio": null,
            "account_receivable_turnover_ratio": null,
            "reinvestment_rate": null,
            "research_to_sale_ratio": null,
            "price_fair": 0,
            "eps_avg_yearly": 0,
            "eps_latest_yearly": 0,
            "eps_growth_yearly": 0
        },
        "20024": {
            "year_quarter": 20024,
            "year": 2002,
            "quarter": 4,
            "eps": null,
            "eps_growth_year": null,
            "eps_4q": null,
            "eps_4q_growth_year": null,
            "roe": null,
            "roe_4q": 0,
            "gross_profit": null,
            "gross_margin": null,
            "gross_margin_4q_avg": 0,
            "net_income": null,
            "net_income_4q": null,
            "revenue": null,
            "revenue_4q": null,
            "common_shares": null,
            "book_valuer_per_share": null,
            "book_valuer_per_share_4q_avg": 0,
            "equity": null,
            "current_ratio": null,
            "debt_ratio": null,
            "inventory_turnover_ratio": null,
            "account_receivable_turnover_ratio": null,
            "reinvestment_rate": null,
            "research_to_sale_ratio": null,
            "price_fair": 0,
            "eps_avg_yearly": 0,
            "eps_latest_yearly": 0,
            "eps_growth_yearly": 0
        },
        "20031": {
            "year_quarter": 20031,
            "year": 2003,
            "quarter": 1,
            "eps": null,
            "eps_growth_year": null,
            "eps_4q": null,
            "eps_4q_growth_year": null,
            "roe": null,
            "roe_4q": 0,
            "gross_profit": null,
            "gross_margin": null,
            "gross_margin_4q_avg": 0,
            "net_income": null,
            "net_income_4q": null,
            "revenue": null,
            "revenue_4q": null,
            "common_shares": null,
            "book_valuer_per_share": null,
            "book_valuer_per_share_4q_avg": 0,
            "equity": null,
            "current_ratio": null,
            "debt_ratio": null,
            "inventory_turnover_ratio": null,
            "account_receivable_turnover_ratio": null,
            "reinvestment_rate": null,
            "research_to_sale_ratio": null,
            "price_fair": 0,
            "eps_avg_yearly": 0,
            "eps_latest_yearly": 0,
            "eps_growth_yearly": 0
        },
        "20032": {
            "year_quarter": 20032,
            "year": 2003,
            "quarter": 2,
            "eps": null,
            "eps_growth_year": null,
            "eps_4q": null,
            "eps_4q_growth_year": null,
            "roe": null,
            "roe_4q": 0,
            "gross_profit": null,
            "gross_margin": null,
            "gross_margin_4q_avg": 0,
            "net_income": null,
            "net_income_4q": null,
            "revenue": null,
            "revenue_4q": null,
            "common_shares": null,
            "book_valuer_per_share": null,
            "book_valuer_per_share_4q_avg": 0,
            "equity": null,
            "current_ratio": null,
            "debt_ratio": null,
            "inventory_turnover_ratio": null,
            "account_receivable_turnover_ratio": null,
            "reinvestment_rate": null,
            "research_to_sale_ratio": null,
            "price_fair": 0,
            "eps_avg_yearly": 0,
            "eps_latest_yearly": 0,
            "eps_growth_yearly": 0
        },
        "20033": {
            "year_quarter": 20033,
            "year": 2003,
            "quarter": 3,
            "eps": null,
            "eps_growth_year": null,
            "eps_4q": null,
            "eps_4q_growth_year": null,
            "roe": null,
            "roe_4q": 0,
            "gross_profit": null,
            "gross_margin": null,
            "gross_margin_4q_avg": 0,
            "net_income": null,
            "net_income_4q": null,
            "revenue": null,
            "revenue_4q": null,
            "common_shares": null,
            "book_valuer_per_share": null,
            "book_valuer_per_share_4q_avg": 0,
            "equity": null,
            "current_ratio": null,
            "debt_ratio": null,
            "inventory_turnover_ratio": null,
            "account_receivable_turnover_ratio": null,
            "reinvestment_rate": null,
            "research_to_sale_ratio": null,
            "price_fair": 0,
            "eps_avg_yearly": 0,
            "eps_latest_yearly": 0,
            "eps_growth_yearly": 0
        },
        "20034": {
            "year_quarter": 20034,
            "year": 2003,
            "quarter": 4,
            "eps": null,
            "eps_growth_year": null,
            "eps_4q": null,
            "eps_4q_growth_year": null,
            "roe": null,
            "roe_4q": 0,
            "gross_profit": null,
            "gross_margin": null,
            "gross_margin_4q_avg": 0,
            "net_income": null,
            "net_income_4q": null,
            "revenue": null,
            "revenue_4q": null,
            "common_shares": null,
            "book_valuer_per_share": null,
            "book_valuer_per_share_4q_avg": 0,
            "equity": null,
            "current_ratio": null,
            "debt_ratio": null,
            "inventory_turnover_ratio": null,
            "account_receivable_turnover_ratio": null,
            "reinvestment_rate": null,
            "research_to_sale_ratio": null,
            "price_fair": 0,
            "eps_avg_yearly": 0,
            "eps_latest_yearly": 0,
            "eps_growth_yearly": 0
        },
        "20041": {
            "year_quarter": 20041,
            "year": 2004,
            "quarter": 1,
            "eps": null,
            "eps_growth_year": null,
            "eps_4q": null,
            "eps_4q_growth_year": null,
            "roe": null,
            "roe_4q": 0,
            "gross_profit": null,
            "gross_margin": null,
            "gross_margin_4q_avg": 0,
            "net_income": null,
            "net_income_4q": null,
            "revenue": null,
            "revenue_4q": null,
            "common_shares": null,
            "book_valuer_per_share": null,
            "book_valuer_per_share_4q_avg": 0,
            "equity": null,
            "current_ratio": null,
            "debt_ratio": null,
            "inventory_turnover_ratio": null,
            "account_receivable_turnover_ratio": null,
            "reinvestment_rate": null,
            "research_to_sale_ratio": null,
            "price_fair": 0,
            "eps_avg_yearly": 0,
            "eps_latest_yearly": 0,
            "eps_growth_yearly": 0
        },
        "20042": {
            "year_quarter": 20042,
            "year": 2004,
            "quarter": 2,
            "eps": null,
            "eps_growth_year": null,
            "eps_4q": null,
            "eps_4q_growth_year": null,
            "roe": null,
            "roe_4q": 0,
            "gross_profit": null,
            "gross_margin": null,
            "gross_margin_4q_avg": 0,
            "net_income": null,
            "net_income_4q": null,
            "revenue": null,
            "revenue_4q": null,
            "common_shares": null,
            "book_valuer_per_share": null,
            "book_valuer_per_share_4q_avg": 0,
            "equity": null,
            "current_ratio": null,
            "debt_ratio": null,
            "inventory_turnover_ratio": null,
            "account_receivable_turnover_ratio": null,
            "reinvestment_rate": null,
            "research_to_sale_ratio": null,
            "price_fair": 0,
            "eps_avg_yearly": 0,
            "eps_latest_yearly": 0,
            "eps_growth_yearly": 0
        },
        "20043": {
            "year_quarter": 20043,
            "year": 2004,
            "quarter": 3,
            "eps": null,
            "eps_growth_year": null,
            "eps_4q": null,
            "eps_4q_growth_year": null,
            "roe": null,
            "roe_4q": 0,
            "gross_profit": null,
            "gross_margin": null,
            "gross_margin_4q_avg": 0,
            "net_income": null,
            "net_income_4q": null,
            "revenue": null,
            "revenue_4q": null,
            "common_shares": null,
            "book_valuer_per_share": null,
            "book_valuer_per_share_4q_avg": 0,
            "equity": null,
            "current_ratio": null,
            "debt_ratio": null,
            "inventory_turnover_ratio": null,
            "account_receivable_turnover_ratio": null,
            "reinvestment_rate": null,
            "research_to_sale_ratio": null,
            "price_fair": 0,
            "eps_avg_yearly": 0,
            "eps_latest_yearly": 0,
            "eps_growth_yearly": 0
        },
        "20044": {
            "year_quarter": 20044,
            "year": 2004,
            "quarter": 4,
            "eps": null,
            "eps_growth_year": null,
            "eps_4q": null,
            "eps_4q_growth_year": null,
            "roe": null,
            "roe_4q": 0,
            "gross_profit": null,
            "gross_margin": null,
            "gross_margin_4q_avg": 0,
            "net_income": null,
            "net_income_4q": null,
            "revenue": null,
            "revenue_4q": null,
            "common_shares": null,
            "book_valuer_per_share": null,
            "book_valuer_per_share_4q_avg": 0,
            "equity": null,
            "current_ratio": null,
            "debt_ratio": null,
            "inventory_turnover_ratio": null,
            "account_receivable_turnover_ratio": null,
            "reinvestment_rate": null,
            "research_to_sale_ratio": null,
            "price_fair": 0,
            "eps_avg_yearly": 0,
            "eps_latest_yearly": 0,
            "eps_growth_yearly": 0
        },
        "20051": {
            "year_quarter": 20051,
            "year": 2005,
            "quarter": 1,
            "eps": null,
            "eps_growth_year": null,
            "eps_4q": null,
            "eps_4q_growth_year": null,
            "roe": null,
            "roe_4q": 0,
            "gross_profit": null,
            "gross_margin": null,
            "gross_margin_4q_avg": 0,
            "net_income": null,
            "net_income_4q": null,
            "revenue": null,
            "revenue_4q": null,
            "common_shares": null,
            "book_valuer_per_share": null,
            "book_valuer_per_share_4q_avg": 0,
            "equity": null,
            "current_ratio": null,
            "debt_ratio": null,
            "inventory_turnover_ratio": null,
            "account_receivable_turnover_ratio": null,
            "reinvestment_rate": null,
            "research_to_sale_ratio": null,
            "price_fair": 0,
            "eps_avg_yearly": 0,
            "eps_latest_yearly": 0,
            "eps_growth_yearly": 0
        },
        "20052": {
            "year_quarter": 20052,
            "year": 2005,
            "quarter": 2,
            "eps": null,
            "eps_growth_year": null,
            "eps_4q": null,
            "eps_4q_growth_year": null,
            "roe": null,
            "roe_4q": 0,
            "gross_profit": null,
            "gross_margin": null,
            "gross_margin_4q_avg": 0,
            "net_income": null,
            "net_income_4q": null,
            "revenue": null,
            "revenue_4q": null,
            "common_shares": null,
            "book_valuer_per_share": null,
            "book_valuer_per_share_4q_avg": 0,
            "equity": null,
            "current_ratio": null,
            "debt_ratio": null,
            "inventory_turnover_ratio": null,
            "account_receivable_turnover_ratio": null,
            "reinvestment_rate": null,
            "research_to_sale_ratio": null,
            "price_fair": 0,
            "eps_avg_yearly": 0,
            "eps_latest_yearly": 0,
            "eps_growth_yearly": 0
        },
        "20053": {
            "year_quarter": 20053,
            "year": 2005,
            "quarter": 3,
            "eps": null,
            "eps_growth_year": null,
            "eps_4q": null,
            "eps_4q_growth_year": null,
            "roe": null,
            "roe_4q": 0,
            "gross_profit": null,
            "gross_margin": null,
            "gross_margin_4q_avg": 0,
            "net_income": null,
            "net_income_4q": null,
            "revenue": null,
            "revenue_4q": null,
            "common_shares": null,
            "book_valuer_per_share": null,
            "book_valuer_per_share_4q_avg": 0,
            "equity": null,
            "current_ratio": null,
            "debt_ratio": null,
            "inventory_turnover_ratio": null,
            "account_receivable_turnover_ratio": null,
            "reinvestment_rate": null,
            "research_to_sale_ratio": null,
            "price_fair": 0,
            "eps_avg_yearly": 0,
            "eps_latest_yearly": 0,
            "eps_growth_yearly": 0
        },
        "20054": {
            "year_quarter": 20054,
            "year": 2005,
            "quarter": 4,
            "eps": null,
            "eps_growth_year": null,
            "eps_4q": null,
            "eps_4q_growth_year": null,
            "roe": null,
            "roe_4q": 0,
            "gross_profit": null,
            "gross_margin": null,
            "gross_margin_4q_avg": 0,
            "net_income": null,
            "net_income_4q": null,
            "revenue": null,
            "revenue_4q": null,
            "common_shares": null,
            "book_valuer_per_share": null,
            "book_valuer_per_share_4q_avg": 0,
            "equity": null,
            "current_ratio": null,
            "debt_ratio": null,
            "inventory_turnover_ratio": null,
            "account_receivable_turnover_ratio": null,
            "reinvestment_rate": null,
            "research_to_sale_ratio": null,
            "price_fair": 0,
            "eps_avg_yearly": 0,
            "eps_latest_yearly": 0,
            "eps_growth_yearly": 0
        },
        "20061": {
            "year_quarter": 20061,
            "year": 2006,
            "quarter": 1,
            "eps": null,
            "eps_growth_year": null,
            "eps_4q": null,
            "eps_4q_growth_year": null,
            "roe": null,
            "roe_4q": 0,
            "gross_profit": null,
            "gross_margin": null,
            "gross_margin_4q_avg": 0,
            "net_income": null,
            "net_income_4q": null,
            "revenue": null,
            "revenue_4q": null,
            "common_shares": null,
            "book_valuer_per_share": null,
            "book_valuer_per_share_4q_avg": 0,
            "equity": null,
            "current_ratio": null,
            "debt_ratio": null,
            "inventory_turnover_ratio": null,
            "account_receivable_turnover_ratio": null,
            "reinvestment_rate": null,
            "research_to_sale_ratio": null,
            "price_fair": 0,
            "eps_avg_yearly": 0,
            "eps_latest_yearly": 0,
            "eps_growth_yearly": 0
        },
        "20062": {
            "year_quarter": 20062,
            "year": 2006,
            "quarter": 2,
            "eps": null,
            "eps_growth_year": null,
            "eps_4q": null,
            "eps_4q_growth_year": null,
            "roe": null,
            "roe_4q": 0,
            "gross_profit": null,
            "gross_margin": null,
            "gross_margin_4q_avg": 0,
            "net_income": null,
            "net_income_4q": null,
            "revenue": null,
            "revenue_4q": null,
            "common_shares": null,
            "book_valuer_per_share": null,
            "book_valuer_per_share_4q_avg": 0,
            "equity": null,
            "current_ratio": null,
            "debt_ratio": null,
            "inventory_turnover_ratio": null,
            "account_receivable_turnover_ratio": null,
            "reinvestment_rate": null,
            "research_to_sale_ratio": null,
            "price_fair": 0,
            "eps_avg_yearly": 0,
            "eps_latest_yearly": 0,
            "eps_growth_yearly": 0
        },
        "20063": {
            "year_quarter": 20063,
            "year": 2006,
            "quarter": 3,
            "eps": null,
            "eps_growth_year": null,
            "eps_4q": null,
            "eps_4q_growth_year": null,
            "roe": null,
            "roe_4q": 0,
            "gross_profit": null,
            "gross_margin": null,
            "gross_margin_4q_avg": 0,
            "net_income": null,
            "net_income_4q": null,
            "revenue": null,
            "revenue_4q": null,
            "common_shares": null,
            "book_valuer_per_share": null,
            "book_valuer_per_share_4q_avg": 0,
            "equity": null,
            "current_ratio": null,
            "debt_ratio": null,
            "inventory_turnover_ratio": null,
            "account_receivable_turnover_ratio": null,
            "reinvestment_rate": null,
            "research_to_sale_ratio": null,
            "price_fair": 0,
            "eps_avg_yearly": 0,
            "eps_latest_yearly": 0,
            "eps_growth_yearly": 0
        },
        "20064": {
            "year_quarter": 20064,
            "year": 2006,
            "quarter": 4,
            "eps": null,
            "eps_growth_year": null,
            "eps_4q": null,
            "eps_4q_growth_year": null,
            "roe": null,
            "roe_4q": 0,
            "gross_profit": null,
            "gross_margin": null,
            "gross_margin_4q_avg": 0,
            "net_income": null,
            "net_income_4q": null,
            "revenue": null,
            "revenue_4q": null,
            "common_shares": null,
            "book_valuer_per_share": null,
            "book_valuer_per_share_4q_avg": 0,
            "equity": null,
            "current_ratio": null,
            "debt_ratio": null,
            "inventory_turnover_ratio": null,
            "account_receivable_turnover_ratio": null,
            "reinvestment_rate": null,
            "research_to_sale_ratio": null,
            "price_fair": 0,
            "eps_avg_yearly": 0,
            "eps_latest_yearly": 0,
            "eps_growth_yearly": 0
        },
        "20071": {
            "year_quarter": 20071,
            "year": 2007,
            "quarter": 1,
            "eps": null,
            "eps_growth_year": null,
            "eps_4q": null,
            "eps_4q_growth_year": null,
            "roe": null,
            "roe_4q": 0,
            "gross_profit": null,
            "gross_margin": null,
            "gross_margin_4q_avg": 0,
            "net_income": null,
            "net_income_4q": null,
            "revenue": null,
            "revenue_4q": null,
            "common_shares": null,
            "book_valuer_per_share": null,
            "book_valuer_per_share_4q_avg": 0,
            "equity": null,
            "current_ratio": null,
            "debt_ratio": null,
            "inventory_turnover_ratio": null,
            "account_receivable_turnover_ratio": null,
            "reinvestment_rate": null,
            "research_to_sale_ratio": null,
            "price_fair": 0,
            "eps_avg_yearly": 0,
            "eps_latest_yearly": 0,
            "eps_growth_yearly": 0
        },
        "20072": {
            "year_quarter": 20072,
            "year": 2007,
            "quarter": 2,
            "eps": null,
            "eps_growth_year": null,
            "eps_4q": null,
            "eps_4q_growth_year": null,
            "roe": null,
            "roe_4q": 0,
            "gross_profit": null,
            "gross_margin": null,
            "gross_margin_4q_avg": 0,
            "net_income": null,
            "net_income_4q": null,
            "revenue": null,
            "revenue_4q": null,
            "common_shares": null,
            "book_valuer_per_share": null,
            "book_valuer_per_share_4q_avg": 0,
            "equity": null,
            "current_ratio": null,
            "debt_ratio": null,
            "inventory_turnover_ratio": null,
            "account_receivable_turnover_ratio": null,
            "reinvestment_rate": null,
            "research_to_sale_ratio": null,
            "price_fair": 0,
            "eps_avg_yearly": 0,
            "eps_latest_yearly": 0,
            "eps_growth_yearly": 0
        },
        "20073": {
            "year_quarter": 20073,
            "year": 2007,
            "quarter": 3,
            "eps": null,
            "eps_growth_year": null,
            "eps_4q": null,
            "eps_4q_growth_year": null,
            "roe": null,
            "roe_4q": 0,
            "gross_profit": null,
            "gross_margin": null,
            "gross_margin_4q_avg": 0,
            "net_income": null,
            "net_income_4q": null,
            "revenue": null,
            "revenue_4q": null,
            "common_shares": null,
            "book_valuer_per_share": null,
            "book_valuer_per_share_4q_avg": 0,
            "equity": null,
            "current_ratio": null,
            "debt_ratio": null,
            "inventory_turnover_ratio": null,
            "account_receivable_turnover_ratio": null,
            "reinvestment_rate": null,
            "research_to_sale_ratio": null,
            "price_fair": 0,
            "eps_avg_yearly": 0,
            "eps_latest_yearly": 0,
            "eps_growth_yearly": 0
        },
        "20074": {
            "year_quarter": 20074,
            "year": 2007,
            "quarter": 4,
            "eps": null,
            "eps_growth_year": null,
            "eps_4q": null,
            "eps_4q_growth_year": null,
            "roe": null,
            "roe_4q": 0,
            "gross_profit": null,
            "gross_margin": null,
            "gross_margin_4q_avg": 0,
            "net_income": null,
            "net_income_4q": null,
            "revenue": null,
            "revenue_4q": null,
            "common_shares": null,
            "book_valuer_per_share": null,
            "book_valuer_per_share_4q_avg": 0,
            "equity": null,
            "current_ratio": null,
            "debt_ratio": null,
            "inventory_turnover_ratio": null,
            "account_receivable_turnover_ratio": null,
            "reinvestment_rate": null,
            "research_to_sale_ratio": null,
            "price_fair": 0,
            "eps_avg_yearly": 0,
            "eps_latest_yearly": 0,
            "eps_growth_yearly": 0
        },
        "20081": {
            "year_quarter": 20081,
            "year": 2008,
            "quarter": 1,
            "eps": null,
            "eps_growth_year": null,
            "eps_4q": null,
            "eps_4q_growth_year": null,
            "roe": null,
            "roe_4q": 0,
            "gross_profit": null,
            "gross_margin": null,
            "gross_margin_4q_avg": 0,
            "net_income": null,
            "net_income_4q": null,
            "revenue": null,
            "revenue_4q": null,
            "common_shares": null,
            "book_valuer_per_share": null,
            "book_valuer_per_share_4q_avg": 0,
            "equity": null,
            "current_ratio": null,
            "debt_ratio": null,
            "inventory_turnover_ratio": null,
            "account_receivable_turnover_ratio": null,
            "reinvestment_rate": null,
            "research_to_sale_ratio": null,
            "price_fair": 0,
            "eps_avg_yearly": 0,
            "eps_latest_yearly": 0,
            "eps_growth_yearly": 0
        },
        "20082": {
            "year_quarter": 20082,
            "year": 2008,
            "quarter": 2,
            "eps": null,
            "eps_growth_year": null,
            "eps_4q": null,
            "eps_4q_growth_year": null,
            "roe": null,
            "roe_4q": 0,
            "gross_profit": null,
            "gross_margin": null,
            "gross_margin_4q_avg": 0,
            "net_income": null,
            "net_income_4q": null,
            "revenue": null,
            "revenue_4q": null,
            "common_shares": null,
            "book_valuer_per_share": null,
            "book_valuer_per_share_4q_avg": 0,
            "equity": null,
            "current_ratio": null,
            "debt_ratio": null,
            "inventory_turnover_ratio": null,
            "account_receivable_turnover_ratio": null,
            "reinvestment_rate": null,
            "research_to_sale_ratio": null,
            "price_fair": 0,
            "eps_avg_yearly": 0,
            "eps_latest_yearly": 0,
            "eps_growth_yearly": 0
        },
        "20083": {
            "year_quarter": 20083,
            "year": 2008,
            "quarter": 3,
            "eps": null,
            "eps_growth_year": null,
            "eps_4q": null,
            "eps_4q_growth_year": null,
            "roe": null,
            "roe_4q": 0,
            "gross_profit": null,
            "gross_margin": null,
            "gross_margin_4q_avg": 0,
            "net_income": null,
            "net_income_4q": null,
            "revenue": null,
            "revenue_4q": null,
            "common_shares": null,
            "book_valuer_per_share": null,
            "book_valuer_per_share_4q_avg": 0,
            "equity": null,
            "current_ratio": null,
            "debt_ratio": null,
            "inventory_turnover_ratio": null,
            "account_receivable_turnover_ratio": null,
            "reinvestment_rate": null,
            "research_to_sale_ratio": null,
            "price_fair": 0,
            "eps_avg_yearly": 0,
            "eps_latest_yearly": 0,
            "eps_growth_yearly": 0
        },
        "20084": {
            "year_quarter": 20084,
            "year": 2008,
            "quarter": 4,
            "eps": null,
            "eps_growth_year": null,
            "eps_4q": null,
            "eps_4q_growth_year": null,
            "roe": null,
            "roe_4q": 0,
            "gross_profit": null,
            "gross_margin": null,
            "gross_margin_4q_avg": 0,
            "net_income": null,
            "net_income_4q": null,
            "revenue": null,
            "revenue_4q": null,
            "common_shares": 11714164,
            "book_valuer_per_share": null,
            "book_valuer_per_share_4q_avg": 0,
            "equity": 4311755,
            "current_ratio": null,
            "debt_ratio": null,
            "inventory_turnover_ratio": null,
            "account_receivable_turnover_ratio": null,
            "reinvestment_rate": null,
            "research_to_sale_ratio": null,
            "price_fair": 0,
            "eps_avg_yearly": 0,
            "eps_latest_yearly": 0,
            "eps_growth_yearly": 0
        },
        "20091": {
            "year_quarter": 20091,
            "year": 2009,
            "quarter": 1,
            "eps": null,
            "eps_growth_year": null,
            "eps_4q": null,
            "eps_4q_growth_year": null,
            "roe": null,
            "roe_4q": 0,
            "gross_profit": 1443940,
            "gross_margin": null,
            "gross_margin_4q_avg": 0,
            "net_income": 1076065,
            "net_income_4q": null,
            "revenue": 1076065,
            "revenue_4q": null,
            "common_shares": 13014164,
            "book_valuer_per_share": null,
            "book_valuer_per_share_4q_avg": 0,
            "equity": 9144778,
            "current_ratio": null,
            "debt_ratio": null,
            "inventory_turnover_ratio": null,
            "account_receivable_turnover_ratio": null,
            "reinvestment_rate": null,
            "research_to_sale_ratio": null,
            "price_fair": 0,
            "eps_avg_yearly": 0,
            "eps_latest_yearly": 0,
            "eps_growth_yearly": 0
        },
        "20092": {
            "year_quarter": 20092,
            "year": 2009,
            "quarter": 2,
            "eps": null,
            "eps_growth_year": null,
            "eps_4q": null,
            "eps_4q_growth_year": null,
            "roe": null,
            "roe_4q": 0,
            "gross_profit": 537387,
            "gross_margin": null,
            "gross_margin_4q_avg": 0,
            "net_income": 182295,
            "net_income_4q": null,
            "revenue": 182295,
            "revenue_4q": null,
            "common_shares": 13014164,
            "book_valuer_per_share": null,
            "book_valuer_per_share_4q_avg": 0,
            "equity": 14032464,
            "current_ratio": null,
            "debt_ratio": null,
            "inventory_turnover_ratio": null,
            "account_receivable_turnover_ratio": null,
            "reinvestment_rate": null,
            "research_to_sale_ratio": null,
            "price_fair": 0,
            "eps_avg_yearly": 0,
            "eps_latest_yearly": 0,
            "eps_growth_yearly": 0
        },
        "20093": {
            "year_quarter": 20093,
            "year": 2009,
            "quarter": 3,
            "eps": null,
            "eps_growth_year": null,
            "eps_4q": null,
            "eps_4q_growth_year": null,
            "roe": null,
            "roe_4q": 0,
            "gross_profit": 2015192,
            "gross_margin": null,
            "gross_margin_4q_avg": 0,
            "net_income": 1041651,
            "net_income_4q": null,
            "revenue": 1041651,
            "revenue_4q": null,
            "common_shares": 13014164,
            "book_valuer_per_share": null,
            "book_valuer_per_share_4q_avg": 0,
            "equity": 18888381,
            "current_ratio": null,
            "debt_ratio": null,
            "inventory_turnover_ratio": null,
            "account_receivable_turnover_ratio": null,
            "reinvestment_rate": null,
            "research_to_sale_ratio": null,
            "price_fair": 0,
            "eps_avg_yearly": 0,
            "eps_latest_yearly": 0,
            "eps_growth_yearly": 0
        },
        "20094": {
            "year_quarter": 20094,
            "year": 2009,
            "quarter": 4,
            "eps": null,
            "eps_growth_year": null,
            "eps_4q": null,
            "eps_4q_growth_year": null,
            "roe": null,
            "roe_4q": 0,
            "gross_profit": 1420996,
            "gross_margin": null,
            "gross_margin_4q_avg": 0,
            "net_income": 415805,
            "net_income_4q": null,
            "revenue": 415805,
            "revenue_4q": null,
            "common_shares": 15014164,
            "book_valuer_per_share": 16.38,
            "book_valuer_per_share_4q_avg": 4.1,
            "equity": 24592059,
            "current_ratio": 1282.36,
            "debt_ratio": 95.62,
            "inventory_turnover_ratio": null,
            "account_receivable_turnover_ratio": null,
            "reinvestment_rate": null,
            "research_to_sale_ratio": null,
            "price_fair": 0,
            "eps_avg_yearly": 0,
            "eps_latest_yearly": 0,
            "eps_growth_yearly": 0
        },
        "20101": {
            "year_quarter": 20101,
            "year": 2010,
            "quarter": 1,
            "eps": 0.4,
            "eps_growth_year": null,
            "eps_4q": 0.4,
            "eps_4q_growth_year": null,
            "roe": 2.55,
            "roe_4q": 2.55,
            "gross_profit": 1349650,
            "gross_margin": 223.91,
            "gross_margin_4q_avg": 55.98,
            "net_income": 602758,
            "net_income_4q": null,
            "revenue": 602758,
            "revenue_4q": null,
            "common_shares": 15014164,
            "book_valuer_per_share": 15.11,
            "book_valuer_per_share_4q_avg": 7.87,
            "equity": 22687606,
            "current_ratio": 1747.12,
            "debt_ratio": 96.08,
            "inventory_turnover_ratio": null,
            "account_receivable_turnover_ratio": 0.64,
            "reinvestment_rate": null,
            "research_to_sale_ratio": null,
            "price_fair": 0,
            "eps_avg_yearly": 0,
            "eps_latest_yearly": 0,
            "eps_growth_yearly": 0
        },
        "20102": {
            "year_quarter": 20102,
            "year": 2010,
            "quarter": 2,
            "eps": 0.3,
            "eps_growth_year": null,
            "eps_4q": 0.65,
            "eps_4q_growth_year": null,
            "roe": 2.36,
            "roe_4q": 4.91,
            "gross_profit": 1106936,
            "gross_margin": 217.84,
            "gross_margin_4q_avg": 110.44,
            "net_income": 508135,
            "net_income_4q": null,
            "revenue": 508135,
            "revenue_4q": null,
            "common_shares": 15014164,
            "book_valuer_per_share": 13.63,
            "book_valuer_per_share_4q_avg": 11.28,
            "equity": 20458239,
            "current_ratio": 1479.94,
            "debt_ratio": 96.55,
            "inventory_turnover_ratio": null,
            "account_receivable_turnover_ratio": 0.72,
            "reinvestment_rate": null,
            "research_to_sale_ratio": null,
            "price_fair": 3.6,
            "eps_avg_yearly": 1.2,
            "eps_latest_yearly": 1.2,
            "eps_growth_yearly": -100
        },
        "20103": {
            "year_quarter": 20103,
            "year": 2010,
            "quarter": 3,
            "eps": 1.03,
            "eps_growth_year": null,
            "eps_4q": 1.68,
            "eps_4q_growth_year": null,
            "roe": 7.51,
            "roe_4q": 12.419999999999998,
            "gross_profit": 2537544,
            "gross_margin": 143.53,
            "gross_margin_4q_avg": 146.32,
            "net_income": 1767901,
            "net_income_4q": null,
            "revenue": 1767901,
            "revenue_4q": null,
            "common_shares": 17086119,
            "book_valuer_per_share": 15.58,
            "book_valuer_per_share_4q_avg": 15.18,
            "equity": 26619436,
            "current_ratio": 2428.94,
            "debt_ratio": 95.71,
            "inventory_turnover_ratio": null,
            "account_receivable_turnover_ratio": 2.52,
            "reinvestment_rate": null,
            "research_to_sale_ratio": null,
            "price_fair": 93.1,
            "eps_avg_yearly": 2.66,
            "eps_latest_yearly": 4.12,
            "eps_growth_yearly": 436.67
        },
        "20104": {
            "year_quarter": 20104,
            "year": 2010,
            "quarter": 4,
            "eps": 0.28,
            "eps_growth_year": null,
            "eps_4q": 1.97,
            "eps_4q_growth_year": null,
            "roe": 1.66,
            "roe_4q": 14.079999999999998,
            "gross_profit": 317198,
            "gross_margin": 65.45,
            "gross_margin_4q_avg": 162.68,
            "net_income": 484609,
            "net_income_4q": null,
            "revenue": 484609,
            "revenue_4q": null,
            "common_shares": 17086119,
            "book_valuer_per_share": 18.62,
            "book_valuer_per_share_4q_avg": 15.74,
            "equity": 31820791,
            "current_ratio": 2576.79,
            "debt_ratio": 95.1,
            "inventory_turnover_ratio": null,
            "account_receivable_turnover_ratio": 0.63,
            "reinvestment_rate": null,
            "research_to_sale_ratio": null,
            "price_fair": 75.13,
            "eps_avg_yearly": 2.15,
            "eps_latest_yearly": 1.12,
            "eps_growth_yearly": 194.02
        },
        "20111": {
            "year_quarter": 20111,
            "year": 2011,
            "quarter": 1,
            "eps": 1.3,
            "eps_growth_year": 225,
            "eps_4q": 2.91,
            "eps_4q_growth_year": 625.95,
            "roe": 7.02,
            "roe_4q": 18.549999999999997,
            "gross_profit": null,
            "gross_margin": null,
            "gross_margin_4q_avg": 106.71,
            "net_income": 2218960,
            "net_income_4q": null,
            "revenue": 2218960,
            "revenue_4q": null,
            "common_shares": 17086119,
            "book_valuer_per_share": 18.38,
            "book_valuer_per_share_4q_avg": 16.55,
            "equity": 31399541,
            "current_ratio": null,
            "debt_ratio": 95.32,
            "inventory_turnover_ratio": null,
            "account_receivable_turnover_ratio": 3.16,
            "reinvestment_rate": null,
            "research_to_sale_ratio": null,
            "price_fair": 101.85,
            "eps_avg_yearly": 2.91,
            "eps_latest_yearly": 5.2,
            "eps_growth_yearly": 509.8
        },
        "20112": {
            "year_quarter": 20112,
            "year": 2011,
            "quarter": 2,
            "eps": 0.19,
            "eps_growth_year": -37.26,
            "eps_4q": 2.22,
            "eps_4q_growth_year": 241.39,
            "roe": 1.17,
            "roe_4q": 17.36,
            "gross_profit": null,
            "gross_margin": null,
            "gross_margin_4q_avg": 52.25,
            "net_income": 410407,
            "net_income_4q": null,
            "revenue": 410407,
            "revenue_4q": null,
            "common_shares": 20086119,
            "book_valuer_per_share": 19.28,
            "book_valuer_per_share_4q_avg": 17.97,
            "equity": 38717677,
            "current_ratio": null,
            "debt_ratio": 94.5,
            "inventory_turnover_ratio": null,
            "account_receivable_turnover_ratio": 0.77,
            "reinvestment_rate": null,
            "research_to_sale_ratio": null,
            "price_fair": 86.8,
            "eps_avg_yearly": 2.48,
            "eps_latest_yearly": 0.76,
            "eps_growth_yearly": 339.54
        },
        "20113": {
            "year_quarter": 20113,
            "year": 2011,
            "quarter": 3,
            "eps": 0.62,
            "eps_growth_year": -39.65,
            "eps_4q": 2.04,
            "eps_4q_growth_year": 21.09,
            "roe": 3.83,
            "roe_4q": 13.68,
            "gross_profit": null,
            "gross_margin": null,
            "gross_margin_4q_avg": 16.36,
            "net_income": 1373430,
            "net_income_4q": null,
            "revenue": 1373430,
            "revenue_4q": null,
            "common_shares": 21994310,
            "book_valuer_per_share": 15.02,
            "book_valuer_per_share_4q_avg": 17.83,
            "equity": 33038809,
            "current_ratio": null,
            "debt_ratio": 95.39,
            "inventory_turnover_ratio": null,
            "account_receivable_turnover_ratio": 2.56,
            "reinvestment_rate": null,
            "research_to_sale_ratio": null,
            "price_fair": 86.8,
            "eps_avg_yearly": 2.48,
            "eps_latest_yearly": 2.48,
            "eps_growth_yearly": 433.82
        },
        "20114": {
            "year_quarter": 20114,
            "year": 2011,
            "quarter": 4,
            "eps": 0.09,
            "eps_growth_year": -67.35,
            "eps_4q": 1.91,
            "eps_4q_growth_year": -2.84,
            "roe": 0.62,
            "roe_4q": 12.64,
            "gross_profit": null,
            "gross_margin": null,
            "gross_margin_4q_avg": 0,
            "net_income": 203708,
            "net_income_4q": null,
            "revenue": 203708,
            "revenue_4q": null,
            "common_shares": 21994310,
            "book_valuer_per_share": 14.93,
            "book_valuer_per_share_4q_avg": 16.9,
            "equity": 32831045,
            "current_ratio": null,
            "debt_ratio": 95.5,
            "inventory_turnover_ratio": null,
            "account_receivable_turnover_ratio": 0.33,
            "reinvestment_rate": null,
            "research_to_sale_ratio": null,
            "price_fair": 76.2,
            "eps_avg_yearly": 2.18,
            "eps_latest_yearly": 0.36,
            "eps_growth_yearly": 323
        },
        "20121": {
            "year_quarter": 20121,
            "year": 2012,
            "quarter": 1,
            "eps": 0.46,
            "eps_growth_year": -64.62,
            "eps_4q": 1.36,
            "eps_4q_growth_year": -53.24,
            "roe": 3.01,
            "roe_4q": 8.629999999999999,
            "gross_profit": null,
            "gross_margin": null,
            "gross_margin_4q_avg": 0,
            "net_income": 1010012,
            "net_income_4q": null,
            "revenue": 1010012,
            "revenue_4q": null,
            "common_shares": 21994310,
            "book_valuer_per_share": 15.62,
            "book_valuer_per_share_4q_avg": 16.21,
            "equity": 34353957,
            "current_ratio": null,
            "debt_ratio": 95.44,
            "inventory_turnover_ratio": null,
            "account_receivable_turnover_ratio": 1.77,
            "reinvestment_rate": null,
            "research_to_sale_ratio": null,
            "price_fair": 74.73,
            "eps_avg_yearly": 2.14,
            "eps_latest_yearly": 1.84,
            "eps_growth_yearly": 488.18
        },
        "20122": {
            "year_quarter": 20122,
            "year": 2012,
            "quarter": 2,
            "eps": 0.42,
            "eps_growth_year": 124.94,
            "eps_4q": 1.5,
            "eps_4q_growth_year": -32.28,
            "roe": 2.93,
            "roe_4q": 10.39,
            "gross_profit": null,
            "gross_margin": null,
            "gross_margin_4q_avg": 0,
            "net_income": 1002246,
            "net_income_4q": null,
            "revenue": 1002246,
            "revenue_4q": null,
            "common_shares": 23183121,
            "book_valuer_per_share": 14.72,
            "book_valuer_per_share_4q_avg": 15.07,
            "equity": 34123466,
            "current_ratio": null,
            "debt_ratio": 95.57,
            "inventory_turnover_ratio": null,
            "account_receivable_turnover_ratio": 2.22,
            "reinvestment_rate": null,
            "research_to_sale_ratio": null,
            "price_fair": 72.96,
            "eps_avg_yearly": 2.08,
            "eps_latest_yearly": 1.68,
            "eps_growth_yearly": 430.07
        },
        "20123": {
            "year_quarter": 20123,
            "year": 2012,
            "quarter": 3,
            "eps": 0.84,
            "eps_growth_year": 33.89,
            "eps_4q": 1.76,
            "eps_4q_growth_year": -13.54,
            "roe": 5.54,
            "roe_4q": 12.1,
            "gross_profit": null,
            "gross_margin": null,
            "gross_margin_4q_avg": 0,
            "net_income": 1996374,
            "net_income_4q": null,
            "revenue": 1996374,
            "revenue_4q": null,
            "common_shares": 23878482,
            "book_valuer_per_share": 15.89,
            "book_valuer_per_share_4q_avg": 15.29,
            "equity": 37946659,
            "current_ratio": null,
            "debt_ratio": 95.24,
            "inventory_turnover_ratio": null,
            "account_receivable_turnover_ratio": 3.9,
            "reinvestment_rate": null,
            "research_to_sale_ratio": null,
            "price_fair": 77.42,
            "eps_avg_yearly": 2.21,
            "eps_latest_yearly": 3.36,
            "eps_growth_yearly": 427.07
        },
        "20124": {
            "year_quarter": 20124,
            "year": 2012,
            "quarter": 4,
            "eps": 0.32,
            "eps_growth_year": 250.45,
            "eps_4q": 2,
            "eps_4q_growth_year": 4.75,
            "roe": 1.58,
            "roe_4q": 13.06,
            "gross_profit": null,
            "gross_margin": null,
            "gross_margin_4q_avg": 0,
            "net_income": 775048,
            "net_income_4q": null,
            "revenue": 775048,
            "revenue_4q": null,
            "common_shares": 23878482,
            "book_valuer_per_share": 25.09,
            "book_valuer_per_share_4q_avg": 17.83,
            "equity": 59911412,
            "current_ratio": null,
            "debt_ratio": 92.89,
            "inventory_turnover_ratio": null,
            "account_receivable_turnover_ratio": 1.36,
            "reinvestment_rate": 13.54,
            "research_to_sale_ratio": null,
            "price_fair": 74.45,
            "eps_avg_yearly": 2.13,
            "eps_latest_yearly": 1.28,
            "eps_growth_yearly": 365.73
        },
        "20131": {
            "year_quarter": 20131,
            "year": 2013,
            "quarter": 1,
            "eps": 0.87,
            "eps_growth_year": 89.13,
            "eps_4q": 2.45,
            "eps_4q_growth_year": 79.75,
            "roe": 3.5,
            "roe_4q": 13.55,
            "gross_profit": null,
            "gross_margin": null,
            "gross_margin_4q_avg": 0,
            "net_income": 2076092,
            "net_income_4q": null,
            "revenue": 39574208,
            "revenue_4q": null,
            "common_shares": 23878482,
            "book_valuer_per_share": 24.61,
            "book_valuer_per_share_4q_avg": 20.08,
            "equity": 58771001,
            "current_ratio": null,
            "debt_ratio": 93.24,
            "inventory_turnover_ratio": null,
            "account_receivable_turnover_ratio": 81.94,
            "reinvestment_rate": 12.43,
            "research_to_sale_ratio": null,
            "price_fair": 78.4,
            "eps_avg_yearly": 2.24,
            "eps_latest_yearly": 3.48,
            "eps_growth_yearly": 392.55
        },
        "20132": {
            "year_quarter": 20132,
            "year": 2013,
            "quarter": 2,
            "eps": 0.27,
            "eps_growth_year": -35.67,
            "eps_4q": 2.02,
            "eps_4q_growth_year": 34.11,
            "roe": 1.1,
            "roe_4q": 11.719999999999999,
            "gross_profit": null,
            "gross_margin": null,
            "gross_margin_4q_avg": 0,
            "net_income": 640154,
            "net_income_4q": null,
            "revenue": 32574859,
            "revenue_4q": null,
            "common_shares": 23878482,
            "book_valuer_per_share": 23.93,
            "book_valuer_per_share_4q_avg": 22.38,
            "equity": 57152830,
            "current_ratio": null,
            "debt_ratio": 93.52,
            "inventory_turnover_ratio": null,
            "account_receivable_turnover_ratio": 88.42,
            "reinvestment_rate": 11.95,
            "research_to_sale_ratio": null,
            "price_fair": 75.28,
            "eps_avg_yearly": 2.15,
            "eps_latest_yearly": 1.08,
            "eps_growth_yearly": 341.13
        },
        "20133": {
            "year_quarter": 20133,
            "year": 2013,
            "quarter": 3,
            "eps": 0.54,
            "eps_growth_year": -35.41,
            "eps_4q": 1.83,
            "eps_4q_growth_year": 3.56,
            "roe": 2.74,
            "roe_4q": 8.92,
            "gross_profit": null,
            "gross_margin": null,
            "gross_margin_4q_avg": 0,
            "net_income": 1481921,
            "net_income_4q": null,
            "revenue": 56758738,
            "revenue_4q": null,
            "common_shares": 23878482,
            "book_valuer_per_share": 21.32,
            "book_valuer_per_share_4q_avg": 23.74,
            "equity": 50897639,
            "current_ratio": null,
            "debt_ratio": 94.41,
            "inventory_turnover_ratio": null,
            "account_receivable_turnover_ratio": 156.36,
            "reinvestment_rate": 11.45,
            "research_to_sale_ratio": null,
            "price_fair": 75.3,
            "eps_avg_yearly": 2.15,
            "eps_latest_yearly": 2.16,
            "eps_growth_yearly": 345.33
        },
        "20134": {
            "year_quarter": 20134,
            "year": 2013,
            "quarter": 4,
            "eps": 0.19,
            "eps_growth_year": -40.4,
            "eps_4q": 1.74,
            "eps_4q_growth_year": -13.36,
            "roe": 1,
            "roe_4q": 8.34,
            "gross_profit": null,
            "gross_margin": null,
            "gross_margin_4q_avg": 0,
            "net_income": 526576,
            "net_income_4q": null,
            "revenue": 157463823,
            "revenue_4q": null,
            "common_shares": 27221478,
            "book_valuer_per_share": 19.87,
            "book_valuer_per_share_4q_avg": 22.43,
            "equity": 54095070,
            "current_ratio": null,
            "debt_ratio": 94.41,
            "inventory_turnover_ratio": null,
            "account_receivable_turnover_ratio": 375.34,
            "reinvestment_rate": 6.8,
            "research_to_sale_ratio": null,
            "price_fair": 72.05,
            "eps_avg_yearly": 2.06,
            "eps_latest_yearly": 0.76,
            "eps_growth_yearly": 305.03
        },
        "20141": {
            "year_quarter": 20141,
            "year": 2014,
            "quarter": 1,
            "eps": 0.57,
            "eps_growth_year": -34.48,
            "eps_4q": 1.52,
            "eps_4q_growth_year": -37.83,
            "roe": 2.81,
            "roe_4q": 7.65,
            "gross_profit": null,
            "gross_margin": null,
            "gross_margin_4q_avg": 0,
            "net_income": 1555762,
            "net_income_4q": null,
            "revenue": 51548626,
            "revenue_4q": null,
            "common_shares": 27221478,
            "book_valuer_per_share": 20.54,
            "book_valuer_per_share_4q_avg": 21.42,
            "equity": 56712624,
            "current_ratio": null,
            "debt_ratio": 94.36,
            "inventory_turnover_ratio": null,
            "account_receivable_turnover_ratio": 129.71,
            "reinvestment_rate": 6.67,
            "research_to_sale_ratio": null,
            "price_fair": 72.54,
            "eps_avg_yearly": 2.07,
            "eps_latest_yearly": 2.28,
            "eps_growth_yearly": 335.96
        },
        "20142": {
            "year_quarter": 20142,
            "year": 2014,
            "quarter": 2,
            "eps": 0.33,
            "eps_growth_year": 22.22,
            "eps_4q": 1.48,
            "eps_4q_growth_year": -26.81,
            "roe": 1.61,
            "roe_4q": 8.16,
            "gross_profit": null,
            "gross_margin": null,
            "gross_margin_4q_avg": 0,
            "net_income": 916208,
            "net_income_4q": null,
            "revenue": 43292239,
            "revenue_4q": null,
            "common_shares": 27604515,
            "book_valuer_per_share": 20.6,
            "book_valuer_per_share_4q_avg": 20.58,
            "equity": 56861623,
            "current_ratio": null,
            "debt_ratio": 94.43,
            "inventory_turnover_ratio": null,
            "account_receivable_turnover_ratio": 141.52,
            "reinvestment_rate": 7.08,
            "research_to_sale_ratio": null,
            "price_fair": 72.8,
            "eps_avg_yearly": 2.08,
            "eps_latest_yearly": 1.32,
            "eps_growth_yearly": 331.69
        },
        "20143": {
            "year_quarter": 20143,
            "year": 2014,
            "quarter": 3,
            "eps": 0.91,
            "eps_growth_year": 68.52,
            "eps_4q": 1.9,
            "eps_4q_growth_year": 3.96,
            "roe": 5.11,
            "roe_4q": 10.530000000000001,
            "gross_profit": null,
            "gross_margin": null,
            "gross_margin_4q_avg": 0,
            "net_income": 2768623,
            "net_income_4q": null,
            "revenue": 47816837,
            "revenue_4q": null,
            "common_shares": 30364970,
            "book_valuer_per_share": 16.95,
            "book_valuer_per_share_4q_avg": 19.49,
            "equity": 51469377,
            "current_ratio": null,
            "debt_ratio": 95.06,
            "inventory_turnover_ratio": null,
            "account_receivable_turnover_ratio": 153.93,
            "reinvestment_rate": 8.04,
            "research_to_sale_ratio": null,
            "price_fair": 71.75,
            "eps_avg_yearly": 2.05,
            "eps_latest_yearly": 3.64,
            "eps_growth_yearly": 314.79
        },
        "20144": {
            "year_quarter": 20144,
            "year": 2014,
            "quarter": 4,
            "eps": 0.42,
            "eps_growth_year": 116.45,
            "eps_4q": 2.14,
            "eps_4q_growth_year": 23.56,
            "roe": 2.02,
            "roe_4q": 11.55,
            "gross_profit": null,
            "gross_margin": null,
            "gross_margin_4q_avg": 0,
            "net_income": 1271366,
            "net_income_4q": null,
            "revenue": 50973488,
            "revenue_4q": null,
            "common_shares": 30364970,
            "book_valuer_per_share": 24.48,
            "book_valuer_per_share_4q_avg": 20.64,
            "equity": 74324493,
            "current_ratio": null,
            "debt_ratio": 93.29,
            "inventory_turnover_ratio": null,
            "account_receivable_turnover_ratio": 132.09,
            "reinvestment_rate": 12.71,
            "research_to_sale_ratio": null,
            "price_fair": 72.98,
            "eps_avg_yearly": 2.09,
            "eps_latest_yearly": 1.68,
            "eps_growth_yearly": 319.54
        },
        "20151": {
            "year_quarter": 20151,
            "year": 2015,
            "quarter": 1,
            "eps": 1.09,
            "eps_growth_year": 91.23,
            "eps_4q": 2.72,
            "eps_4q_growth_year": 78.44,
            "roe": 4.22,
            "roe_4q": 12.96,
            "gross_profit": null,
            "gross_margin": null,
            "gross_margin_4q_avg": 0,
            "net_income": 3296178,
            "net_income_4q": null,
            "revenue": 42001474,
            "revenue_4q": null,
            "common_shares": 30364970,
            "book_valuer_per_share": 27.01,
            "book_valuer_per_share_4q_avg": 22.26,
            "equity": 82005083,
            "current_ratio": null,
            "debt_ratio": 92.7,
            "inventory_turnover_ratio": null,
            "account_receivable_turnover_ratio": 116.79,
            "reinvestment_rate": 12.36,
            "research_to_sale_ratio": null,
            "price_fair": 71.14,
            "eps_avg_yearly": 2.03,
            "eps_latest_yearly": 4.36,
            "eps_growth_yearly": 268.35
        },
        "20152": {
            "year_quarter": 20152,
            "year": 2015,
            "quarter": 2,
            "eps": 0.8,
            "eps_growth_year": 142.42,
            "eps_4q": 2.92,
            "eps_4q_growth_year": 97.87,
            "roe": 3.02,
            "roe_4q": 14.370000000000001,
            "gross_profit": null,
            "gross_margin": null,
            "gross_margin_4q_avg": 0,
            "net_income": 2415721,
            "net_income_4q": null,
            "revenue": 48853618,
            "revenue_4q": null,
            "common_shares": 30364970,
            "book_valuer_per_share": 25.75,
            "book_valuer_per_share_4q_avg": 23.55,
            "equity": 78203255,
            "current_ratio": null,
            "debt_ratio": 93.13,
            "inventory_turnover_ratio": null,
            "account_receivable_turnover_ratio": 185.94,
            "reinvestment_rate": 10.71,
            "research_to_sale_ratio": null,
            "price_fair": 76.48,
            "eps_avg_yearly": 2.19,
            "eps_latest_yearly": 3.2,
            "eps_growth_yearly": 283.04
        },
        "20153": {
            "year_quarter": 20153,
            "year": 2015,
            "quarter": 3,
            "eps": 1.35,
            "eps_growth_year": 48.35,
            "eps_4q": 3.44,
            "eps_4q_growth_year": 81.23,
            "roe": 6,
            "roe_4q": 15.259999999999998,
            "gross_profit": null,
            "gross_margin": null,
            "gross_margin_4q_avg": 0,
            "net_income": 4513730,
            "net_income_4q": null,
            "revenue": 55955864,
            "revenue_4q": null,
            "common_shares": 33401467,
            "book_valuer_per_share": 21.6,
            "book_valuer_per_share_4q_avg": 24.71,
            "equity": 72132832,
            "current_ratio": null,
            "debt_ratio": 93.83,
            "inventory_turnover_ratio": null,
            "account_receivable_turnover_ratio": 198.7,
            "reinvestment_rate": 8.84,
            "research_to_sale_ratio": null,
            "price_fair": 82.86,
            "eps_avg_yearly": 2.37,
            "eps_latest_yearly": 5.4,
            "eps_growth_yearly": 243.65
        },
        "20154": {
            "year_quarter": 20154,
            "year": 2015,
            "quarter": 4,
            "eps": -0.32,
            "eps_growth_year": -175.35,
            "eps_4q": 2.75,
            "eps_4q_growth_year": 28.04,
            "roe": -1.36,
            "roe_4q": 11.879999999999999,
            "gross_profit": null,
            "gross_margin": null,
            "gross_margin_4q_avg": 0,
            "net_income": -1053727,
            "net_income_4q": null,
            "revenue": 57114552,
            "revenue_4q": null,
            "common_shares": 33401467,
            "book_valuer_per_share": 24.72,
            "book_valuer_per_share_4q_avg": 24.77,
            "equity": 82583868,
            "current_ratio": null,
            "debt_ratio": 93.13,
            "inventory_turnover_ratio": null,
            "account_receivable_turnover_ratio": 164.39,
            "reinvestment_rate": 9.65,
            "research_to_sale_ratio": null,
            "price_fair": 87.55,
            "eps_avg_yearly": 2.5,
            "eps_latest_yearly": 5.4,
            "eps_growth_yearly": 282.69
        },
        "20161": {
            "year_quarter": 20161,
            "year": 2016,
            "quarter": 1,
            "eps": 0.81,
            "eps_growth_year": -25.69,
            "eps_4q": 2.57,
            "eps_4q_growth_year": -5.61,
            "roe": 3.08,
            "roe_4q": 10.74,
            "gross_profit": null,
            "gross_margin": null,
            "gross_margin_4q_avg": 0,
            "net_income": 2692231,
            "net_income_4q": null,
            "revenue": 49195150,
            "revenue_4q": null,
            "common_shares": 33401467,
            "book_valuer_per_share": 27.67,
            "book_valuer_per_share_4q_avg": 24.94,
            "equity": 92429201,
            "current_ratio": null,
            "debt_ratio": 92.48,
            "inventory_turnover_ratio": null,
            "account_receivable_turnover_ratio": 155.05,
            "reinvestment_rate": 10.18,
            "research_to_sale_ratio": null,
            "price_fair": 89.2,
            "eps_avg_yearly": 2.55,
            "eps_latest_yearly": 5.4,
            "eps_growth_yearly": 185.42
        },
        "20162": {
            "year_quarter": 20162,
            "year": 2016,
            "quarter": 2,
            "eps": 0.97,
            "eps_growth_year": 21.25,
            "eps_4q": 2.7,
            "eps_4q_growth_year": -7.55,
            "roe": 3.48,
            "roe_4q": 11.2,
            "gross_profit": null,
            "gross_margin": null,
            "gross_margin_4q_avg": 0,
            "net_income": 3223906,
            "net_income_4q": null,
            "revenue": 68017218,
            "revenue_4q": null,
            "common_shares": 33401467,
            "book_valuer_per_share": 27.74,
            "book_valuer_per_share_4q_avg": 25.43,
            "equity": 92647513,
            "current_ratio": null,
            "debt_ratio": 92.71,
            "inventory_turnover_ratio": null,
            "account_receivable_turnover_ratio": 304.93,
            "reinvestment_rate": 9.79,
            "research_to_sale_ratio": null,
            "price_fair": 94.7,
            "eps_avg_yearly": 2.71,
            "eps_latest_yearly": 3.88,
            "eps_growth_yearly": 193.55
        },
        "20163": {
            "year_quarter": 20163,
            "year": 2016,
            "quarter": 3,
            "eps": 0.91,
            "eps_growth_year": -32.59,
            "eps_4q": 2.31,
            "eps_4q_growth_year": -32.96,
            "roe": 3.34,
            "roe_4q": 8.540000000000001,
            "gross_profit": null,
            "gross_margin": null,
            "gross_margin_4q_avg": 0,
            "net_income": 3153288,
            "net_income_4q": null,
            "revenue": 63324653,
            "revenue_4q": null,
            "common_shares": 34737600,
            "book_valuer_per_share": 27.74,
            "book_valuer_per_share_4q_avg": 26.97,
            "equity": 96345337,
            "current_ratio": null,
            "debt_ratio": 92.57,
            "inventory_turnover_ratio": null,
            "account_receivable_turnover_ratio": 276.3,
            "reinvestment_rate": 9.94,
            "research_to_sale_ratio": null,
            "price_fair": 95.4,
            "eps_avg_yearly": 2.73,
            "eps_latest_yearly": 3.64,
            "eps_growth_yearly": 163.21
        },
        "20164": {
            "year_quarter": 20164,
            "year": 2016,
            "quarter": 4,
            "eps": 0.11,
            "eps_growth_year": null,
            "eps_4q": 2.73,
            "eps_4q_growth_year": -0.74,
            "roe": 0.45,
            "roe_4q": 10.35,
            "gross_profit": null,
            "gross_margin": null,
            "gross_margin_4q_avg": 0,
            "net_income": 398932,
            "net_income_4q": null,
            "revenue": 56685239,
            "revenue_4q": null,
            "common_shares": 34737600,
            "book_valuer_per_share": 23.34,
            "book_valuer_per_share_4q_avg": 26.62,
            "equity": 81072097,
            "current_ratio": null,
            "debt_ratio": 93.88,
            "inventory_turnover_ratio": null,
            "account_receivable_turnover_ratio": 192.43,
            "reinvestment_rate": 10.82,
            "research_to_sale_ratio": null,
            "price_fair": 93.3,
            "eps_avg_yearly": 2.67,
            "eps_latest_yearly": 0.44,
            "eps_growth_yearly": 155.78
        },
        "20171": {
            "year_quarter": 20171,
            "year": 2017,
            "quarter": 1,
            "eps": 0.01,
            "eps_growth_year": -98.77,
            "eps_4q": 1.96,
            "eps_4q_growth_year": -23.57,
            "roe": 0.04,
            "roe_4q": 7.3100000000000005,
            "gross_profit": null,
            "gross_margin": null,
            "gross_margin_4q_avg": 0,
            "net_income": 34716,
            "net_income_4q": null,
            "revenue": 57762046,
            "revenue_4q": null,
            "common_shares": 34737600,
            "book_valuer_per_share": 23.11,
            "book_valuer_per_share_4q_avg": 25.48,
            "equity": 80262204,
            "current_ratio": null,
            "debt_ratio": 94.02,
            "inventory_turnover_ratio": null,
            "account_receivable_turnover_ratio": 207.8,
            "reinvestment_rate": 12.36,
            "research_to_sale_ratio": null,
            "price_fair": 84.7,
            "eps_avg_yearly": 2.42,
            "eps_latest_yearly": 0.04,
            "eps_growth_yearly": 80.7
        },
        "20172": {
            "year_quarter": 20172,
            "year": 2017,
            "quarter": 2,
            "eps": 0.66,
            "eps_growth_year": -31.96,
            "eps_4q": 1.56,
            "eps_4q_growth_year": -42.31,
            "roe": 2.79,
            "roe_4q": 6.62,
            "gross_profit": null,
            "gross_margin": null,
            "gross_margin_4q_avg": 0,
            "net_income": 2308990,
            "net_income_4q": null,
            "revenue": 60855482,
            "revenue_4q": null,
            "common_shares": 34737600,
            "book_valuer_per_share": 24.58,
            "book_valuer_per_share_4q_avg": 24.69,
            "equity": 85394715,
            "current_ratio": null,
            "debt_ratio": 93.82,
            "inventory_turnover_ratio": null,
            "account_receivable_turnover_ratio": 300.67,
            "reinvestment_rate": 13.57,
            "research_to_sale_ratio": null,
            "price_fair": 88.6,
            "eps_avg_yearly": 2.53,
            "eps_latest_yearly": 2.64,
            "eps_growth_yearly": 1957.54
        },
        "20173": {
            "year_quarter": 20173,
            "year": 2017,
            "quarter": 3,
            "eps": 1.39,
            "eps_growth_year": 52.75,
            "eps_4q": 2.11,
            "eps_4q_growth_year": -8.4,
            "roe": 6.13,
            "roe_4q": 9.409999999999998,
            "gross_profit": null,
            "gross_margin": null,
            "gross_margin_4q_avg": 0,
            "net_income": 5260187,
            "net_income_4q": null,
            "revenue": 70687067,
            "revenue_4q": null,
            "common_shares": 37863984,
            "book_valuer_per_share": 22.78,
            "book_valuer_per_share_4q_avg": 23.45,
            "equity": 86248124,
            "current_ratio": null,
            "debt_ratio": 93.95,
            "inventory_turnover_ratio": null,
            "account_receivable_turnover_ratio": 378.94,
            "reinvestment_rate": 12.69,
            "research_to_sale_ratio": null,
            "price_fair": 97.1,
            "eps_avg_yearly": 2.77,
            "eps_latest_yearly": 5.56,
            "eps_growth_yearly": 1960.57
        },
        "20174": {
            "year_quarter": 20174,
            "year": 2017,
            "quarter": 4,
            "eps": 0.39,
            "eps_growth_year": 240.38,
            "eps_4q": 2.4,
            "eps_4q_growth_year": -11.98,
            "roe": 1.63,
            "roe_4q": 10.59,
            "gross_profit": null,
            "gross_margin": null,
            "gross_margin_4q_avg": 0,
            "net_income": 1480079,
            "net_income_4q": null,
            "revenue": 66023739,
            "revenue_4q": null,
            "common_shares": 37863984,
            "book_valuer_per_share": 25.18,
            "book_valuer_per_share_4q_avg": 23.91,
            "equity": 95337747,
            "current_ratio": null,
            "debt_ratio": 93.5,
            "inventory_turnover_ratio": null,
            "account_receivable_turnover_ratio": 273.38,
            "reinvestment_rate": 12,
            "research_to_sale_ratio": null,
            "price_fair": 99.1,
            "eps_avg_yearly": 2.83,
            "eps_latest_yearly": 1.56,
            "eps_growth_yearly": 1958.54
        },
        "20181": {
            "year_quarter": 20181,
            "year": 2018,
            "quarter": 1,
            "eps": 0.97,
            "eps_growth_year": 9600,
            "eps_4q": 3.36,
            "eps_4q_growth_year": 71.44,
            "roe": 3.94,
            "roe_4q": 14.489999999999998,
            "gross_profit": null,
            "gross_margin": null,
            "gross_margin_4q_avg": 0,
            "net_income": 3677933,
            "net_income_4q": null,
            "revenue": 73310630,
            "revenue_4q": null,
            "common_shares": 37863984,
            "book_valuer_per_share": 24.17,
            "book_valuer_per_share_4q_avg": 24.18,
            "equity": 91529760,
            "current_ratio": null,
            "debt_ratio": 93.94,
            "inventory_turnover_ratio": null,
            "account_receivable_turnover_ratio": 328.16,
            "reinvestment_rate": 11.81,
            "research_to_sale_ratio": null,
            "price_fair": 103.1,
            "eps_avg_yearly": 2.95,
            "eps_latest_yearly": 3.88,
            "eps_growth_yearly": 1943.89
        },
        "20182": {
            "year_quarter": 20182,
            "year": 2018,
            "quarter": 2,
            "eps": 0.68,
            "eps_growth_year": 3.03,
            "eps_4q": 3.24,
            "eps_4q_growth_year": 107.99,
            "roe": 2.99,
            "roe_4q": 14.689999999999998,
            "gross_profit": null,
            "gross_margin": null,
            "gross_margin_4q_avg": 0,
            "net_income": 2580694,
            "net_income_4q": null,
            "revenue": 82876859,
            "revenue_4q": null,
            "common_shares": 37863984,
            "book_valuer_per_share": 21.41,
            "book_valuer_per_share_4q_avg": 23.39,
            "equity": 81049523,
            "current_ratio": null,
            "debt_ratio": 95,
            "inventory_turnover_ratio": null,
            "account_receivable_turnover_ratio": 494.15,
            "reinvestment_rate": 11.52,
            "research_to_sale_ratio": null,
            "price_fair": 106.6,
            "eps_avg_yearly": 3.05,
            "eps_latest_yearly": 2.72,
            "eps_growth_yearly": 1947.37
        },
        "20183": {
            "year_quarter": 20183,
            "year": 2018,
            "quarter": 3,
            "eps": 1.06,
            "eps_growth_year": -23.74,
            "eps_4q": 2.98,
            "eps_4q_growth_year": 41.18,
            "roe": 4.93,
            "roe_4q": 13.489999999999998,
            "gross_profit": null,
            "gross_margin": null,
            "gross_margin_4q_avg": 0,
            "net_income": 4237188,
            "net_income_4q": null,
            "revenue": 91599655,
            "revenue_4q": null,
            "common_shares": 40135823,
            "book_valuer_per_share": 22.67,
            "book_valuer_per_share_4q_avg": 23.36,
            "equity": 90981829,
            "current_ratio": null,
            "debt_ratio": 94.57,
            "inventory_turnover_ratio": null,
            "account_receivable_turnover_ratio": 502.72,
            "reinvestment_rate": 11.5,
            "research_to_sale_ratio": null,
            "price_fair": 108.1,
            "eps_avg_yearly": 3.09,
            "eps_latest_yearly": 4.24,
            "eps_growth_yearly": 1913.12
        },
        "20184": {
            "year_quarter": 20184,
            "year": 2018,
            "quarter": 4,
            "eps": -0.08,
            "eps_growth_year": -120.26,
            "eps_4q": 2.54,
            "eps_4q_growth_year": 5.7,
            "roe": -0.39,
            "roe_4q": 11.47,
            "gross_profit": null,
            "gross_margin": null,
            "gross_margin_4q_avg": 0,
            "net_income": -317828,
            "net_income_4q": null,
            "revenue": 90707969,
            "revenue_4q": null,
            "common_shares": 40135823,
            "book_valuer_per_share": 18.21,
            "book_valuer_per_share_4q_avg": 21.62,
            "equity": 73094384,
            "current_ratio": null,
            "debt_ratio": 95.73,
            "inventory_turnover_ratio": null,
            "account_receivable_turnover_ratio": 410.38,
            "reinvestment_rate": 9.89,
            "research_to_sale_ratio": null,
            "price_fair": 111.89,
            "eps_avg_yearly": 3.2,
            "eps_latest_yearly": 4.24,
            "eps_growth_yearly": 2076.86
        },
        "20191": {
            "year_quarter": 20191,
            "year": 2019,
            "quarter": 1,
            "eps": 0.7,
            "eps_growth_year": -27.84,
            "eps_4q": 2.32,
            "eps_4q_growth_year": -31.02,
            "roe": 3.21,
            "roe_4q": 10.74,
            "gross_profit": null,
            "gross_margin": null,
            "gross_margin_4q_avg": 0,
            "net_income": 2805565,
            "net_income_4q": null,
            "revenue": 92368356,
            "revenue_4q": null,
            "common_shares": 40135823,
            "book_valuer_per_share": 25.31,
            "book_valuer_per_share_4q_avg": 21.9,
            "equity": 101587646,
            "current_ratio": null,
            "debt_ratio": 94.41,
            "inventory_turnover_ratio": null,
            "account_receivable_turnover_ratio": 421.36,
            "reinvestment_rate": 11.29,
            "research_to_sale_ratio": null,
            "price_fair": 108.5,
            "eps_avg_yearly": 3.1,
            "eps_latest_yearly": 4.24,
            "eps_growth_yearly": 2196.75
        },
        "20192": {
            "year_quarter": 20192,
            "year": 2019,
            "quarter": 2,
            "eps": 1.15,
            "eps_growth_year": 69.12,
            "eps_4q": 2.55,
            "eps_4q_growth_year": -21.36,
            "roe": 4.01,
            "roe_4q": 11.76,
            "gross_profit": null,
            "gross_margin": null,
            "gross_margin_4q_avg": 0,
            "net_income": 4644062,
            "net_income_4q": null,
            "revenue": 84621355,
            "revenue_4q": null,
            "common_shares": 44635823,
            "book_valuer_per_share": 29.11,
            "book_valuer_per_share_4q_avg": 23.83,
            "equity": 129934869,
            "current_ratio": null,
            "debt_ratio": 93.15,
            "inventory_turnover_ratio": null,
            "account_receivable_turnover_ratio": 548.47,
            "reinvestment_rate": 13.71,
            "research_to_sale_ratio": null,
            "price_fair": 112.58,
            "eps_avg_yearly": 3.22,
            "eps_latest_yearly": 4.6,
            "eps_growth_yearly": 2227.05
        },
        "20193": {
            "year_quarter": 20193,
            "year": 2019,
            "quarter": 3,
            "eps": 1.23,
            "eps_growth_year": 16.04,
            "eps_4q": 2.83,
            "eps_4q_growth_year": -5.15,
            "roe": 4.12,
            "roe_4q": 10.95,
            "gross_profit": null,
            "gross_margin": null,
            "gross_margin_4q_avg": 0,
            "net_income": 5500560,
            "net_income_4q": null,
            "revenue": 83719050,
            "revenue_4q": null,
            "common_shares": 44635823,
            "book_valuer_per_share": 30.65,
            "book_valuer_per_share_4q_avg": 25.82,
            "equity": 136821055,
            "current_ratio": null,
            "debt_ratio": 93.03,
            "inventory_turnover_ratio": null,
            "account_receivable_turnover_ratio": 606.33,
            "reinvestment_rate": 14.92,
            "research_to_sale_ratio": null,
            "price_fair": 111.18,
            "eps_avg_yearly": 3.18,
            "eps_latest_yearly": 4.92,
            "eps_growth_yearly": 2206.45
        },
        "20194": {
            "year_quarter": 20194,
            "year": 2019,
            "quarter": 4,
            "eps": 0.15,
            "eps_growth_year": null,
            "eps_4q": 3.05,
            "eps_4q_growth_year": 20.13,
            "roe": 0.46,
            "roe_4q": 11.8,
            "gross_profit": null,
            "gross_margin": null,
            "gross_margin_4q_avg": 0,
            "net_income": 647691,
            "net_income_4q": null,
            "revenue": 78406689,
            "revenue_4q": null,
            "common_shares": 44635823,
            "book_valuer_per_share": 31.96,
            "book_valuer_per_share_4q_avg": 29.26,
            "equity": 142669561,
            "current_ratio": null,
            "debt_ratio": 92.87,
            "inventory_turnover_ratio": null,
            "account_receivable_turnover_ratio": 432.68,
            "reinvestment_rate": 16.83,
            "research_to_sale_ratio": null,
            "price_fair": 104.25,
            "eps_avg_yearly": 2.98,
            "eps_latest_yearly": 0.6,
            "eps_growth_yearly": 2009.71
        },
        "20201": {
            "year_quarter": 20201,
            "year": 2020,
            "quarter": 1,
            "eps": 1,
            "eps_growth_year": 42.86,
            "eps_4q": 3.42,
            "eps_4q_growth_year": 47.37,
            "roe": 3.71,
            "roe_4q": 12.299999999999999,
            "gross_profit": null,
            "gross_margin": null,
            "gross_margin_4q_avg": 0,
            "net_income": 4458858,
            "net_income_4q": null,
            "revenue": 70861463,
            "revenue_4q": null,
            "common_shares": 44635823,
            "book_valuer_per_share": 21.94,
            "book_valuer_per_share_4q_avg": 28.42,
            "equity": 97919371,
            "current_ratio": null,
            "debt_ratio": 95.07,
            "inventory_turnover_ratio": null,
            "account_receivable_turnover_ratio": 441.98,
            "reinvestment_rate": 18.41,
            "research_to_sale_ratio": null,
            "price_fair": 106.8,
            "eps_avg_yearly": 3.05,
            "eps_latest_yearly": 4,
            "eps_growth_yearly": 2028.06
        },
        "20202": {
            "year_quarter": 20202,
            "year": 2020,
            "quarter": 2,
            "eps": 0.79,
            "eps_growth_year": -31.3,
            "eps_4q": 2.99,
            "eps_4q_growth_year": 17.43,
            "roe": 2.98,
            "roe_4q": 11.27,
            "gross_profit": null,
            "gross_margin": null,
            "gross_margin_4q_avg": 0,
            "net_income": 3544541,
            "net_income_4q": null,
            "revenue": 78197043,
            "revenue_4q": null,
            "common_shares": 44635823,
            "book_valuer_per_share": 31.4,
            "book_valuer_per_share_4q_avg": 28.99,
            "equity": 140168770,
            "current_ratio": null,
            "debt_ratio": 93.22,
            "inventory_turnover_ratio": null,
            "account_receivable_turnover_ratio": 879.42,
            "reinvestment_rate": 19.01,
            "research_to_sale_ratio": null,
            "price_fair": 105,
            "eps_avg_yearly": 3,
            "eps_latest_yearly": 3.16,
            "eps_growth_yearly": 2016.42
        },
        "20203": {
            "year_quarter": 20203,
            "year": 2020,
            "quarter": 3,
            "eps": 1.53,
            "eps_growth_year": 24.39,
            "eps_4q": 3.27,
            "eps_4q_growth_year": 15.67,
            "roe": 4.68,
            "roe_4q": 11.830000000000002,
            "gross_profit": null,
            "gross_margin": null,
            "gross_margin_4q_avg": 0,
            "net_income": 6837137,
            "net_income_4q": null,
            "revenue": 87611052,
            "revenue_4q": null,
            "common_shares": 44635823,
            "book_valuer_per_share": 34,
            "book_valuer_per_share_4q_avg": 29.83,
            "equity": 151778113,
            "current_ratio": null,
            "debt_ratio": 92.88,
            "inventory_turnover_ratio": null,
            "account_receivable_turnover_ratio": 952.31,
            "reinvestment_rate": 10.04,
            "research_to_sale_ratio": null,
            "price_fair": 111.2,
            "eps_avg_yearly": 3.18,
            "eps_latest_yearly": 6.12,
            "eps_growth_yearly": 2044.95
        },
        "20204": {
            "year_quarter": 20204,
            "year": 2020,
            "quarter": 4,
            "eps": 0.15,
            "eps_growth_year": 3.02,
            "eps_4q": 3.29,
            "eps_4q_growth_year": 7.87,
            "roe": 0.43,
            "roe_4q": 11.8,
            "gross_profit": null,
            "gross_margin": null,
            "gross_margin_4q_avg": 0,
            "net_income": 707300,
            "net_income_4q": null,
            "revenue": 86578874,
            "revenue_4q": null,
            "common_shares": 47313972,
            "book_valuer_per_share": 37.97,
            "book_valuer_per_share_4q_avg": 31.33,
            "equity": 179657205,
            "current_ratio": null,
            "debt_ratio": 91.91,
            "inventory_turnover_ratio": null,
            "account_receivable_turnover_ratio": 789.19,
            "reinvestment_rate": 9.08,
            "research_to_sale_ratio": null,
            "price_fair": 111.6,
            "eps_avg_yearly": 3.19,
            "eps_latest_yearly": 0.6,
            "eps_growth_yearly": 2044.3
        },
        "20211": {
            "year_quarter": 20211,
            "year": 2021,
            "quarter": 1,
            "eps": 2.08,
            "eps_growth_year": 108,
            "eps_4q": 4.42,
            "eps_4q_growth_year": 29.47,
            "roe": 5.81,
            "roe_4q": 13.899999999999999,
            "gross_profit": null,
            "gross_margin": null,
            "gross_margin_4q_avg": 0,
            "net_income": 9841767,
            "net_income_4q": null,
            "revenue": 78724357,
            "revenue_4q": null,
            "common_shares": 47313972,
            "book_valuer_per_share": 33.65,
            "book_valuer_per_share_4q_avg": 34.26,
            "equity": 159205522,
            "current_ratio": null,
            "debt_ratio": 92.85,
            "inventory_turnover_ratio": null,
            "account_receivable_turnover_ratio": 816.05,
            "reinvestment_rate": 7.27,
            "research_to_sale_ratio": null,
            "price_fair": 132.3,
            "eps_avg_yearly": 3.78,
            "eps_latest_yearly": 8.32,
            "eps_growth_yearly": 2437.89
        },
        "20212": {
            "year_quarter": 20212,
            "year": 2021,
            "quarter": 2,
            "eps": 1.41,
            "eps_growth_year": 78.48,
            "eps_4q": 4.89,
            "eps_4q_growth_year": 63.61,
            "roe": 4.06,
            "roe_4q": 14.979999999999999,
            "gross_profit": null,
            "gross_margin": null,
            "gross_margin_4q_avg": 0,
            "net_income": 6693156,
            "net_income_4q": null,
            "revenue": 74989502,
            "revenue_4q": null,
            "common_shares": 47313972,
            "book_valuer_per_share": 36.06,
            "book_valuer_per_share_4q_avg": 35.42,
            "equity": 170617254,
            "current_ratio": null,
            "debt_ratio": 92.42,
            "inventory_turnover_ratio": null,
            "account_receivable_turnover_ratio": 1094.09,
            "reinvestment_rate": 6.1,
            "research_to_sale_ratio": null,
            "price_fair": 139.8,
            "eps_avg_yearly": 3.99,
            "eps_latest_yearly": 5.64,
            "eps_growth_yearly": 571.54
        },
        "20213": {
            "year_quarter": 20213,
            "year": 2021,
            "quarter": 3,
            "eps": 1.91,
            "eps_growth_year": 24.84,
            "eps_4q": 5.41,
            "eps_4q_growth_year": 65.41,
            "roe": 5.59,
            "roe_4q": 15.889999999999997,
            "gross_profit": null,
            "gross_margin": null,
            "gross_margin_4q_avg": 0,
            "net_income": 9401738,
            "net_income_4q": null,
            "revenue": 73647653,
            "revenue_4q": null,
            "common_shares": 47313972,
            "book_valuer_per_share": 35.05,
            "book_valuer_per_share_4q_avg": 35.68,
            "equity": 165817871,
            "current_ratio": null,
            "debt_ratio": 92.67,
            "inventory_turnover_ratio": null,
            "account_receivable_turnover_ratio": 1008.31,
            "reinvestment_rate": 6.43,
            "research_to_sale_ratio": null,
            "price_fair": 145,
            "eps_avg_yearly": 4.14,
            "eps_latest_yearly": 7.64,
            "eps_growth_yearly": 550.07
        }
    },
    "months": {
        "2001-06": {
            "month": "2001-06",
            "price": "8.06",
            "revenue": 2253980
        },
        "2001-07": {
            "month": "2001-07",
            "price": "5.54",
            "revenue": 1553919
        },
        "2001-08": {
            "month": "2001-08",
            "price": "5.59",
            "revenue": 1519477
        },
        "2001-09": {
            "month": "2001-09",
            "price": "6.52",
            "revenue": 781697
        },
        "2001-10": {
            "month": "2001-10",
            "price": "5.51",
            "revenue": 1640104
        },
        "2001-11": {
            "month": "2001-11",
            "price": "5.91",
            "revenue": 2088906
        },
        "2001-12": {
            "month": "2001-12",
            "price": "9.54",
            "revenue": 4967692
        },
        "2002-01": {
            "month": "2002-01",
            "price": "11.21",
            "revenue": 2201829
        },
        "2002-02": {
            "month": "2002-02",
            "price": "10.48",
            "revenue": 1385199
        },
        "2002-03": {
            "month": "2002-03",
            "price": "10.31",
            "revenue": 2644278
        },
        "2002-04": {
            "month": "2002-04",
            "price": "12.13",
            "revenue": 2280534
        },
        "2002-05": {
            "month": "2002-05",
            "price": "10.20",
            "revenue": 2225612
        },
        "2002-06": {
            "month": "2002-06",
            "price": "10.11",
            "revenue": 2862544
        },
        "2002-07": {
            "month": "2002-07",
            "price": "8.75",
            "revenue": 3632418
        },
        "2002-08": {
            "month": "2002-08",
            "price": "7.56",
            "revenue": 4364961
        },
        "2002-09": {
            "month": "2002-09",
            "price": "6.70",
            "revenue": 3131413
        },
        "2002-10": {
            "month": "2002-10",
            "price": "6.33",
            "revenue": 3319619
        },
        "2002-11": {
            "month": "2002-11",
            "price": "7.12",
            "revenue": 3055707
        },
        "2002-12": {
            "month": "2002-12",
            "price": "7.38",
            "revenue": 9530901
        },
        "2003-01": {
            "month": "2003-01",
            "price": "9.32",
            "revenue": 4186851
        },
        "2003-02": {
            "month": "2003-02",
            "price": "9.64",
            "revenue": 2382745
        },
        "2003-03": {
            "month": "2003-03",
            "price": "8.82",
            "revenue": 2711979
        },
        "2003-04": {
            "month": "2003-04",
            "price": "9.00",
            "revenue": 3102838
        },
        "2003-05": {
            "month": "2003-05",
            "price": "8.22",
            "revenue": 3412440
        },
        "2003-06": {
            "month": "2003-06",
            "price": "8.85",
            "revenue": 4253996
        },
        "2003-07": {
            "month": "2003-07",
            "price": "9.48",
            "revenue": 2991120
        },
        "2003-08": {
            "month": "2003-08",
            "price": "9.63",
            "revenue": 4904408
        },
        "2003-09": {
            "month": "2003-09",
            "price": "10.84",
            "revenue": 3446465
        },
        "2003-10": {
            "month": "2003-10",
            "price": "12.42",
            "revenue": 3108169
        },
        "2003-11": {
            "month": "2003-11",
            "price": "13.80",
            "revenue": 3925968
        },
        "2003-12": {
            "month": "2003-12",
            "price": "14.17",
            "revenue": 4784040
        },
        "2004-01": {
            "month": "2004-01",
            "price": "17.29",
            "revenue": 5721663
        },
        "2004-02": {
            "month": "2004-02",
            "price": "21.28",
            "revenue": 4053213
        },
        "2004-03": {
            "month": "2004-03",
            "price": "22.25",
            "revenue": 5825159
        },
        "2004-04": {
            "month": "2004-04",
            "price": "22.31",
            "revenue": 5331890
        },
        "2004-05": {
            "month": "2004-05",
            "price": "18.02",
            "revenue": 5259833
        },
        "2004-06": {
            "month": "2004-06",
            "price": "18.68",
            "revenue": 5887634
        },
        "2004-07": {
            "month": "2004-07",
            "price": "18.41",
            "revenue": 6224183
        },
        "2004-08": {
            "month": "2004-08",
            "price": "17.12",
            "revenue": 5263315
        },
        "2004-09": {
            "month": "2004-09",
            "price": "19.67",
            "revenue": 4538955
        },
        "2004-10": {
            "month": "2004-10",
            "price": "20.88",
            "revenue": 4484110
        },
        "2004-11": {
            "month": "2004-11",
            "price": "20.57",
            "revenue": 4770537
        },
        "2004-12": {
            "month": "2004-12",
            "price": "20.07",
            "revenue": 7754980
        },
        "2005-01": {
            "month": "2005-01",
            "price": "20.29",
            "revenue": 6551394
        },
        "2005-02": {
            "month": "2005-02",
            "price": "20.01",
            "revenue": 5285993
        },
        "2005-03": {
            "month": "2005-03",
            "price": "18.93",
            "revenue": 6876931
        },
        "2005-04": {
            "month": "2005-04",
            "price": "15.39",
            "revenue": 5465265
        },
        "2005-05": {
            "month": "2005-05",
            "price": "12.97",
            "revenue": 5948675
        },
        "2005-06": {
            "month": "2005-06",
            "price": "14.40",
            "revenue": 6520033
        },
        "2005-07": {
            "month": "2005-07",
            "price": "15.09",
            "revenue": 5286007
        },
        "2005-08": {
            "month": "2005-08",
            "price": "14.24",
            "revenue": 5255542
        },
        "2005-09": {
            "month": "2005-09",
            "price": "12.50",
            "revenue": 6251016
        },
        "2005-10": {
            "month": "2005-10",
            "price": "10.32",
            "revenue": 6015345
        },
        "2005-11": {
            "month": "2005-11",
            "price": "9.91",
            "revenue": 7133171
        },
        "2005-12": {
            "month": "2005-12",
            "price": "12.03",
            "revenue": 8510003
        },
        "2006-01": {
            "month": "2006-01",
            "price": "11.78",
            "revenue": 6830993
        },
        "2006-02": {
            "month": "2006-02",
            "price": "11.79",
            "revenue": 5108644
        },
        "2006-03": {
            "month": "2006-03",
            "price": "10.25",
            "revenue": 6221149
        },
        "2006-04": {
            "month": "2006-04",
            "price": "11.41",
            "revenue": 5942346
        },
        "2006-05": {
            "month": "2006-05",
            "price": "14.66",
            "revenue": 7404814
        },
        "2006-06": {
            "month": "2006-06",
            "price": "12.75",
            "revenue": 8346308
        },
        "2006-07": {
            "month": "2006-07",
            "price": "13.90",
            "revenue": 6707098
        },
        "2006-08": {
            "month": "2006-08",
            "price": "15.53",
            "revenue": 7205471
        },
        "2006-09": {
            "month": "2006-09",
            "price": "15.41",
            "revenue": 6715962
        },
        "2006-10": {
            "month": "2006-10",
            "price": "16.71",
            "revenue": 6707295
        },
        "2006-11": {
            "month": "2006-11",
            "price": "16.95",
            "revenue": 7430534
        },
        "2006-12": {
            "month": "2006-12",
            "price": "17.68",
            "revenue": 9529414
        },
        "2007-01": {
            "month": "2007-01",
            "price": "17.30",
            "revenue": 9661913
        },
        "2007-02": {
            "month": "2007-02",
            "price": "17.54",
            "revenue": 6154448
        },
        "2007-03": {
            "month": "2007-03",
            "price": "15.16",
            "revenue": 9757954
        },
        "2007-04": {
            "month": "2007-04",
            "price": "14.71",
            "revenue": 7296920
        },
        "2007-05": {
            "month": "2007-05",
            "price": "15.36",
            "revenue": 7304193
        },
        "2007-06": {
            "month": "2007-06",
            "price": "16.03",
            "revenue": 8213601
        },
        "2007-07": {
            "month": "2007-07",
            "price": "19.29",
            "revenue": 7422185
        },
        "2007-08": {
            "month": "2007-08",
            "price": "18.61",
            "revenue": 6655866
        },
        "2007-09": {
            "month": "2007-09",
            "price": "18.45",
            "revenue": 6063726
        },
        "2007-10": {
            "month": "2007-10",
            "price": "20.88",
            "revenue": 7421276
        },
        "2007-11": {
            "month": "2007-11",
            "price": "19.84",
            "revenue": 8954938
        },
        "2007-12": {
            "month": "2007-12",
            "price": "18.05",
            "revenue": 10670576
        },
        "2008-01": {
            "month": "2008-01",
            "price": "19.40",
            "revenue": 11660881
        },
        "2008-02": {
            "month": "2008-02",
            "price": "21.46",
            "revenue": 7099056
        },
        "2008-03": {
            "month": "2008-03",
            "price": "22.61",
            "revenue": 9498283
        },
        "2008-04": {
            "month": "2008-04",
            "price": "25.17",
            "revenue": 9530877
        },
        "2008-05": {
            "month": "2008-05",
            "price": "25.24",
            "revenue": 9820071
        },
        "2008-06": {
            "month": "2008-06",
            "price": "23.57",
            "revenue": 11478322
        },
        "2008-07": {
            "month": "2008-07",
            "price": "22.56",
            "revenue": 15979541
        },
        "2008-08": {
            "month": "2008-08",
            "price": "19.03",
            "revenue": 13966975
        },
        "2008-09": {
            "month": "2008-09",
            "price": "13.50",
            "revenue": 14269761
        },
        "2008-10": {
            "month": "2008-10",
            "price": "12.31",
            "revenue": 13588688
        },
        "2008-11": {
            "month": "2008-11",
            "price": "11.18",
            "revenue": 8992335
        },
        "2008-12": {
            "month": "2008-12",
            "price": "11.28",
            "revenue": 14105829
        },
        "2009-01": {
            "month": "2009-01",
            "price": "11.75",
            "revenue": 16139981
        },
        "2009-02": {
            "month": "2009-02",
            "price": "11.80",
            "revenue": 16083621
        },
        "2009-03": {
            "month": "2009-03",
            "price": "10.63",
            "revenue": 11255302
        },
        "2009-04": {
            "month": "2009-04",
            "price": "12.98",
            "revenue": 10646887
        },
        "2009-05": {
            "month": "2009-05",
            "price": "17.05",
            "revenue": 8606306
        },
        "2009-06": {
            "month": "2009-06",
            "price": "15.59",
            "revenue": 12275554
        },
        "2009-07": {
            "month": "2009-07",
            "price": "17.14",
            "revenue": 21040914
        },
        "2009-08": {
            "month": "2009-08",
            "price": "19.58",
            "revenue": 15830414
        },
        "2009-09": {
            "month": "2009-09",
            "price": "22.31",
            "revenue": 19577886
        },
        "2009-10": {
            "month": "2009-10",
            "price": "25.10",
            "revenue": 15093623
        },
        "2009-11": {
            "month": "2009-11",
            "price": "23.51",
            "revenue": 17618219
        },
        "2009-12": {
            "month": "2009-12",
            "price": "23.50",
            "revenue": 30863815
        },
        "2010-01": {
            "month": "2010-01",
            "price": "23.96",
            "revenue": 17993312
        },
        "2010-02": {
            "month": "2010-02",
            "price": "20.75",
            "revenue": 10243455
        },
        "2010-03": {
            "month": "2010-03",
            "price": "22.93",
            "revenue": 13622215
        },
        "2010-04": {
            "month": "2010-04",
            "price": "25.11",
            "revenue": 15163430
        },
        "2010-05": {
            "month": "2010-05",
            "price": "25.43",
            "revenue": 16891377
        },
        "2010-06": {
            "month": "2010-06",
            "price": "25.53",
            "revenue": 14280575
        },
        "2010-07": {
            "month": "2010-07",
            "price": "28.39",
            "revenue": 12477051
        },
        "2010-08": {
            "month": "2010-08",
            "price": "28.88",
            "revenue": 16923226
        },
        "2010-09": {
            "month": "2010-09",
            "price": "26.03",
            "revenue": 16819905
        },
        "2010-10": {
            "month": "2010-10",
            "price": "25.63",
            "revenue": 22221252
        },
        "2010-11": {
            "month": "2010-11",
            "price": "24.62",
            "revenue": 14571115
        },
        "2010-12": {
            "month": "2010-12",
            "price": "26.19",
            "revenue": 27130711
        },
        "2011-01": {
            "month": "2011-01",
            "price": "30.70",
            "revenue": 9976831
        },
        "2011-02": {
            "month": "2011-02",
            "price": "28.59",
            "revenue": 11632579
        },
        "2011-03": {
            "month": "2011-03",
            "price": "29.05",
            "revenue": 17106878
        },
        "2011-04": {
            "month": "2011-04",
            "price": "31.78",
            "revenue": 12705708
        },
        "2011-05": {
            "month": "2011-05",
            "price": "33.02",
            "revenue": 11484488
        },
        "2011-06": {
            "month": "2011-06",
            "price": "34.59",
            "revenue": 14399088
        },
        "2011-07": {
            "month": "2011-07",
            "price": "41.20",
            "revenue": 16234271
        },
        "2011-08": {
            "month": "2011-08",
            "price": "39.65",
            "revenue": 12845674
        },
        "2011-09": {
            "month": "2011-09",
            "price": "32.12",
            "revenue": 10459898
        },
        "2011-10": {
            "month": "2011-10",
            "price": "31.30",
            "revenue": 16233858
        },
        "2011-11": {
            "month": "2011-11",
            "price": "29.77",
            "revenue": 11145562
        },
        "2011-12": {
            "month": "2011-12",
            "price": "24.44",
            "revenue": 14542788
        },
        "2012-01": {
            "month": "2012-01",
            "price": "24.33",
            "revenue": 15365857
        },
        "2012-02": {
            "month": "2012-02",
            "price": "30.12",
            "revenue": 12831822
        },
        "2012-03": {
            "month": "2012-03",
            "price": "29.43",
            "revenue": 11483060
        },
        "2012-04": {
            "month": "2012-04",
            "price": "26.47",
            "revenue": 10058232
        },
        "2012-05": {
            "month": "2012-05",
            "price": "26.18",
            "revenue": 9179180
        },
        "2012-06": {
            "month": "2012-06",
            "price": "26.95",
            "revenue": 13812951
        },
        "2012-07": {
            "month": "2012-07",
            "price": "28.33",
            "revenue": 15807380
        },
        "2012-08": {
            "month": "2012-08",
            "price": "28.64",
            "revenue": 11582025
        },
        "2012-09": {
            "month": "2012-09",
            "price": "27.26",
            "revenue": 11867432
        },
        "2012-10": {
            "month": "2012-10",
            "price": "25.65",
            "revenue": 13074053
        },
        "2012-11": {
            "month": "2012-11",
            "price": "23.86",
            "revenue": 12492260
        },
        "2012-12": {
            "month": "2012-12",
            "price": "25.66",
            "revenue": 14742720
        },
        "2013-01": {
            "month": "2013-01",
            "price": "27.59",
            "revenue": 18559333
        },
        "2013-02": {
            "month": "2013-02",
            "price": "29.19",
            "revenue": 8393195
        },
        "2013-03": {
            "month": "2013-03",
            "price": "29.83",
            "revenue": 12621679
        },
        "2013-04": {
            "month": "2013-04",
            "price": "28.96",
            "revenue": 11092659
        },
        "2013-05": {
            "month": "2013-05",
            "price": "30.68",
            "revenue": 12157479
        },
        "2013-06": {
            "month": "2013-06",
            "price": "30.06",
            "revenue": 9324871
        },
        "2013-07": {
            "month": "2013-07",
            "price": "29.98",
            "revenue": 18501211
        },
        "2013-08": {
            "month": "2013-08",
            "price": "29.70",
            "revenue": 15925905
        },
        "2013-09": {
            "month": "2013-09",
            "price": "29.40",
            "revenue": 22331473
        },
        "2013-10": {
            "month": "2013-10",
            "price": "28.44",
            "revenue": 25478471
        },
        "2013-11": {
            "month": "2013-11",
            "price": "28.00",
            "revenue": 20968120
        },
        "2013-12": {
            "month": "2013-12",
            "price": "29.11",
            "revenue": 31017233
        },
        "2014-01": {
            "month": "2014-01",
            "price": "30.53",
            "revenue": 21354775
        },
        "2014-02": {
            "month": "2014-02",
            "price": "28.73",
            "revenue": 13568252
        },
        "2014-03": {
            "month": "2014-03",
            "price": "27.97",
            "revenue": 16625576
        },
        "2014-04": {
            "month": "2014-04",
            "price": "27.61",
            "revenue": 14027541
        },
        "2014-05": {
            "month": "2014-05",
            "price": "27.26",
            "revenue": 12511962
        },
        "2014-06": {
            "month": "2014-06",
            "price": "27.76",
            "revenue": 16752760
        },
        "2014-07": {
            "month": "2014-07",
            "price": "28.98",
            "revenue": 16012276
        },
        "2014-08": {
            "month": "2014-08",
            "price": "28.45",
            "revenue": 13340955
        },
        "2014-09": {
            "month": "2014-09",
            "price": "26.76",
            "revenue": 18463605
        },
        "2014-10": {
            "month": "2014-10",
            "price": "25.64",
            "revenue": 14489607
        },
        "2014-11": {
            "month": "2014-11",
            "price": "26.07",
            "revenue": 13330626
        },
        "2014-12": {
            "month": "2014-12",
            "price": "25.88",
            "revenue": 23162642
        },
        "2015-01": {
            "month": "2015-01",
            "price": "26.12",
            "revenue": 13120751
        },
        "2015-02": {
            "month": "2015-02",
            "price": "26.85",
            "revenue": 12498046
        },
        "2015-03": {
            "month": "2015-03",
            "price": "26.97",
            "revenue": 16382677
        },
        "2015-04": {
            "month": "2015-04",
            "price": "30.24",
            "revenue": 14137994
        },
        "2015-05": {
            "month": "2015-05",
            "price": "31.89",
            "revenue": 15301786
        },
        "2015-06": {
            "month": "2015-06",
            "price": "31.64",
            "revenue": 19413838
        },
        "2015-07": {
            "month": "2015-07",
            "price": "31.45",
            "revenue": 20203918
        },
        "2015-08": {
            "month": "2015-08",
            "price": "26.00",
            "revenue": 17890699
        },
        "2015-09": {
            "month": "2015-09",
            "price": "25.06",
            "revenue": 17861247
        },
        "2015-10": {
            "month": "2015-10",
            "price": "26.48",
            "revenue": 15750883
        },
        "2015-11": {
            "month": "2015-11",
            "price": "26.97",
            "revenue": 18319325
        },
        "2015-12": {
            "month": "2015-12",
            "price": "26.28",
            "revenue": 23044344
        },
        "2016-01": {
            "month": "2016-01",
            "price": "23.53",
            "revenue": 13651479
        },
        "2016-02": {
            "month": "2016-02",
            "price": "22.95",
            "revenue": 14074320
        },
        "2016-03": {
            "month": "2016-03",
            "price": "24.90",
            "revenue": 21469690
        },
        "2016-04": {
            "month": "2016-04",
            "price": "24.26",
            "revenue": 18355476
        },
        "2016-05": {
            "month": "2016-05",
            "price": "23.67",
            "revenue": 22774021
        },
        "2016-06": {
            "month": "2016-06",
            "price": "25.16",
            "revenue": 26887383
        },
        "2016-07": {
            "month": "2016-07",
            "price": "25.91",
            "revenue": 22500196
        },
        "2016-08": {
            "month": "2016-08",
            "price": "27.22",
            "revenue": 23655901
        },
        "2016-09": {
            "month": "2016-09",
            "price": "28.77",
            "revenue": 17168555
        },
        "2016-10": {
            "month": "2016-10",
            "price": "28.78",
            "revenue": 14144329
        },
        "2016-11": {
            "month": "2016-11",
            "price": "30.77",
            "revenue": 23058063
        },
        "2016-12": {
            "month": "2016-12",
            "price": "32.67",
            "revenue": 19489305
        },
        "2017-01": {
            "month": "2017-01",
            "price": "30.92",
            "revenue": 22125110
        },
        "2017-02": {
            "month": "2017-02",
            "price": "30.29",
            "revenue": 15535001
        },
        "2017-03": {
            "month": "2017-03",
            "price": "30.65",
            "revenue": 20101942
        },
        "2017-04": {
            "month": "2017-04",
            "price": "28.91",
            "revenue": 14875336
        },
        "2017-05": {
            "month": "2017-05",
            "price": "29.69",
            "revenue": 20417393
        },
        "2017-06": {
            "month": "2017-06",
            "price": "29.61",
            "revenue": 25562746
        },
        "2017-07": {
            "month": "2017-07",
            "price": "31.84",
            "revenue": 25607043
        },
        "2017-08": {
            "month": "2017-08",
            "price": "32.52",
            "revenue": 25915264
        },
        "2017-09": {
            "month": "2017-09",
            "price": "30.88",
            "revenue": 19164760
        },
        "2017-10": {
            "month": "2017-10",
            "price": "28.64",
            "revenue": 19545627
        },
        "2017-11": {
            "month": "2017-11",
            "price": "29.08",
            "revenue": 24621527
        },
        "2017-12": {
            "month": "2017-12",
            "price": "29.79",
            "revenue": 21856585
        },
        "2018-01": {
            "month": "2018-01",
            "price": "30.55",
            "revenue": 30317841
        },
        "2018-02": {
            "month": "2018-02",
            "price": "29.50",
            "revenue": 15987605
        },
        "2018-03": {
            "month": "2018-03",
            "price": "30.11",
            "revenue": 27005185
        },
        "2018-04": {
            "month": "2018-04",
            "price": "31.26",
            "revenue": 24542295
        },
        "2018-05": {
            "month": "2018-05",
            "price": "32.00",
            "revenue": 29569606
        },
        "2018-06": {
            "month": "2018-06",
            "price": "32.23",
            "revenue": 28764957
        },
        "2018-07": {
            "month": "2018-07",
            "price": "31.89",
            "revenue": 38367485
        },
        "2018-08": {
            "month": "2018-08",
            "price": "30.30",
            "revenue": 31246721
        },
        "2018-09": {
            "month": "2018-09",
            "price": "29.91",
            "revenue": 21985450
        },
        "2018-10": {
            "month": "2018-10",
            "price": "29.13",
            "revenue": 28862751
        },
        "2018-11": {
            "month": "2018-11",
            "price": "29.64",
            "revenue": 29748235
        },
        "2018-12": {
            "month": "2018-12",
            "price": "28.69",
            "revenue": 32096983
        },
        "2019-01": {
            "month": "2019-01",
            "price": "27.38",
            "revenue": 39759376
        },
        "2019-02": {
            "month": "2019-02",
            "price": "28.41",
            "revenue": 23036421
        },
        "2019-03": {
            "month": "2019-03",
            "price": "28.28",
            "revenue": 29572559
        },
        "2019-04": {
            "month": "2019-04",
            "price": "25.40",
            "revenue": 32223818
        },
        "2019-05": {
            "month": "2019-05",
            "price": "24.48",
            "revenue": 26323455
        },
        "2019-06": {
            "month": "2019-06",
            "price": "24.23",
            "revenue": 26074082
        },
        "2019-07": {
            "month": "2019-07",
            "price": "25.84",
            "revenue": 35215104
        },
        "2019-08": {
            "month": "2019-08",
            "price": "24.32",
            "revenue": 25218871
        },
        "2019-09": {
            "month": "2019-09",
            "price": "24.97",
            "revenue": 23285075
        },
        "2019-10": {
            "month": "2019-10",
            "price": "24.91",
            "revenue": 24421927
        },
        "2019-11": {
            "month": "2019-11",
            "price": "25.64",
            "revenue": 20306544
        },
        "2019-12": {
            "month": "2019-12",
            "price": "25.66",
            "revenue": 33678220
        },
        "2020-01": {
            "month": "2020-01",
            "price": "25.58",
            "revenue": 24598082
        },
        "2020-02": {
            "month": "2020-02",
            "price": "24.66",
            "revenue": 20595990
        },
        "2020-03": {
            "month": "2020-03",
            "price": "19.11",
            "revenue": 25691180
        },
        "2020-04": {
            "month": "2020-04",
            "price": "19.16",
            "revenue": 20908977
        },
        "2020-05": {
            "month": "2020-05",
            "price": "20.20",
            "revenue": 19635241
        },
        "2020-06": {
            "month": "2020-06",
            "price": "21.94",
            "revenue": 37675485
        },
        "2020-07": {
            "month": "2020-07",
            "price": "21.67",
            "revenue": 36243213
        },
        "2020-08": {
            "month": "2020-08",
            "price": "20.49",
            "revenue": 29116876
        },
        "2020-09": {
            "month": "2020-09",
            "price": "20.10",
            "revenue": 22228793
        },
        "2020-10": {
            "month": "2020-10",
            "price": "19.96",
            "revenue": 18299458
        },
        "2020-11": {
            "month": "2020-11",
            "price": "20.26",
            "revenue": 32512190
        },
        "2020-12": {
            "month": "2020-12",
            "price": "22.08",
            "revenue": 35872686
        },
        "2021-01": {
            "month": "2021-01",
            "price": "22.58",
            "revenue": 22845890
        },
        "2021-02": {
            "month": "2021-02",
            "price": "22.89",
            "revenue": 24224741
        },
        "2021-03": {
            "month": "2021-03",
            "price": "24.26",
            "revenue": 31653725
        },
        "2021-04": {
            "month": "2021-04",
            "price": "25.96",
            "revenue": 21246449
        },
        "2021-05": {
            "month": "2021-05",
            "price": "24.58",
            "revenue": 24847150
        },
        "2021-06": {
            "month": "2021-06",
            "price": "25.03",
            "revenue": 28895902
        },
        "2021-07": {
            "month": "2021-07",
            "price": "26.77",
            "revenue": 20458724
        },
        "2021-08": {
            "month": "2021-08",
            "price": "27.79",
            "revenue": 31298184
        },
        "2021-09": {
            "month": "2021-09",
            "price": "28.97",
            "revenue": 21890744
        },
        "2021-10": {
            "month": "2021-10",
            "price": "29.40",
            "revenue": 18201033
        },
        "2021-11": {
            "month": "2021-11",
            "price": "29.90",
            "revenue": 24244346
        }
    }
}
