{
    "summary": {
        "stock_name": "台產",
        "stock_id": "2832",
        "category": "金融",
        "main_business": "產物保險",
        "website_url": "https://www.tfmi.com.tw",
        "ceo": "陳昭鋒",
        "pe_ratio": 11,
        "report_year_from": 2001,
        "report_year_to": 2023,
        "age": 23,
        "eps_negative_percentage": 0,
        "eps_growth_avg": {
            "last_all": 10.98,
            "last_2y": 20.28,
            "last_4y": 16.87,
            "last_8y": 15.16,
            "last_12y": 10.98,
            "last_16y": null,
            "last_20y": null,
            "at_2006_last_3y": null,
            "at_2007_last_3y": null,
            "at_2008_last_3y": null,
            "at_2009_last_3y": null,
            "at_2010_last_3y": null,
            "at_2011_last_3y": null,
            "at_2012_last_3y": null,
            "at_2013_last_3y": null,
            "at_2014_last_3y": 1.56,
            "at_2015_last_3y": 32.6,
            "at_2016_last_3y": 0.59,
            "at_2017_last_3y": 16.54,
            "at_2018_last_3y": 13.03,
            "at_2019_last_3y": 2.35,
            "at_2020_last_3y": 15.88,
            "at_2021_last_3y": -14.16,
            "at_2022_last_3y": 14.5,
            "at_2023_last_3y": 14.95,
            "at_2024_last_3y": 14.95,
            "at_2006_last_all": null,
            "at_2007_last_all": null,
            "at_2008_last_all": null,
            "at_2009_last_all": null,
            "at_2010_last_all": null,
            "at_2011_last_all": null,
            "at_2012_last_all": 7.97,
            "at_2013_last_all": 8.75,
            "at_2014_last_all": 1.56,
            "at_2015_last_all": 14.69,
            "at_2016_last_all": 3.05,
            "at_2017_last_all": 13.2,
            "at_2018_last_all": 7.29,
            "at_2019_last_all": 9.21,
            "at_2020_last_all": 8.18,
            "at_2021_last_all": 3.25,
            "at_2022_last_all": 9.69,
            "at_2023_last_all": 10.98,
            "at_2024_last_all": 10.98
        },
        "latest_eps": 2.49,
        "latest_price": 26.15,
        "latest_roe": 8.68,
        "latest_gross_margin": null,
        "latest_equity": 10878343,
        "latest_revenue": 1767823,
        "latest_gross_profit": null,
        "latest_net_income": 318961,
        "latest_debt_ratio": 51.42,
        "latest_current_ratio": null,
        "latest_account_receivable_turnover_ratio": 17.27,
        "latest_inventory_turnover_ratio": null,
        "latest_reinvestment_rate": 6.96,
        "latest_research_to_sale_ratio": null
    },
    "eps_dividends": {
        "1995": {
            "cash": 0.6,
            "stock": 1.88,
            "eps": 0
        },
        "1996": {
            "cash": 0.6,
            "stock": 0,
            "eps": 0
        },
        "1997": {
            "cash": 0.6,
            "stock": 0.53,
            "eps": 0
        },
        "1998": {
            "cash": 0.83,
            "stock": 0,
            "eps": 0
        },
        "2000": {
            "cash": 0.32,
            "stock": 0.32,
            "eps": 0
        },
        "2001": {
            "cash": 0,
            "stock": 0,
            "eps": 0
        },
        "2002": {
            "cash": 0.81,
            "stock": 1.02,
            "eps": 0
        },
        "2003": {
            "cash": 0.5,
            "stock": 0.6,
            "eps": 0
        },
        "2004": {
            "cash": 0.5,
            "stock": 0.85,
            "eps": 0
        },
        "2005": {
            "cash": 1,
            "stock": 0.4,
            "eps": 0
        },
        "2006": {
            "cash": 1.35,
            "stock": 0,
            "eps": 0
        },
        "2007": {
            "cash": 1.95,
            "stock": 0,
            "eps": 0
        },
        "2008": {
            "cash": 2.68,
            "stock": 0,
            "eps": 0
        },
        "2009": {
            "cash": 0,
            "stock": 0,
            "eps": 0
        },
        "2010": {
            "cash": 1,
            "stock": 1.6,
            "eps": 2.74
        },
        "2011": {
            "cash": 3.16,
            "stock": 0,
            "eps": 1.18
        },
        "2012": {
            "cash": 0,
            "stock": 0,
            "eps": 2.04
        },
        "2013": {
            "cash": 1.1,
            "stock": 0,
            "eps": 2.25
        },
        "2014": {
            "cash": 1.1,
            "stock": 0,
            "eps": 1.8
        },
        "2015": {
            "cash": 0.9,
            "stock": 0,
            "eps": 3.01
        },
        "2016": {
            "cash": 1.2,
            "stock": 0,
            "eps": 1.35
        },
        "2017": {
            "cash": 0.9,
            "stock": 0,
            "eps": 2.35
        },
        "2018": {
            "cash": 1.1,
            "stock": 0,
            "eps": 1.55
        },
        "2019": {
            "cash": 0.9,
            "stock": 0,
            "eps": 1.93
        },
        "2020": {
            "cash": 1,
            "stock": 0,
            "eps": 1.91
        },
        "2021": {
            "cash": 1.1,
            "stock": 0,
            "eps": 1.03
        },
        "2022": {
            "cash": 0.75,
            "stock": 0,
            "eps": 1.86
        },
        "2023": {
            "cash": 1,
            "stock": 0,
            "eps": 2.35
        }
    },
    "dividends": {
        "1995-09-23": {
            "cash": 0.6,
            "stock": 1.88
        },
        "1996-09-21": {
            "cash": 0.6,
            "stock": 0
        },
        "1997-12-12": {
            "cash": 0.6,
            "stock": 0.53
        },
        "1998-11-17": {
            "cash": 0.83,
            "stock": 0
        },
        "2000-06-28": {
            "cash": 0.32,
            "stock": 0.32
        },
        "2002-05-20": {
            "cash": 0.81,
            "stock": 1.02
        },
        "2003-05-28": {
            "cash": 0.5,
            "stock": 0.6
        },
        "2004-03-12": {
            "cash": 0.5,
            "stock": 0.85
        },
        "2005-03-30": {
            "cash": 1,
            "stock": 0.4
        },
        "2006-03-21": {
            "cash": 1.35,
            "stock": 0
        },
        "2007-03-27": {
            "cash": 1.95,
            "stock": 0
        },
        "2008-03-20": {
            "cash": 2.68,
            "stock": 0
        },
        "2010-03-26": {
            "cash": 1,
            "stock": 1.6
        },
        "2011-01-01": {
            "cash": 1.16,
            "stock": 0
        },
        "2011-03-31": {
            "cash": 2,
            "stock": 0
        },
        "2013-04-26": {
            "cash": 1.1,
            "stock": 0
        },
        "2014-06-06": {
            "cash": 1.1,
            "stock": 0
        },
        "2015-07-29": {
            "cash": 0.9,
            "stock": 0
        },
        "2016-07-26": {
            "cash": 1.2,
            "stock": 0
        },
        "2017-07-31": {
            "cash": 0.9,
            "stock": 0
        },
        "2018-07-30": {
            "cash": 1.1,
            "stock": 0
        },
        "2019-07-30": {
            "cash": 0.9,
            "stock": 0
        },
        "2020-07-10": {
            "cash": 1,
            "stock": 0
        },
        "2021-07-15": {
            "cash": 1.1,
            "stock": 0
        },
        "2022-05-10": {
            "cash": 0.75,
            "stock": 0
        },
        "2023-07-31": {
            "cash": 1,
            "stock": 0
        }
    },
    "prices": {
        "200101": "15.12",
        "200102": "15.74",
        "200103": "15.60",
        "200104": "15.18",
        "200105": "14.44",
        "200106": "13.90",
        "200107": "12.95",
        "200108": "12.62",
        "200109": "12.06",
        "200110": "11.51",
        "200111": "11.29",
        "200112": "12.36",
        "200201": "12.38",
        "200202": "12.79",
        "200203": "12.73",
        "200204": "14.27",
        "200205": "13.67",
        "200206": "13.24",
        "200207": "11.78",
        "200208": "11.68",
        "200209": "11.10",
        "200210": "10.54",
        "200211": "11.06",
        "200212": "10.92",
        "200301": "11.82",
        "200302": "11.78",
        "200303": "11.30",
        "200304": "11.77",
        "200305": "11.47",
        "200306": "12.00",
        "200307": "11.88",
        "200308": "11.52",
        "200309": "11.39",
        "200310": "12.24",
        "200311": "12.75",
        "200312": "12.43",
        "200401": "13.19",
        "200402": "17.39",
        "200403": "20.54",
        "200404": "20.49",
        "200405": "18.39",
        "200406": "19.04",
        "200407": "17.45",
        "200408": "16.74",
        "200409": "19.31",
        "200410": "19.36",
        "200411": "18.85",
        "200412": "18.09",
        "200501": "18.30",
        "200502": "17.85",
        "200503": "17.70",
        "200504": "16.51",
        "200505": "15.64",
        "200506": "16.18",
        "200507": "15.64",
        "200508": "15.33",
        "200509": "14.37",
        "200510": "13.94",
        "200511": "14.17",
        "200512": "14.76",
        "200601": "15.33",
        "200602": "15.47",
        "200603": "15.24",
        "200604": "16.11",
        "200605": "19.36",
        "200606": "18.36",
        "200607": "17.25",
        "200608": "16.83",
        "200609": "17.03",
        "200610": "18.40",
        "200611": "18.95",
        "200612": "20.05",
        "200701": "21.06",
        "200702": "20.78",
        "200703": "20.45",
        "200704": "21.98",
        "200705": "21.91",
        "200706": "24.52",
        "200707": "27.05",
        "200708": "26.47",
        "200709": "27.18",
        "200710": "29.54",
        "200711": "29.39",
        "200712": "26.20",
        "200801": "26.32",
        "200802": "26.91",
        "200803": "28.48",
        "200804": "31.11",
        "200805": "31.98",
        "200806": "30.25",
        "200807": "23.85",
        "200808": "23.39",
        "200809": "19.31",
        "200810": "15.07",
        "200811": "13.93",
        "200812": "13.87",
        "200901": "12.84",
        "200902": "12.66",
        "200903": "13.25",
        "200904": "15.94",
        "200905": "20.15",
        "200906": "19.43",
        "200907": "21.68",
        "200908": "25.36",
        "200909": "25.49",
        "200910": "27.56",
        "200911": "26.60",
        "200912": "26.16",
        "201001": "27.24",
        "201002": "25.12",
        "201003": "26.33",
        "201004": "27.92",
        "201005": "27.22",
        "201006": "26.97",
        "201007": "27.15",
        "201008": "26.67",
        "201009": "24.95",
        "201010": "22.62",
        "201011": "23.72",
        "201012": "27.41",
        "201101": "28.22",
        "201102": "26.05",
        "201103": "25.07",
        "201104": "26.18",
        "201105": "26.17",
        "201106": "26.03",
        "201107": "24.41",
        "201108": "23.58",
        "201109": "22.45",
        "201110": "22.44",
        "201111": "22.00",
        "201112": "20.92",
        "201201": "20.19",
        "201202": "21.93",
        "201203": "22.78",
        "201204": "21.00",
        "201205": "20.67",
        "201206": "20.33",
        "201207": "19.86",
        "201208": "19.92",
        "201209": "20.86",
        "201210": "20.66",
        "201211": "20.55",
        "201212": "21.10",
        "201301": "21.68",
        "201302": "22.03",
        "201303": "21.91",
        "201304": "21.80",
        "201305": "22.32",
        "201306": "22.18",
        "201307": "21.54",
        "201308": "21.67",
        "201309": "21.90",
        "201310": "23.01",
        "201311": "24.02",
        "201312": "24.78",
        "201401": "24.64",
        "201402": "24.28",
        "201403": "24.08",
        "201404": "23.81",
        "201405": "23.25",
        "201406": "23.36",
        "201407": "23.35",
        "201408": "22.89",
        "201409": "22.89",
        "201410": "22.31",
        "201411": "21.82",
        "201412": "21.95",
        "201501": "22.26",
        "201502": "22.84",
        "201503": "22.79",
        "201504": "22.97",
        "201505": "23.74",
        "201506": "22.92",
        "201507": "22.07",
        "201508": "21.24",
        "201509": "21.68",
        "201510": "22.02",
        "201511": "22.08",
        "201512": "21.50",
        "201601": "20.83",
        "201602": "20.69",
        "201603": "21.37",
        "201604": "20.90",
        "201605": "20.03",
        "201606": "19.97",
        "201607": "19.29",
        "201608": "19.19",
        "201609": "18.81",
        "201610": "18.61",
        "201611": "18.74",
        "201612": "19.44",
        "201701": "19.07",
        "201702": "19.06",
        "201703": "19.17",
        "201704": "18.92",
        "201705": "19.04",
        "201706": "19.30",
        "201707": "19.09",
        "201708": "19.12",
        "201709": "19.91",
        "201710": "20.14",
        "201711": "20.25",
        "201712": "20.45",
        "201801": "20.92",
        "201802": "20.53",
        "201803": "20.64",
        "201804": "20.87",
        "201805": "20.93",
        "201806": "21.01",
        "201807": "20.33",
        "201808": "20.28",
        "201809": "20.57",
        "201810": "20.18",
        "201811": "20.01",
        "201812": "19.85",
        "201901": "19.72",
        "201902": "19.98",
        "201903": "20.12",
        "201904": "20.20",
        "201905": "20.25",
        "201906": "20.56",
        "201907": "20.22",
        "201908": "20.16",
        "201909": "20.22",
        "201910": "20.43",
        "201911": "20.65",
        "201912": "20.88",
        "202001": "20.87",
        "202002": "20.70",
        "202003": "19.00",
        "202004": "19.09",
        "202005": "19.74",
        "202006": "20.01",
        "202007": "19.73",
        "202008": "19.74",
        "202009": "19.69",
        "202010": "19.76",
        "202011": "20.05",
        "202012": "20.30",
        "202101": "20.27",
        "202102": "20.34",
        "202103": "21.58",
        "202104": "23.37",
        "202105": "21.45",
        "202106": "20.97",
        "202107": "20.01",
        "202108": "19.76",
        "202109": "19.81",
        "202110": "19.83",
        "202111": "20.06",
        "202112": "20.15",
        "202201": "20.33",
        "202202": "20.51",
        "202203": "20.41",
        "202204": "20.43",
        "202205": "19.57",
        "202206": "19.58",
        "202207": "19.50",
        "202208": "19.86",
        "202209": "20.18",
        "202210": "19.91",
        "202211": "20.15",
        "202212": "20.47",
        "202301": "20.60",
        "202302": "20.74",
        "202303": "20.84",
        "202304": "20.95",
        "202305": "22.01",
        "202306": "22.79",
        "202307": "22.80",
        "202308": "23.05",
        "202309": "23.73",
        "202310": "23.38",
        "202311": "24.92",
        "202312": "25.44"
    },
    "quarters": {
        "20011": {
            "year_quarter": 20011,
            "year": 2001,
            "quarter": 1,
            "eps": null,
            "eps_growth_year": null,
            "eps_4q": null,
            "eps_4q_growth_year": null,
            "roe": null,
            "roe_4q": 0,
            "gross_profit": null,
            "gross_margin": null,
            "gross_margin_4q_avg": 0,
            "net_income": null,
            "net_income_4q": null,
            "revenue": null,
            "revenue_4q": null,
            "common_shares": null,
            "book_valuer_per_share": null,
            "book_valuer_per_share_4q_avg": 0,
            "equity": null,
            "current_ratio": null,
            "debt_ratio": null,
            "inventory_turnover_ratio": null,
            "account_receivable_turnover_ratio": null,
            "reinvestment_rate": null,
            "research_to_sale_ratio": null,
            "price_fair": 0,
            "eps_avg_yearly": 0,
            "eps_latest_yearly": 0,
            "eps_growth_yearly": 0
        },
        "20012": {
            "year_quarter": 20012,
            "year": 2001,
            "quarter": 2,
            "eps": null,
            "eps_growth_year": null,
            "eps_4q": null,
            "eps_4q_growth_year": null,
            "roe": null,
            "roe_4q": 0,
            "gross_profit": null,
            "gross_margin": null,
            "gross_margin_4q_avg": 0,
            "net_income": null,
            "net_income_4q": null,
            "revenue": null,
            "revenue_4q": null,
            "common_shares": null,
            "book_valuer_per_share": null,
            "book_valuer_per_share_4q_avg": 0,
            "equity": null,
            "current_ratio": null,
            "debt_ratio": null,
            "inventory_turnover_ratio": null,
            "account_receivable_turnover_ratio": null,
            "reinvestment_rate": null,
            "research_to_sale_ratio": null,
            "price_fair": 0,
            "eps_avg_yearly": 0,
            "eps_latest_yearly": 0,
            "eps_growth_yearly": 0
        },
        "20013": {
            "year_quarter": 20013,
            "year": 2001,
            "quarter": 3,
            "eps": null,
            "eps_growth_year": null,
            "eps_4q": null,
            "eps_4q_growth_year": null,
            "roe": null,
            "roe_4q": 0,
            "gross_profit": null,
            "gross_margin": null,
            "gross_margin_4q_avg": 0,
            "net_income": null,
            "net_income_4q": null,
            "revenue": null,
            "revenue_4q": null,
            "common_shares": null,
            "book_valuer_per_share": null,
            "book_valuer_per_share_4q_avg": 0,
            "equity": null,
            "current_ratio": null,
            "debt_ratio": null,
            "inventory_turnover_ratio": null,
            "account_receivable_turnover_ratio": null,
            "reinvestment_rate": null,
            "research_to_sale_ratio": null,
            "price_fair": 0,
            "eps_avg_yearly": 0,
            "eps_latest_yearly": 0,
            "eps_growth_yearly": 0
        },
        "20014": {
            "year_quarter": 20014,
            "year": 2001,
            "quarter": 4,
            "eps": null,
            "eps_growth_year": null,
            "eps_4q": null,
            "eps_4q_growth_year": null,
            "roe": null,
            "roe_4q": 0,
            "gross_profit": null,
            "gross_margin": null,
            "gross_margin_4q_avg": 0,
            "net_income": null,
            "net_income_4q": null,
            "revenue": null,
            "revenue_4q": null,
            "common_shares": null,
            "book_valuer_per_share": null,
            "book_valuer_per_share_4q_avg": 0,
            "equity": null,
            "current_ratio": null,
            "debt_ratio": null,
            "inventory_turnover_ratio": null,
            "account_receivable_turnover_ratio": null,
            "reinvestment_rate": null,
            "research_to_sale_ratio": null,
            "price_fair": 0,
            "eps_avg_yearly": 0,
            "eps_latest_yearly": 0,
            "eps_growth_yearly": 0
        },
        "20021": {
            "year_quarter": 20021,
            "year": 2002,
            "quarter": 1,
            "eps": null,
            "eps_growth_year": null,
            "eps_4q": null,
            "eps_4q_growth_year": null,
            "roe": null,
            "roe_4q": 0,
            "gross_profit": null,
            "gross_margin": null,
            "gross_margin_4q_avg": 0,
            "net_income": null,
            "net_income_4q": null,
            "revenue": null,
            "revenue_4q": null,
            "common_shares": null,
            "book_valuer_per_share": null,
            "book_valuer_per_share_4q_avg": 0,
            "equity": null,
            "current_ratio": null,
            "debt_ratio": null,
            "inventory_turnover_ratio": null,
            "account_receivable_turnover_ratio": null,
            "reinvestment_rate": null,
            "research_to_sale_ratio": null,
            "price_fair": 0,
            "eps_avg_yearly": 0,
            "eps_latest_yearly": 0,
            "eps_growth_yearly": 0
        },
        "20022": {
            "year_quarter": 20022,
            "year": 2002,
            "quarter": 2,
            "eps": null,
            "eps_growth_year": null,
            "eps_4q": null,
            "eps_4q_growth_year": null,
            "roe": null,
            "roe_4q": 0,
            "gross_profit": null,
            "gross_margin": null,
            "gross_margin_4q_avg": 0,
            "net_income": null,
            "net_income_4q": null,
            "revenue": null,
            "revenue_4q": null,
            "common_shares": null,
            "book_valuer_per_share": null,
            "book_valuer_per_share_4q_avg": 0,
            "equity": null,
            "current_ratio": null,
            "debt_ratio": null,
            "inventory_turnover_ratio": null,
            "account_receivable_turnover_ratio": null,
            "reinvestment_rate": null,
            "research_to_sale_ratio": null,
            "price_fair": 0,
            "eps_avg_yearly": 0,
            "eps_latest_yearly": 0,
            "eps_growth_yearly": 0
        },
        "20023": {
            "year_quarter": 20023,
            "year": 2002,
            "quarter": 3,
            "eps": null,
            "eps_growth_year": null,
            "eps_4q": null,
            "eps_4q_growth_year": null,
            "roe": null,
            "roe_4q": 0,
            "gross_profit": null,
            "gross_margin": null,
            "gross_margin_4q_avg": 0,
            "net_income": null,
            "net_income_4q": null,
            "revenue": null,
            "revenue_4q": null,
            "common_shares": null,
            "book_valuer_per_share": null,
            "book_valuer_per_share_4q_avg": 0,
            "equity": null,
            "current_ratio": null,
            "debt_ratio": null,
            "inventory_turnover_ratio": null,
            "account_receivable_turnover_ratio": null,
            "reinvestment_rate": null,
            "research_to_sale_ratio": null,
            "price_fair": 0,
            "eps_avg_yearly": 0,
            "eps_latest_yearly": 0,
            "eps_growth_yearly": 0
        },
        "20024": {
            "year_quarter": 20024,
            "year": 2002,
            "quarter": 4,
            "eps": null,
            "eps_growth_year": null,
            "eps_4q": null,
            "eps_4q_growth_year": null,
            "roe": null,
            "roe_4q": 0,
            "gross_profit": null,
            "gross_margin": null,
            "gross_margin_4q_avg": 0,
            "net_income": null,
            "net_income_4q": null,
            "revenue": null,
            "revenue_4q": null,
            "common_shares": null,
            "book_valuer_per_share": null,
            "book_valuer_per_share_4q_avg": 0,
            "equity": null,
            "current_ratio": null,
            "debt_ratio": null,
            "inventory_turnover_ratio": null,
            "account_receivable_turnover_ratio": null,
            "reinvestment_rate": null,
            "research_to_sale_ratio": null,
            "price_fair": 0,
            "eps_avg_yearly": 0,
            "eps_latest_yearly": 0,
            "eps_growth_yearly": 0
        },
        "20031": {
            "year_quarter": 20031,
            "year": 2003,
            "quarter": 1,
            "eps": null,
            "eps_growth_year": null,
            "eps_4q": null,
            "eps_4q_growth_year": null,
            "roe": null,
            "roe_4q": 0,
            "gross_profit": null,
            "gross_margin": null,
            "gross_margin_4q_avg": 0,
            "net_income": null,
            "net_income_4q": null,
            "revenue": null,
            "revenue_4q": null,
            "common_shares": null,
            "book_valuer_per_share": null,
            "book_valuer_per_share_4q_avg": 0,
            "equity": null,
            "current_ratio": null,
            "debt_ratio": null,
            "inventory_turnover_ratio": null,
            "account_receivable_turnover_ratio": null,
            "reinvestment_rate": null,
            "research_to_sale_ratio": null,
            "price_fair": 0,
            "eps_avg_yearly": 0,
            "eps_latest_yearly": 0,
            "eps_growth_yearly": 0
        },
        "20032": {
            "year_quarter": 20032,
            "year": 2003,
            "quarter": 2,
            "eps": null,
            "eps_growth_year": null,
            "eps_4q": null,
            "eps_4q_growth_year": null,
            "roe": null,
            "roe_4q": 0,
            "gross_profit": null,
            "gross_margin": null,
            "gross_margin_4q_avg": 0,
            "net_income": null,
            "net_income_4q": null,
            "revenue": null,
            "revenue_4q": null,
            "common_shares": null,
            "book_valuer_per_share": null,
            "book_valuer_per_share_4q_avg": 0,
            "equity": null,
            "current_ratio": null,
            "debt_ratio": null,
            "inventory_turnover_ratio": null,
            "account_receivable_turnover_ratio": null,
            "reinvestment_rate": null,
            "research_to_sale_ratio": null,
            "price_fair": 0,
            "eps_avg_yearly": 0,
            "eps_latest_yearly": 0,
            "eps_growth_yearly": 0
        },
        "20033": {
            "year_quarter": 20033,
            "year": 2003,
            "quarter": 3,
            "eps": null,
            "eps_growth_year": null,
            "eps_4q": null,
            "eps_4q_growth_year": null,
            "roe": null,
            "roe_4q": 0,
            "gross_profit": null,
            "gross_margin": null,
            "gross_margin_4q_avg": 0,
            "net_income": null,
            "net_income_4q": null,
            "revenue": null,
            "revenue_4q": null,
            "common_shares": null,
            "book_valuer_per_share": null,
            "book_valuer_per_share_4q_avg": 0,
            "equity": null,
            "current_ratio": null,
            "debt_ratio": null,
            "inventory_turnover_ratio": null,
            "account_receivable_turnover_ratio": null,
            "reinvestment_rate": null,
            "research_to_sale_ratio": null,
            "price_fair": 0,
            "eps_avg_yearly": 0,
            "eps_latest_yearly": 0,
            "eps_growth_yearly": 0
        },
        "20034": {
            "year_quarter": 20034,
            "year": 2003,
            "quarter": 4,
            "eps": null,
            "eps_growth_year": null,
            "eps_4q": null,
            "eps_4q_growth_year": null,
            "roe": null,
            "roe_4q": 0,
            "gross_profit": null,
            "gross_margin": null,
            "gross_margin_4q_avg": 0,
            "net_income": null,
            "net_income_4q": null,
            "revenue": null,
            "revenue_4q": null,
            "common_shares": null,
            "book_valuer_per_share": null,
            "book_valuer_per_share_4q_avg": 0,
            "equity": null,
            "current_ratio": null,
            "debt_ratio": null,
            "inventory_turnover_ratio": null,
            "account_receivable_turnover_ratio": null,
            "reinvestment_rate": null,
            "research_to_sale_ratio": null,
            "price_fair": 0,
            "eps_avg_yearly": 0,
            "eps_latest_yearly": 0,
            "eps_growth_yearly": 0
        },
        "20041": {
            "year_quarter": 20041,
            "year": 2004,
            "quarter": 1,
            "eps": null,
            "eps_growth_year": null,
            "eps_4q": null,
            "eps_4q_growth_year": null,
            "roe": null,
            "roe_4q": 0,
            "gross_profit": null,
            "gross_margin": null,
            "gross_margin_4q_avg": 0,
            "net_income": null,
            "net_income_4q": null,
            "revenue": null,
            "revenue_4q": null,
            "common_shares": null,
            "book_valuer_per_share": null,
            "book_valuer_per_share_4q_avg": 0,
            "equity": null,
            "current_ratio": null,
            "debt_ratio": null,
            "inventory_turnover_ratio": null,
            "account_receivable_turnover_ratio": null,
            "reinvestment_rate": null,
            "research_to_sale_ratio": null,
            "price_fair": 0,
            "eps_avg_yearly": 0,
            "eps_latest_yearly": 0,
            "eps_growth_yearly": 0
        },
        "20042": {
            "year_quarter": 20042,
            "year": 2004,
            "quarter": 2,
            "eps": null,
            "eps_growth_year": null,
            "eps_4q": null,
            "eps_4q_growth_year": null,
            "roe": null,
            "roe_4q": 0,
            "gross_profit": null,
            "gross_margin": null,
            "gross_margin_4q_avg": 0,
            "net_income": null,
            "net_income_4q": null,
            "revenue": null,
            "revenue_4q": null,
            "common_shares": null,
            "book_valuer_per_share": null,
            "book_valuer_per_share_4q_avg": 0,
            "equity": null,
            "current_ratio": null,
            "debt_ratio": null,
            "inventory_turnover_ratio": null,
            "account_receivable_turnover_ratio": null,
            "reinvestment_rate": null,
            "research_to_sale_ratio": null,
            "price_fair": 0,
            "eps_avg_yearly": 0,
            "eps_latest_yearly": 0,
            "eps_growth_yearly": 0
        },
        "20043": {
            "year_quarter": 20043,
            "year": 2004,
            "quarter": 3,
            "eps": null,
            "eps_growth_year": null,
            "eps_4q": null,
            "eps_4q_growth_year": null,
            "roe": null,
            "roe_4q": 0,
            "gross_profit": null,
            "gross_margin": null,
            "gross_margin_4q_avg": 0,
            "net_income": null,
            "net_income_4q": null,
            "revenue": null,
            "revenue_4q": null,
            "common_shares": null,
            "book_valuer_per_share": null,
            "book_valuer_per_share_4q_avg": 0,
            "equity": null,
            "current_ratio": null,
            "debt_ratio": null,
            "inventory_turnover_ratio": null,
            "account_receivable_turnover_ratio": null,
            "reinvestment_rate": null,
            "research_to_sale_ratio": null,
            "price_fair": 0,
            "eps_avg_yearly": 0,
            "eps_latest_yearly": 0,
            "eps_growth_yearly": 0
        },
        "20044": {
            "year_quarter": 20044,
            "year": 2004,
            "quarter": 4,
            "eps": null,
            "eps_growth_year": null,
            "eps_4q": null,
            "eps_4q_growth_year": null,
            "roe": null,
            "roe_4q": 0,
            "gross_profit": null,
            "gross_margin": null,
            "gross_margin_4q_avg": 0,
            "net_income": null,
            "net_income_4q": null,
            "revenue": null,
            "revenue_4q": null,
            "common_shares": null,
            "book_valuer_per_share": null,
            "book_valuer_per_share_4q_avg": 0,
            "equity": null,
            "current_ratio": null,
            "debt_ratio": null,
            "inventory_turnover_ratio": null,
            "account_receivable_turnover_ratio": null,
            "reinvestment_rate": null,
            "research_to_sale_ratio": null,
            "price_fair": 0,
            "eps_avg_yearly": 0,
            "eps_latest_yearly": 0,
            "eps_growth_yearly": 0
        },
        "20051": {
            "year_quarter": 20051,
            "year": 2005,
            "quarter": 1,
            "eps": null,
            "eps_growth_year": null,
            "eps_4q": null,
            "eps_4q_growth_year": null,
            "roe": null,
            "roe_4q": 0,
            "gross_profit": null,
            "gross_margin": null,
            "gross_margin_4q_avg": 0,
            "net_income": null,
            "net_income_4q": null,
            "revenue": null,
            "revenue_4q": null,
            "common_shares": null,
            "book_valuer_per_share": null,
            "book_valuer_per_share_4q_avg": 0,
            "equity": null,
            "current_ratio": null,
            "debt_ratio": null,
            "inventory_turnover_ratio": null,
            "account_receivable_turnover_ratio": null,
            "reinvestment_rate": null,
            "research_to_sale_ratio": null,
            "price_fair": 0,
            "eps_avg_yearly": 0,
            "eps_latest_yearly": 0,
            "eps_growth_yearly": 0
        },
        "20052": {
            "year_quarter": 20052,
            "year": 2005,
            "quarter": 2,
            "eps": null,
            "eps_growth_year": null,
            "eps_4q": null,
            "eps_4q_growth_year": null,
            "roe": null,
            "roe_4q": 0,
            "gross_profit": null,
            "gross_margin": null,
            "gross_margin_4q_avg": 0,
            "net_income": null,
            "net_income_4q": null,
            "revenue": null,
            "revenue_4q": null,
            "common_shares": null,
            "book_valuer_per_share": null,
            "book_valuer_per_share_4q_avg": 0,
            "equity": null,
            "current_ratio": null,
            "debt_ratio": null,
            "inventory_turnover_ratio": null,
            "account_receivable_turnover_ratio": null,
            "reinvestment_rate": null,
            "research_to_sale_ratio": null,
            "price_fair": 0,
            "eps_avg_yearly": 0,
            "eps_latest_yearly": 0,
            "eps_growth_yearly": 0
        },
        "20053": {
            "year_quarter": 20053,
            "year": 2005,
            "quarter": 3,
            "eps": null,
            "eps_growth_year": null,
            "eps_4q": null,
            "eps_4q_growth_year": null,
            "roe": null,
            "roe_4q": 0,
            "gross_profit": null,
            "gross_margin": null,
            "gross_margin_4q_avg": 0,
            "net_income": null,
            "net_income_4q": null,
            "revenue": null,
            "revenue_4q": null,
            "common_shares": null,
            "book_valuer_per_share": null,
            "book_valuer_per_share_4q_avg": 0,
            "equity": null,
            "current_ratio": null,
            "debt_ratio": null,
            "inventory_turnover_ratio": null,
            "account_receivable_turnover_ratio": null,
            "reinvestment_rate": null,
            "research_to_sale_ratio": null,
            "price_fair": 0,
            "eps_avg_yearly": 0,
            "eps_latest_yearly": 0,
            "eps_growth_yearly": 0
        },
        "20054": {
            "year_quarter": 20054,
            "year": 2005,
            "quarter": 4,
            "eps": null,
            "eps_growth_year": null,
            "eps_4q": null,
            "eps_4q_growth_year": null,
            "roe": null,
            "roe_4q": 0,
            "gross_profit": null,
            "gross_margin": null,
            "gross_margin_4q_avg": 0,
            "net_income": null,
            "net_income_4q": null,
            "revenue": null,
            "revenue_4q": null,
            "common_shares": null,
            "book_valuer_per_share": null,
            "book_valuer_per_share_4q_avg": 0,
            "equity": null,
            "current_ratio": null,
            "debt_ratio": null,
            "inventory_turnover_ratio": null,
            "account_receivable_turnover_ratio": null,
            "reinvestment_rate": null,
            "research_to_sale_ratio": null,
            "price_fair": 0,
            "eps_avg_yearly": 0,
            "eps_latest_yearly": 0,
            "eps_growth_yearly": 0
        },
        "20061": {
            "year_quarter": 20061,
            "year": 2006,
            "quarter": 1,
            "eps": null,
            "eps_growth_year": null,
            "eps_4q": null,
            "eps_4q_growth_year": null,
            "roe": null,
            "roe_4q": 0,
            "gross_profit": null,
            "gross_margin": null,
            "gross_margin_4q_avg": 0,
            "net_income": null,
            "net_income_4q": null,
            "revenue": null,
            "revenue_4q": null,
            "common_shares": null,
            "book_valuer_per_share": null,
            "book_valuer_per_share_4q_avg": 0,
            "equity": null,
            "current_ratio": null,
            "debt_ratio": null,
            "inventory_turnover_ratio": null,
            "account_receivable_turnover_ratio": null,
            "reinvestment_rate": null,
            "research_to_sale_ratio": null,
            "price_fair": 0,
            "eps_avg_yearly": 0,
            "eps_latest_yearly": 0,
            "eps_growth_yearly": 0
        },
        "20062": {
            "year_quarter": 20062,
            "year": 2006,
            "quarter": 2,
            "eps": null,
            "eps_growth_year": null,
            "eps_4q": null,
            "eps_4q_growth_year": null,
            "roe": null,
            "roe_4q": 0,
            "gross_profit": null,
            "gross_margin": null,
            "gross_margin_4q_avg": 0,
            "net_income": null,
            "net_income_4q": null,
            "revenue": null,
            "revenue_4q": null,
            "common_shares": null,
            "book_valuer_per_share": null,
            "book_valuer_per_share_4q_avg": 0,
            "equity": null,
            "current_ratio": null,
            "debt_ratio": null,
            "inventory_turnover_ratio": null,
            "account_receivable_turnover_ratio": null,
            "reinvestment_rate": null,
            "research_to_sale_ratio": null,
            "price_fair": 0,
            "eps_avg_yearly": 0,
            "eps_latest_yearly": 0,
            "eps_growth_yearly": 0
        },
        "20063": {
            "year_quarter": 20063,
            "year": 2006,
            "quarter": 3,
            "eps": null,
            "eps_growth_year": null,
            "eps_4q": null,
            "eps_4q_growth_year": null,
            "roe": null,
            "roe_4q": 0,
            "gross_profit": null,
            "gross_margin": null,
            "gross_margin_4q_avg": 0,
            "net_income": null,
            "net_income_4q": null,
            "revenue": null,
            "revenue_4q": null,
            "common_shares": null,
            "book_valuer_per_share": null,
            "book_valuer_per_share_4q_avg": 0,
            "equity": null,
            "current_ratio": null,
            "debt_ratio": null,
            "inventory_turnover_ratio": null,
            "account_receivable_turnover_ratio": null,
            "reinvestment_rate": null,
            "research_to_sale_ratio": null,
            "price_fair": 0,
            "eps_avg_yearly": 0,
            "eps_latest_yearly": 0,
            "eps_growth_yearly": 0
        },
        "20064": {
            "year_quarter": 20064,
            "year": 2006,
            "quarter": 4,
            "eps": null,
            "eps_growth_year": null,
            "eps_4q": null,
            "eps_4q_growth_year": null,
            "roe": null,
            "roe_4q": 0,
            "gross_profit": null,
            "gross_margin": null,
            "gross_margin_4q_avg": 0,
            "net_income": null,
            "net_income_4q": null,
            "revenue": null,
            "revenue_4q": null,
            "common_shares": null,
            "book_valuer_per_share": null,
            "book_valuer_per_share_4q_avg": 0,
            "equity": null,
            "current_ratio": null,
            "debt_ratio": null,
            "inventory_turnover_ratio": null,
            "account_receivable_turnover_ratio": null,
            "reinvestment_rate": null,
            "research_to_sale_ratio": null,
            "price_fair": 0,
            "eps_avg_yearly": 0,
            "eps_latest_yearly": 0,
            "eps_growth_yearly": 0
        },
        "20071": {
            "year_quarter": 20071,
            "year": 2007,
            "quarter": 1,
            "eps": null,
            "eps_growth_year": null,
            "eps_4q": null,
            "eps_4q_growth_year": null,
            "roe": null,
            "roe_4q": 0,
            "gross_profit": null,
            "gross_margin": null,
            "gross_margin_4q_avg": 0,
            "net_income": null,
            "net_income_4q": null,
            "revenue": null,
            "revenue_4q": null,
            "common_shares": null,
            "book_valuer_per_share": null,
            "book_valuer_per_share_4q_avg": 0,
            "equity": null,
            "current_ratio": null,
            "debt_ratio": null,
            "inventory_turnover_ratio": null,
            "account_receivable_turnover_ratio": null,
            "reinvestment_rate": null,
            "research_to_sale_ratio": null,
            "price_fair": 0,
            "eps_avg_yearly": 0,
            "eps_latest_yearly": 0,
            "eps_growth_yearly": 0
        },
        "20072": {
            "year_quarter": 20072,
            "year": 2007,
            "quarter": 2,
            "eps": null,
            "eps_growth_year": null,
            "eps_4q": null,
            "eps_4q_growth_year": null,
            "roe": null,
            "roe_4q": 0,
            "gross_profit": null,
            "gross_margin": null,
            "gross_margin_4q_avg": 0,
            "net_income": null,
            "net_income_4q": null,
            "revenue": null,
            "revenue_4q": null,
            "common_shares": null,
            "book_valuer_per_share": null,
            "book_valuer_per_share_4q_avg": 0,
            "equity": null,
            "current_ratio": null,
            "debt_ratio": null,
            "inventory_turnover_ratio": null,
            "account_receivable_turnover_ratio": null,
            "reinvestment_rate": null,
            "research_to_sale_ratio": null,
            "price_fair": 0,
            "eps_avg_yearly": 0,
            "eps_latest_yearly": 0,
            "eps_growth_yearly": 0
        },
        "20073": {
            "year_quarter": 20073,
            "year": 2007,
            "quarter": 3,
            "eps": null,
            "eps_growth_year": null,
            "eps_4q": null,
            "eps_4q_growth_year": null,
            "roe": null,
            "roe_4q": 0,
            "gross_profit": null,
            "gross_margin": null,
            "gross_margin_4q_avg": 0,
            "net_income": null,
            "net_income_4q": null,
            "revenue": null,
            "revenue_4q": null,
            "common_shares": null,
            "book_valuer_per_share": null,
            "book_valuer_per_share_4q_avg": 0,
            "equity": null,
            "current_ratio": null,
            "debt_ratio": null,
            "inventory_turnover_ratio": null,
            "account_receivable_turnover_ratio": null,
            "reinvestment_rate": null,
            "research_to_sale_ratio": null,
            "price_fair": 0,
            "eps_avg_yearly": 0,
            "eps_latest_yearly": 0,
            "eps_growth_yearly": 0
        },
        "20074": {
            "year_quarter": 20074,
            "year": 2007,
            "quarter": 4,
            "eps": null,
            "eps_growth_year": null,
            "eps_4q": null,
            "eps_4q_growth_year": null,
            "roe": null,
            "roe_4q": 0,
            "gross_profit": null,
            "gross_margin": null,
            "gross_margin_4q_avg": 0,
            "net_income": null,
            "net_income_4q": null,
            "revenue": null,
            "revenue_4q": null,
            "common_shares": null,
            "book_valuer_per_share": null,
            "book_valuer_per_share_4q_avg": 0,
            "equity": null,
            "current_ratio": null,
            "debt_ratio": null,
            "inventory_turnover_ratio": null,
            "account_receivable_turnover_ratio": null,
            "reinvestment_rate": null,
            "research_to_sale_ratio": null,
            "price_fair": 0,
            "eps_avg_yearly": 0,
            "eps_latest_yearly": 0,
            "eps_growth_yearly": 0
        },
        "20081": {
            "year_quarter": 20081,
            "year": 2008,
            "quarter": 1,
            "eps": null,
            "eps_growth_year": null,
            "eps_4q": null,
            "eps_4q_growth_year": null,
            "roe": null,
            "roe_4q": 0,
            "gross_profit": null,
            "gross_margin": null,
            "gross_margin_4q_avg": 0,
            "net_income": null,
            "net_income_4q": null,
            "revenue": null,
            "revenue_4q": null,
            "common_shares": null,
            "book_valuer_per_share": null,
            "book_valuer_per_share_4q_avg": 0,
            "equity": null,
            "current_ratio": null,
            "debt_ratio": null,
            "inventory_turnover_ratio": null,
            "account_receivable_turnover_ratio": null,
            "reinvestment_rate": null,
            "research_to_sale_ratio": null,
            "price_fair": 0,
            "eps_avg_yearly": 0,
            "eps_latest_yearly": 0,
            "eps_growth_yearly": 0
        },
        "20082": {
            "year_quarter": 20082,
            "year": 2008,
            "quarter": 2,
            "eps": null,
            "eps_growth_year": null,
            "eps_4q": null,
            "eps_4q_growth_year": null,
            "roe": null,
            "roe_4q": 0,
            "gross_profit": null,
            "gross_margin": null,
            "gross_margin_4q_avg": 0,
            "net_income": null,
            "net_income_4q": null,
            "revenue": null,
            "revenue_4q": null,
            "common_shares": null,
            "book_valuer_per_share": null,
            "book_valuer_per_share_4q_avg": 0,
            "equity": null,
            "current_ratio": null,
            "debt_ratio": null,
            "inventory_turnover_ratio": null,
            "account_receivable_turnover_ratio": null,
            "reinvestment_rate": null,
            "research_to_sale_ratio": null,
            "price_fair": 0,
            "eps_avg_yearly": 0,
            "eps_latest_yearly": 0,
            "eps_growth_yearly": 0
        },
        "20083": {
            "year_quarter": 20083,
            "year": 2008,
            "quarter": 3,
            "eps": null,
            "eps_growth_year": null,
            "eps_4q": null,
            "eps_4q_growth_year": null,
            "roe": null,
            "roe_4q": 0,
            "gross_profit": null,
            "gross_margin": null,
            "gross_margin_4q_avg": 0,
            "net_income": null,
            "net_income_4q": null,
            "revenue": null,
            "revenue_4q": null,
            "common_shares": null,
            "book_valuer_per_share": null,
            "book_valuer_per_share_4q_avg": 0,
            "equity": null,
            "current_ratio": null,
            "debt_ratio": null,
            "inventory_turnover_ratio": null,
            "account_receivable_turnover_ratio": null,
            "reinvestment_rate": null,
            "research_to_sale_ratio": null,
            "price_fair": 0,
            "eps_avg_yearly": 0,
            "eps_latest_yearly": 0,
            "eps_growth_yearly": 0
        },
        "20084": {
            "year_quarter": 20084,
            "year": 2008,
            "quarter": 4,
            "eps": null,
            "eps_growth_year": null,
            "eps_4q": null,
            "eps_4q_growth_year": null,
            "roe": null,
            "roe_4q": 0,
            "gross_profit": null,
            "gross_margin": null,
            "gross_margin_4q_avg": 0,
            "net_income": null,
            "net_income_4q": null,
            "revenue": null,
            "revenue_4q": null,
            "common_shares": 3168570,
            "book_valuer_per_share": null,
            "book_valuer_per_share_4q_avg": 0,
            "equity": 3287479,
            "current_ratio": null,
            "debt_ratio": null,
            "inventory_turnover_ratio": null,
            "account_receivable_turnover_ratio": null,
            "reinvestment_rate": null,
            "research_to_sale_ratio": null,
            "price_fair": 0,
            "eps_avg_yearly": 0,
            "eps_latest_yearly": 0,
            "eps_growth_yearly": 0
        },
        "20091": {
            "year_quarter": 20091,
            "year": 2009,
            "quarter": 1,
            "eps": null,
            "eps_growth_year": null,
            "eps_4q": null,
            "eps_4q_growth_year": null,
            "roe": null,
            "roe_4q": 0,
            "gross_profit": 394671,
            "gross_margin": null,
            "gross_margin_4q_avg": 0,
            "net_income": 135597,
            "net_income_4q": null,
            "revenue": 2805831,
            "revenue_4q": null,
            "common_shares": 3168570,
            "book_valuer_per_share": null,
            "book_valuer_per_share_4q_avg": 0,
            "equity": 3522633,
            "current_ratio": null,
            "debt_ratio": null,
            "inventory_turnover_ratio": null,
            "account_receivable_turnover_ratio": null,
            "reinvestment_rate": null,
            "research_to_sale_ratio": null,
            "price_fair": 0,
            "eps_avg_yearly": 0,
            "eps_latest_yearly": 0,
            "eps_growth_yearly": 0
        },
        "20092": {
            "year_quarter": 20092,
            "year": 2009,
            "quarter": 2,
            "eps": null,
            "eps_growth_year": null,
            "eps_4q": null,
            "eps_4q_growth_year": null,
            "roe": null,
            "roe_4q": 0,
            "gross_profit": 464109,
            "gross_margin": null,
            "gross_margin_4q_avg": 0,
            "net_income": 258905,
            "net_income_4q": null,
            "revenue": 2433302,
            "revenue_4q": null,
            "common_shares": 3168570,
            "book_valuer_per_share": null,
            "book_valuer_per_share_4q_avg": 0,
            "equity": 4222299,
            "current_ratio": null,
            "debt_ratio": null,
            "inventory_turnover_ratio": null,
            "account_receivable_turnover_ratio": null,
            "reinvestment_rate": null,
            "research_to_sale_ratio": null,
            "price_fair": 0,
            "eps_avg_yearly": 0,
            "eps_latest_yearly": 0,
            "eps_growth_yearly": 0
        },
        "20093": {
            "year_quarter": 20093,
            "year": 2009,
            "quarter": 3,
            "eps": null,
            "eps_growth_year": null,
            "eps_4q": null,
            "eps_4q_growth_year": null,
            "roe": null,
            "roe_4q": 0,
            "gross_profit": 696796,
            "gross_margin": null,
            "gross_margin_4q_avg": 0,
            "net_income": 341663,
            "net_income_4q": null,
            "revenue": 2458395,
            "revenue_4q": null,
            "common_shares": 3168570,
            "book_valuer_per_share": null,
            "book_valuer_per_share_4q_avg": 0,
            "equity": 4694294,
            "current_ratio": null,
            "debt_ratio": null,
            "inventory_turnover_ratio": null,
            "account_receivable_turnover_ratio": null,
            "reinvestment_rate": null,
            "research_to_sale_ratio": null,
            "price_fair": 0,
            "eps_avg_yearly": 0,
            "eps_latest_yearly": 0,
            "eps_growth_yearly": 0
        },
        "20094": {
            "year_quarter": 20094,
            "year": 2009,
            "quarter": 4,
            "eps": null,
            "eps_growth_year": null,
            "eps_4q": null,
            "eps_4q_growth_year": null,
            "roe": null,
            "roe_4q": 0,
            "gross_profit": 341100,
            "gross_margin": null,
            "gross_margin_4q_avg": 0,
            "net_income": 73241,
            "net_income_4q": null,
            "revenue": 1722484,
            "revenue_4q": null,
            "common_shares": 3168570,
            "book_valuer_per_share": 16.97,
            "book_valuer_per_share_4q_avg": 4.24,
            "equity": 4980818,
            "current_ratio": 714.29,
            "debt_ratio": 70.08,
            "inventory_turnover_ratio": null,
            "account_receivable_turnover_ratio": null,
            "reinvestment_rate": null,
            "research_to_sale_ratio": null,
            "price_fair": 0,
            "eps_avg_yearly": 0,
            "eps_latest_yearly": 0,
            "eps_growth_yearly": 0
        },
        "20101": {
            "year_quarter": 20101,
            "year": 2010,
            "quarter": 1,
            "eps": 0.58,
            "eps_growth_year": null,
            "eps_4q": 0.58,
            "eps_4q_growth_year": null,
            "roe": 3.38,
            "roe_4q": 3.38,
            "gross_profit": 383750,
            "gross_margin": 14.27,
            "gross_margin_4q_avg": 3.57,
            "net_income": 169867,
            "net_income_4q": null,
            "revenue": 2688493,
            "revenue_4q": null,
            "common_shares": 3168570,
            "book_valuer_per_share": 17.23,
            "book_valuer_per_share_4q_avg": 8.55,
            "equity": 5056577,
            "current_ratio": 767.06,
            "debt_ratio": 70.05,
            "inventory_turnover_ratio": null,
            "account_receivable_turnover_ratio": 17.35,
            "reinvestment_rate": null,
            "research_to_sale_ratio": null,
            "price_fair": 0,
            "eps_avg_yearly": 0,
            "eps_latest_yearly": 0,
            "eps_growth_yearly": 0
        },
        "20102": {
            "year_quarter": 20102,
            "year": 2010,
            "quarter": 2,
            "eps": 0.23,
            "eps_growth_year": null,
            "eps_4q": 0.73,
            "eps_4q_growth_year": null,
            "roe": 1.63,
            "roe_4q": 5.01,
            "gross_profit": 274639,
            "gross_margin": 12.85,
            "gross_margin_4q_avg": 6.78,
            "net_income": 79655,
            "net_income_4q": null,
            "revenue": 2136462,
            "revenue_4q": null,
            "common_shares": 3168570,
            "book_valuer_per_share": 16.1,
            "book_valuer_per_share_4q_avg": 12.58,
            "equity": 4724284,
            "current_ratio": 531.72,
            "debt_ratio": 72.23,
            "inventory_turnover_ratio": null,
            "account_receivable_turnover_ratio": 11.85,
            "reinvestment_rate": null,
            "research_to_sale_ratio": null,
            "price_fair": 2.76,
            "eps_avg_yearly": 0.92,
            "eps_latest_yearly": 0.92,
            "eps_growth_yearly": -241.38
        },
        "20103": {
            "year_quarter": 20103,
            "year": 2010,
            "quarter": 3,
            "eps": 0.52,
            "eps_growth_year": null,
            "eps_4q": 1.25,
            "eps_4q_growth_year": null,
            "roe": 3.59,
            "roe_4q": 8.6,
            "gross_profit": 413425,
            "gross_margin": 19.16,
            "gross_margin_4q_avg": 11.57,
            "net_income": 176120,
            "net_income_4q": null,
            "revenue": 2157879,
            "revenue_4q": null,
            "common_shares": 3638164,
            "book_valuer_per_share": 14.98,
            "book_valuer_per_share_4q_avg": 16.32,
            "equity": 5098605,
            "current_ratio": 686.76,
            "debt_ratio": 70.37,
            "inventory_turnover_ratio": null,
            "account_receivable_turnover_ratio": 14.42,
            "reinvestment_rate": null,
            "research_to_sale_ratio": null,
            "price_fair": 52.5,
            "eps_avg_yearly": 1.5,
            "eps_latest_yearly": 2.08,
            "eps_growth_yearly": 131.48
        },
        "20104": {
            "year_quarter": 20104,
            "year": 2010,
            "quarter": 4,
            "eps": 1.41,
            "eps_growth_year": null,
            "eps_4q": 2.58,
            "eps_4q_growth_year": null,
            "roe": 8.83,
            "roe_4q": 17.43,
            "gross_profit": 798092,
            "gross_margin": 35.28,
            "gross_margin_4q_avg": 20.39,
            "net_income": 513162,
            "net_income_4q": null,
            "revenue": 2261998,
            "revenue_4q": null,
            "common_shares": 3638164,
            "book_valuer_per_share": 17.93,
            "book_valuer_per_share_4q_avg": 16.56,
            "equity": 6522345,
            "current_ratio": 972.64,
            "debt_ratio": 64.32,
            "inventory_turnover_ratio": null,
            "account_receivable_turnover_ratio": 18.46,
            "reinvestment_rate": null,
            "research_to_sale_ratio": null,
            "price_fair": 100.8,
            "eps_avg_yearly": 2.88,
            "eps_latest_yearly": 5.64,
            "eps_growth_yearly": 315.86
        },
        "20111": {
            "year_quarter": 20111,
            "year": 2011,
            "quarter": 1,
            "eps": 0.65,
            "eps_growth_year": 12.07,
            "eps_4q": 2.78,
            "eps_4q_growth_year": 379.56,
            "roe": 3.64,
            "roe_4q": 17.69,
            "gross_profit": null,
            "gross_margin": null,
            "gross_margin_4q_avg": 16.82,
            "net_income": 240848,
            "net_income_4q": null,
            "revenue": 988966,
            "revenue_4q": null,
            "common_shares": 3638164,
            "book_valuer_per_share": 18.48,
            "book_valuer_per_share_4q_avg": 16.87,
            "equity": 6725114,
            "current_ratio": null,
            "debt_ratio": 65.01,
            "inventory_turnover_ratio": null,
            "account_receivable_turnover_ratio": 7.72,
            "reinvestment_rate": null,
            "research_to_sale_ratio": null,
            "price_fair": 98.35,
            "eps_avg_yearly": 2.81,
            "eps_latest_yearly": 2.6,
            "eps_growth_yearly": 183
        },
        "20112": {
            "year_quarter": 20112,
            "year": 2011,
            "quarter": 2,
            "eps": 0.31,
            "eps_growth_year": 33.96,
            "eps_4q": 2.87,
            "eps_4q_growth_year": 291.59,
            "roe": 1.8,
            "roe_4q": 17.86,
            "gross_profit": null,
            "gross_margin": null,
            "gross_margin_4q_avg": 13.61,
            "net_income": 114027,
            "net_income_4q": null,
            "revenue": 896083,
            "revenue_4q": null,
            "common_shares": 3638164,
            "book_valuer_per_share": 16.37,
            "book_valuer_per_share_4q_avg": 16.94,
            "equity": 5957399,
            "current_ratio": null,
            "debt_ratio": 70.76,
            "inventory_turnover_ratio": null,
            "account_receivable_turnover_ratio": 6.58,
            "reinvestment_rate": null,
            "research_to_sale_ratio": null,
            "price_fair": 87.36,
            "eps_avg_yearly": 2.5,
            "eps_latest_yearly": 1.24,
            "eps_growth_yearly": 104.55
        },
        "20113": {
            "year_quarter": 20113,
            "year": 2011,
            "quarter": 3,
            "eps": 0.06,
            "eps_growth_year": -88.87,
            "eps_4q": 2.44,
            "eps_4q_growth_year": 95.45,
            "roe": 0.35,
            "roe_4q": 14.620000000000001,
            "gross_profit": null,
            "gross_margin": null,
            "gross_margin_4q_avg": 8.82,
            "net_income": 20955,
            "net_income_4q": null,
            "revenue": 783199,
            "revenue_4q": null,
            "common_shares": 3638164,
            "book_valuer_per_share": 16.16,
            "book_valuer_per_share_4q_avg": 17.24,
            "equity": 5877913,
            "current_ratio": null,
            "debt_ratio": 63.13,
            "inventory_turnover_ratio": null,
            "account_receivable_turnover_ratio": 5.42,
            "reinvestment_rate": null,
            "research_to_sale_ratio": null,
            "price_fair": 74.2,
            "eps_avg_yearly": 2.12,
            "eps_latest_yearly": 0.24,
            "eps_growth_yearly": 33.36
        },
        "20114": {
            "year_quarter": 20114,
            "year": 2011,
            "quarter": 4,
            "eps": 0.16,
            "eps_growth_year": -88.88,
            "eps_4q": 1.19,
            "eps_4q_growth_year": -53.89,
            "roe": 0.98,
            "roe_4q": 6.77,
            "gross_profit": null,
            "gross_margin": null,
            "gross_margin_4q_avg": 0,
            "net_income": 57057,
            "net_income_4q": null,
            "revenue": 737633,
            "revenue_4q": null,
            "common_shares": 3638164,
            "book_valuer_per_share": 15.81,
            "book_valuer_per_share_4q_avg": 16.71,
            "equity": 5751629,
            "current_ratio": null,
            "debt_ratio": 62.05,
            "inventory_turnover_ratio": null,
            "account_receivable_turnover_ratio": 5.42,
            "reinvestment_rate": null,
            "research_to_sale_ratio": null,
            "price_fair": 66.8,
            "eps_avg_yearly": 1.91,
            "eps_latest_yearly": 0.64,
            "eps_growth_yearly": 123.83
        },
        "20121": {
            "year_quarter": 20121,
            "year": 2012,
            "quarter": 1,
            "eps": 0.69,
            "eps_growth_year": 6.15,
            "eps_4q": 1.22,
            "eps_4q_growth_year": -56.12,
            "roe": 4.21,
            "roe_4q": 7.339999999999999,
            "gross_profit": null,
            "gross_margin": null,
            "gross_margin_4q_avg": 0,
            "net_income": 251094,
            "net_income_4q": null,
            "revenue": 251094,
            "revenue_4q": null,
            "common_shares": 3638164,
            "book_valuer_per_share": 16.95,
            "book_valuer_per_share_4q_avg": 16.32,
            "equity": 6167697,
            "current_ratio": null,
            "debt_ratio": 62.17,
            "inventory_turnover_ratio": null,
            "account_receivable_turnover_ratio": 1.93,
            "reinvestment_rate": null,
            "research_to_sale_ratio": null,
            "price_fair": 70.53,
            "eps_avg_yearly": 2.02,
            "eps_latest_yearly": 2.76,
            "eps_growth_yearly": 273.98
        },
        "20122": {
            "year_quarter": 20122,
            "year": 2012,
            "quarter": 2,
            "eps": 0.32,
            "eps_growth_year": 0.61,
            "eps_4q": 1.22,
            "eps_4q_growth_year": -57.49,
            "roe": 1.92,
            "roe_4q": 7.459999999999999,
            "gross_profit": null,
            "gross_margin": null,
            "gross_margin_4q_avg": 0,
            "net_income": 114721,
            "net_income_4q": null,
            "revenue": 114721,
            "revenue_4q": null,
            "common_shares": 3638164,
            "book_valuer_per_share": 15.88,
            "book_valuer_per_share_4q_avg": 16.2,
            "equity": 5776049,
            "current_ratio": null,
            "debt_ratio": 64.91,
            "inventory_turnover_ratio": null,
            "account_receivable_turnover_ratio": 0.86,
            "reinvestment_rate": null,
            "research_to_sale_ratio": null,
            "price_fair": 67.67,
            "eps_avg_yearly": 1.93,
            "eps_latest_yearly": 1.28,
            "eps_growth_yearly": 219.7
        },
        "20123": {
            "year_quarter": 20123,
            "year": 2012,
            "quarter": 3,
            "eps": 0.75,
            "eps_growth_year": 1200.94,
            "eps_4q": 1.91,
            "eps_4q_growth_year": -21.77,
            "roe": 4.63,
            "roe_4q": 11.74,
            "gross_profit": null,
            "gross_margin": null,
            "gross_margin_4q_avg": 0,
            "net_income": 272614,
            "net_income_4q": null,
            "revenue": 272614,
            "revenue_4q": null,
            "common_shares": 3638164,
            "book_valuer_per_share": 16.51,
            "book_valuer_per_share_4q_avg": 16.29,
            "equity": 6004940,
            "current_ratio": null,
            "debt_ratio": 63.2,
            "inventory_turnover_ratio": null,
            "account_receivable_turnover_ratio": 1.96,
            "reinvestment_rate": null,
            "research_to_sale_ratio": null,
            "price_fair": 71.4,
            "eps_avg_yearly": 2.04,
            "eps_latest_yearly": 3,
            "eps_growth_yearly": 251.48
        },
        "20124": {
            "year_quarter": 20124,
            "year": 2012,
            "quarter": 4,
            "eps": 0.28,
            "eps_growth_year": 75.64,
            "eps_4q": 2.03,
            "eps_4q_growth_year": 70.63,
            "roe": 1.64,
            "roe_4q": 12.399999999999999,
            "gross_profit": null,
            "gross_margin": null,
            "gross_margin_4q_avg": 0,
            "net_income": 100212,
            "net_income_4q": null,
            "revenue": 100212,
            "revenue_4q": null,
            "common_shares": 3638164,
            "book_valuer_per_share": 17,
            "book_valuer_per_share_4q_avg": 16.59,
            "equity": 6184565,
            "current_ratio": null,
            "debt_ratio": 61.36,
            "inventory_turnover_ratio": null,
            "account_receivable_turnover_ratio": 0.7,
            "reinvestment_rate": 0.48,
            "research_to_sale_ratio": null,
            "price_fair": 68.47,
            "eps_avg_yearly": 1.96,
            "eps_latest_yearly": 1.12,
            "eps_growth_yearly": 205.83
        },
        "20131": {
            "year_quarter": 20131,
            "year": 2013,
            "quarter": 1,
            "eps": 0.49,
            "eps_growth_year": -28.99,
            "eps_4q": 1.83,
            "eps_4q_growth_year": 50.59,
            "roe": 2.83,
            "roe_4q": 11.02,
            "gross_profit": null,
            "gross_margin": null,
            "gross_margin_4q_avg": 0,
            "net_income": 179760,
            "net_income_4q": null,
            "revenue": 996942,
            "revenue_4q": null,
            "common_shares": 3638164,
            "book_valuer_per_share": 17.93,
            "book_valuer_per_share_4q_avg": 16.83,
            "equity": 6524178,
            "current_ratio": null,
            "debt_ratio": 60.5,
            "inventory_turnover_ratio": null,
            "account_receivable_turnover_ratio": 7.35,
            "reinvestment_rate": 0.56,
            "research_to_sale_ratio": null,
            "price_fair": 68.48,
            "eps_avg_yearly": 1.96,
            "eps_latest_yearly": 1.96,
            "eps_growth_yearly": 213.68
        },
        "20132": {
            "year_quarter": 20132,
            "year": 2013,
            "quarter": 2,
            "eps": 0.47,
            "eps_growth_year": 49.05,
            "eps_4q": 1.99,
            "eps_4q_growth_year": 63.02,
            "roe": 2.65,
            "roe_4q": 11.75,
            "gross_profit": null,
            "gross_margin": null,
            "gross_margin_4q_avg": 0,
            "net_income": 170950,
            "net_income_4q": null,
            "revenue": 927653,
            "revenue_4q": null,
            "common_shares": 3638164,
            "book_valuer_per_share": 17.57,
            "book_valuer_per_share_4q_avg": 17.25,
            "equity": 6392607,
            "current_ratio": null,
            "debt_ratio": 61.66,
            "inventory_turnover_ratio": null,
            "account_receivable_turnover_ratio": 7.15,
            "reinvestment_rate": 0.49,
            "research_to_sale_ratio": null,
            "price_fair": 68.28,
            "eps_avg_yearly": 1.95,
            "eps_latest_yearly": 1.88,
            "eps_growth_yearly": 195.99
        },
        "20133": {
            "year_quarter": 20133,
            "year": 2013,
            "quarter": 3,
            "eps": 0.73,
            "eps_growth_year": -2.58,
            "eps_4q": 1.97,
            "eps_4q_growth_year": 3.28,
            "roe": 4.08,
            "roe_4q": 11.200000000000001,
            "gross_profit": null,
            "gross_margin": null,
            "gross_margin_4q_avg": 0,
            "net_income": 267396,
            "net_income_4q": null,
            "revenue": 1083185,
            "revenue_4q": null,
            "common_shares": 3638164,
            "book_valuer_per_share": 18.48,
            "book_valuer_per_share_4q_avg": 17.75,
            "equity": 6724469,
            "current_ratio": null,
            "debt_ratio": 58.95,
            "inventory_turnover_ratio": null,
            "account_receivable_turnover_ratio": 8.66,
            "reinvestment_rate": 0.47,
            "research_to_sale_ratio": null,
            "price_fair": 70.7,
            "eps_avg_yearly": 2.02,
            "eps_latest_yearly": 2.92,
            "eps_growth_yearly": 197.79
        },
        "20134": {
            "year_quarter": 20134,
            "year": 2013,
            "quarter": 4,
            "eps": 0.56,
            "eps_growth_year": 102.3,
            "eps_4q": 2.26,
            "eps_4q_growth_year": 11.13,
            "roe": 2.95,
            "roe_4q": 12.51,
            "gross_profit": null,
            "gross_margin": null,
            "gross_margin_4q_avg": 0,
            "net_income": 202729,
            "net_income_4q": null,
            "revenue": 1010437,
            "revenue_4q": null,
            "common_shares": 3638164,
            "book_valuer_per_share": 19.25,
            "book_valuer_per_share_4q_avg": 18.31,
            "equity": 7001923,
            "current_ratio": null,
            "debt_ratio": 57.79,
            "inventory_turnover_ratio": null,
            "account_receivable_turnover_ratio": 8.67,
            "reinvestment_rate": -69.26,
            "research_to_sale_ratio": null,
            "price_fair": 71.21,
            "eps_avg_yearly": 2.03,
            "eps_latest_yearly": 2.24,
            "eps_growth_yearly": 178.4
        },
        "20141": {
            "year_quarter": 20141,
            "year": 2014,
            "quarter": 1,
            "eps": 0.58,
            "eps_growth_year": 18.37,
            "eps_4q": 2.35,
            "eps_4q_growth_year": 27.87,
            "roe": 3,
            "roe_4q": 12.680000000000001,
            "gross_profit": null,
            "gross_margin": null,
            "gross_margin_4q_avg": 0,
            "net_income": 212210,
            "net_income_4q": null,
            "revenue": 1020945,
            "revenue_4q": null,
            "common_shares": 3638164,
            "book_valuer_per_share": 19.65,
            "book_valuer_per_share_4q_avg": 18.74,
            "equity": 7148029,
            "current_ratio": null,
            "debt_ratio": 57.71,
            "inventory_turnover_ratio": null,
            "account_receivable_turnover_ratio": 8.91,
            "reinvestment_rate": -68.29,
            "research_to_sale_ratio": null,
            "price_fair": 71.84,
            "eps_avg_yearly": 2.05,
            "eps_latest_yearly": 2.32,
            "eps_growth_yearly": 168.14
        },
        "20142": {
            "year_quarter": 20142,
            "year": 2014,
            "quarter": 2,
            "eps": 0.32,
            "eps_growth_year": -31.91,
            "eps_4q": 2.2,
            "eps_4q_growth_year": 10.39,
            "roe": 1.65,
            "roe_4q": 11.68,
            "gross_profit": null,
            "gross_margin": null,
            "gross_margin_4q_avg": 0,
            "net_income": 116385,
            "net_income_4q": null,
            "revenue": 999158,
            "revenue_4q": null,
            "common_shares": 3638164,
            "book_valuer_per_share": 19.06,
            "book_valuer_per_share_4q_avg": 19.11,
            "equity": 6932721,
            "current_ratio": null,
            "debt_ratio": 59.8,
            "inventory_turnover_ratio": null,
            "account_receivable_turnover_ratio": 7.94,
            "reinvestment_rate": -57.62,
            "research_to_sale_ratio": null,
            "price_fair": 72.63,
            "eps_avg_yearly": 2.08,
            "eps_latest_yearly": 1.28,
            "eps_growth_yearly": 172.02
        },
        "20143": {
            "year_quarter": 20143,
            "year": 2014,
            "quarter": 3,
            "eps": 0.4,
            "eps_growth_year": -45.21,
            "eps_4q": 1.86,
            "eps_4q_growth_year": -5.67,
            "roe": 2.09,
            "roe_4q": 9.690000000000001,
            "gross_profit": null,
            "gross_margin": null,
            "gross_margin_4q_avg": 0,
            "net_income": 146282,
            "net_income_4q": null,
            "revenue": 1037318,
            "revenue_4q": null,
            "common_shares": 3638164,
            "book_valuer_per_share": 19.44,
            "book_valuer_per_share_4q_avg": 19.35,
            "equity": 7071698,
            "current_ratio": null,
            "debt_ratio": 57.79,
            "inventory_turnover_ratio": null,
            "account_receivable_turnover_ratio": 8.16,
            "reinvestment_rate": -59.81,
            "research_to_sale_ratio": null,
            "price_fair": 71.58,
            "eps_avg_yearly": 2.05,
            "eps_latest_yearly": 1.6,
            "eps_growth_yearly": 146.75
        },
        "20144": {
            "year_quarter": 20144,
            "year": 2014,
            "quarter": 4,
            "eps": 0.5,
            "eps_growth_year": -9.66,
            "eps_4q": 1.81,
            "eps_4q_growth_year": -19.83,
            "roe": 2.56,
            "roe_4q": 9.3,
            "gross_profit": null,
            "gross_margin": null,
            "gross_margin_4q_avg": 0,
            "net_income": 183150,
            "net_income_4q": null,
            "revenue": 1075792,
            "revenue_4q": null,
            "common_shares": 3638164,
            "book_valuer_per_share": 19.89,
            "book_valuer_per_share_4q_avg": 19.51,
            "equity": 7237669,
            "current_ratio": null,
            "debt_ratio": 57.08,
            "inventory_turnover_ratio": null,
            "account_receivable_turnover_ratio": 9.21,
            "reinvestment_rate": -92.04,
            "research_to_sale_ratio": null,
            "price_fair": 63.61,
            "eps_avg_yearly": 1.82,
            "eps_latest_yearly": 2,
            "eps_growth_yearly": 110.21
        },
        "20151": {
            "year_quarter": 20151,
            "year": 2015,
            "quarter": 1,
            "eps": 0.64,
            "eps_growth_year": 10.34,
            "eps_4q": 1.87,
            "eps_4q_growth_year": -20.3,
            "roe": 3.17,
            "roe_4q": 9.47,
            "gross_profit": null,
            "gross_margin": null,
            "gross_margin_4q_avg": 0,
            "net_income": 234224,
            "net_income_4q": null,
            "revenue": 1139629,
            "revenue_4q": null,
            "common_shares": 3638164,
            "book_valuer_per_share": 20.71,
            "book_valuer_per_share_4q_avg": 19.78,
            "equity": 7532924,
            "current_ratio": null,
            "debt_ratio": 58.21,
            "inventory_turnover_ratio": null,
            "account_receivable_turnover_ratio": 10.25,
            "reinvestment_rate": -3.87,
            "research_to_sale_ratio": null,
            "price_fair": 63.53,
            "eps_avg_yearly": 1.82,
            "eps_latest_yearly": 2.56,
            "eps_growth_yearly": 130.69
        },
        "20152": {
            "year_quarter": 20152,
            "year": 2015,
            "quarter": 2,
            "eps": 1.51,
            "eps_growth_year": 371.88,
            "eps_4q": 3.05,
            "eps_4q_growth_year": 39.14,
            "roe": 7.19,
            "roe_4q": 15.01,
            "gross_profit": null,
            "gross_margin": null,
            "gross_margin_4q_avg": 0,
            "net_income": 547648,
            "net_income_4q": null,
            "revenue": 1519459,
            "revenue_4q": null,
            "common_shares": 3638164,
            "book_valuer_per_share": 21.18,
            "book_valuer_per_share_4q_avg": 20.31,
            "equity": 7707119,
            "current_ratio": null,
            "debt_ratio": 57.04,
            "inventory_turnover_ratio": null,
            "account_receivable_turnover_ratio": 13.07,
            "reinvestment_rate": -1.68,
            "research_to_sale_ratio": null,
            "price_fair": 74.03,
            "eps_avg_yearly": 2.12,
            "eps_latest_yearly": 6.04,
            "eps_growth_yearly": 177.75
        },
        "20153": {
            "year_quarter": 20153,
            "year": 2015,
            "quarter": 3,
            "eps": 0.41,
            "eps_growth_year": 2.5,
            "eps_4q": 3.07,
            "eps_4q_growth_year": 64.88,
            "roe": 1.93,
            "roe_4q": 14.850000000000001,
            "gross_profit": null,
            "gross_margin": null,
            "gross_margin_4q_avg": 0,
            "net_income": 148011,
            "net_income_4q": null,
            "revenue": 1129671,
            "revenue_4q": null,
            "common_shares": 3638164,
            "book_valuer_per_share": 21.01,
            "book_valuer_per_share_4q_avg": 20.7,
            "equity": 7614505,
            "current_ratio": null,
            "debt_ratio": 54.86,
            "inventory_turnover_ratio": null,
            "account_receivable_turnover_ratio": 8.25,
            "reinvestment_rate": -1.47,
            "research_to_sale_ratio": null,
            "price_fair": 77.09,
            "eps_avg_yearly": 2.2,
            "eps_latest_yearly": 1.64,
            "eps_growth_yearly": 179.7
        },
        "20154": {
            "year_quarter": 20154,
            "year": 2015,
            "quarter": 4,
            "eps": 0.45,
            "eps_growth_year": -11.09,
            "eps_4q": 3.01,
            "eps_4q_growth_year": 66.69,
            "roe": 2.12,
            "roe_4q": 14.41,
            "gross_profit": null,
            "gross_margin": null,
            "gross_margin_4q_avg": 0,
            "net_income": 162123,
            "net_income_4q": null,
            "revenue": 1136993,
            "revenue_4q": null,
            "common_shares": 3622004,
            "book_valuer_per_share": 21.3,
            "book_valuer_per_share_4q_avg": 21.05,
            "equity": 7715796,
            "current_ratio": null,
            "debt_ratio": 54.87,
            "inventory_turnover_ratio": null,
            "account_receivable_turnover_ratio": 7.74,
            "reinvestment_rate": -1.29,
            "research_to_sale_ratio": null,
            "price_fair": 79.63,
            "eps_avg_yearly": 2.28,
            "eps_latest_yearly": 1.8,
            "eps_growth_yearly": 140.47
        },
        "20161": {
            "year_quarter": 20161,
            "year": 2016,
            "quarter": 1,
            "eps": 0.33,
            "eps_growth_year": -48.44,
            "eps_4q": 2.7,
            "eps_4q_growth_year": 44.48,
            "roe": 1.54,
            "roe_4q": 12.780000000000001,
            "gross_profit": null,
            "gross_margin": null,
            "gross_margin_4q_avg": 0,
            "net_income": 120397,
            "net_income_4q": null,
            "revenue": 1110553,
            "revenue_4q": null,
            "common_shares": 3622004,
            "book_valuer_per_share": 21.78,
            "book_valuer_per_share_4q_avg": 21.32,
            "equity": 7887383,
            "current_ratio": null,
            "debt_ratio": 55.45,
            "inventory_turnover_ratio": null,
            "account_receivable_turnover_ratio": 7.85,
            "reinvestment_rate": -1.31,
            "research_to_sale_ratio": null,
            "price_fair": 76.48,
            "eps_avg_yearly": 2.19,
            "eps_latest_yearly": 1.32,
            "eps_growth_yearly": 50.99
        },
        "20162": {
            "year_quarter": 20162,
            "year": 2016,
            "quarter": 2,
            "eps": 0.17,
            "eps_growth_year": -88.74,
            "eps_4q": 1.36,
            "eps_4q_growth_year": -55.55,
            "roe": 0.8,
            "roe_4q": 6.39,
            "gross_profit": null,
            "gross_margin": null,
            "gross_margin_4q_avg": 0,
            "net_income": 61225,
            "net_income_4q": null,
            "revenue": 1087310,
            "revenue_4q": null,
            "common_shares": 3622004,
            "book_valuer_per_share": 20.55,
            "book_valuer_per_share_4q_avg": 21.16,
            "equity": 7444754,
            "current_ratio": null,
            "debt_ratio": 58.59,
            "inventory_turnover_ratio": null,
            "account_receivable_turnover_ratio": 7.36,
            "reinvestment_rate": -1.32,
            "research_to_sale_ratio": null,
            "price_fair": 75.16,
            "eps_avg_yearly": 2.15,
            "eps_latest_yearly": 0.68,
            "eps_growth_yearly": 52.27
        },
        "20163": {
            "year_quarter": 20163,
            "year": 2016,
            "quarter": 3,
            "eps": 0.57,
            "eps_growth_year": 39.02,
            "eps_4q": 1.52,
            "eps_4q_growth_year": -50.47,
            "roe": 2.74,
            "roe_4q": 7.2,
            "gross_profit": null,
            "gross_margin": null,
            "gross_margin_4q_avg": 0,
            "net_income": 207110,
            "net_income_4q": null,
            "revenue": 1223588,
            "revenue_4q": null,
            "common_shares": 3622004,
            "book_valuer_per_share": 21.21,
            "book_valuer_per_share_4q_avg": 21.21,
            "equity": 7681751,
            "current_ratio": null,
            "debt_ratio": 55.5,
            "inventory_turnover_ratio": null,
            "account_receivable_turnover_ratio": 8.71,
            "reinvestment_rate": -1.04,
            "research_to_sale_ratio": null,
            "price_fair": 73.59,
            "eps_avg_yearly": 2.1,
            "eps_latest_yearly": 2.28,
            "eps_growth_yearly": 77.5
        },
        "20164": {
            "year_quarter": 20164,
            "year": 2016,
            "quarter": 4,
            "eps": 0.28,
            "eps_growth_year": -37.46,
            "eps_4q": 1.35,
            "eps_4q_growth_year": -55.12,
            "roe": 1.31,
            "roe_4q": 6.390000000000001,
            "gross_profit": null,
            "gross_margin": null,
            "gross_margin_4q_avg": 0,
            "net_income": 101398,
            "net_income_4q": null,
            "revenue": 1147487,
            "revenue_4q": null,
            "common_shares": 3622004,
            "book_valuer_per_share": 21.68,
            "book_valuer_per_share_4q_avg": 21.31,
            "equity": 7851888,
            "current_ratio": null,
            "debt_ratio": 55.51,
            "inventory_turnover_ratio": null,
            "account_receivable_turnover_ratio": 8.67,
            "reinvestment_rate": 5.43,
            "research_to_sale_ratio": null,
            "price_fair": 73.59,
            "eps_avg_yearly": 2.1,
            "eps_latest_yearly": 1.12,
            "eps_growth_yearly": 80.45
        },
        "20171": {
            "year_quarter": 20171,
            "year": 2017,
            "quarter": 1,
            "eps": 0.58,
            "eps_growth_year": 75.76,
            "eps_4q": 1.61,
            "eps_4q_growth_year": -40.56,
            "roe": 2.64,
            "roe_4q": 7.49,
            "gross_profit": null,
            "gross_margin": null,
            "gross_margin_4q_avg": 0,
            "net_income": 211738,
            "net_income_4q": null,
            "revenue": 1231158,
            "revenue_4q": null,
            "common_shares": 3622004,
            "book_valuer_per_share": 22.63,
            "book_valuer_per_share_4q_avg": 21.52,
            "equity": 8196526,
            "current_ratio": null,
            "debt_ratio": 54.97,
            "inventory_turnover_ratio": null,
            "account_receivable_turnover_ratio": 9.27,
            "reinvestment_rate": 5.36,
            "research_to_sale_ratio": null,
            "price_fair": 74.38,
            "eps_avg_yearly": 2.13,
            "eps_latest_yearly": 2.32,
            "eps_growth_yearly": 88.49
        },
        "20172": {
            "year_quarter": 20172,
            "year": 2017,
            "quarter": 2,
            "eps": 0.63,
            "eps_growth_year": 270.59,
            "eps_4q": 2.07,
            "eps_4q_growth_year": 52.27,
            "roe": 2.79,
            "roe_4q": 9.48,
            "gross_profit": null,
            "gross_margin": null,
            "gross_margin_4q_avg": 0,
            "net_income": 228555,
            "net_income_4q": null,
            "revenue": 1269733,
            "revenue_4q": null,
            "common_shares": 3622004,
            "book_valuer_per_share": 22.57,
            "book_valuer_per_share_4q_avg": 22.02,
            "equity": 8174838,
            "current_ratio": null,
            "debt_ratio": 55.5,
            "inventory_turnover_ratio": null,
            "account_receivable_turnover_ratio": 9.52,
            "reinvestment_rate": 4.88,
            "research_to_sale_ratio": null,
            "price_fair": 75.78,
            "eps_avg_yearly": 2.17,
            "eps_latest_yearly": 2.52,
            "eps_growth_yearly": 91.66
        },
        "20173": {
            "year_quarter": 20173,
            "year": 2017,
            "quarter": 3,
            "eps": 0.78,
            "eps_growth_year": 36.84,
            "eps_4q": 2.27,
            "eps_4q_growth_year": 49.49,
            "roe": 3.4,
            "roe_4q": 10.14,
            "gross_profit": null,
            "gross_margin": null,
            "gross_margin_4q_avg": 0,
            "net_income": 281782,
            "net_income_4q": null,
            "revenue": 1341552,
            "revenue_4q": null,
            "common_shares": 3622004,
            "book_valuer_per_share": 23.24,
            "book_valuer_per_share_4q_avg": 22.53,
            "equity": 8417749,
            "current_ratio": null,
            "debt_ratio": 53.16,
            "inventory_turnover_ratio": null,
            "account_receivable_turnover_ratio": 10.36,
            "reinvestment_rate": 5.07,
            "research_to_sale_ratio": null,
            "price_fair": 76.21,
            "eps_avg_yearly": 2.18,
            "eps_latest_yearly": 3.12,
            "eps_growth_yearly": 83.79
        },
        "20174": {
            "year_quarter": 20174,
            "year": 2017,
            "quarter": 4,
            "eps": 0.36,
            "eps_growth_year": 27.84,
            "eps_4q": 2.35,
            "eps_4q_growth_year": 73.77,
            "roe": 1.53,
            "roe_4q": 10.36,
            "gross_profit": null,
            "gross_margin": null,
            "gross_margin_4q_avg": 0,
            "net_income": 129626,
            "net_income_4q": null,
            "revenue": 1215725,
            "revenue_4q": null,
            "common_shares": 3622004,
            "book_valuer_per_share": 23.51,
            "book_valuer_per_share_4q_avg": 22.99,
            "equity": 8515922,
            "current_ratio": null,
            "debt_ratio": 52.61,
            "inventory_turnover_ratio": null,
            "account_receivable_turnover_ratio": 9.45,
            "reinvestment_rate": 6.29,
            "research_to_sale_ratio": null,
            "price_fair": 74.46,
            "eps_avg_yearly": 2.13,
            "eps_latest_yearly": 1.44,
            "eps_growth_yearly": 76.15
        },
        "20181": {
            "year_quarter": 20181,
            "year": 2018,
            "quarter": 1,
            "eps": 0.53,
            "eps_growth_year": -8.62,
            "eps_4q": 2.29,
            "eps_4q_growth_year": 42.78,
            "roe": 2.21,
            "roe_4q": 9.93,
            "gross_profit": null,
            "gross_margin": null,
            "gross_margin_4q_avg": 0,
            "net_income": 190284,
            "net_income_4q": null,
            "revenue": 1229329,
            "revenue_4q": null,
            "common_shares": 3622004,
            "book_valuer_per_share": 23.97,
            "book_valuer_per_share_4q_avg": 23.32,
            "equity": 8681379,
            "current_ratio": null,
            "debt_ratio": 52.47,
            "inventory_turnover_ratio": null,
            "account_receivable_turnover_ratio": 8.99,
            "reinvestment_rate": 6.15,
            "research_to_sale_ratio": null,
            "price_fair": 74.03,
            "eps_avg_yearly": 2.12,
            "eps_latest_yearly": 2.12,
            "eps_growth_yearly": 87.06
        },
        "20182": {
            "year_quarter": 20182,
            "year": 2018,
            "quarter": 2,
            "eps": 0.49,
            "eps_growth_year": -22.22,
            "eps_4q": 2.15,
            "eps_4q_growth_year": 4.04,
            "roe": 2.08,
            "roe_4q": 9.22,
            "gross_profit": null,
            "gross_margin": null,
            "gross_margin_4q_avg": 0,
            "net_income": 177397,
            "net_income_4q": null,
            "revenue": 1273115,
            "revenue_4q": null,
            "common_shares": 3622004,
            "book_valuer_per_share": 23.05,
            "book_valuer_per_share_4q_avg": 23.44,
            "equity": 8347840,
            "current_ratio": null,
            "debt_ratio": 54.67,
            "inventory_turnover_ratio": null,
            "account_receivable_turnover_ratio": 9.3,
            "reinvestment_rate": 6.82,
            "research_to_sale_ratio": null,
            "price_fair": 75.51,
            "eps_avg_yearly": 2.16,
            "eps_latest_yearly": 1.96,
            "eps_growth_yearly": 96.38
        },
        "20183": {
            "year_quarter": 20183,
            "year": 2018,
            "quarter": 3,
            "eps": 0.46,
            "eps_growth_year": -41.03,
            "eps_4q": 1.84,
            "eps_4q_growth_year": -19.23,
            "roe": 1.99,
            "roe_4q": 7.8100000000000005,
            "gross_profit": null,
            "gross_margin": null,
            "gross_margin_4q_avg": 0,
            "net_income": 167799,
            "net_income_4q": null,
            "revenue": 1273903,
            "revenue_4q": null,
            "common_shares": 3622004,
            "book_valuer_per_share": 23.51,
            "book_valuer_per_share_4q_avg": 23.51,
            "equity": 8515390,
            "current_ratio": null,
            "debt_ratio": 53.04,
            "inventory_turnover_ratio": null,
            "account_receivable_turnover_ratio": 9.97,
            "reinvestment_rate": 6.83,
            "research_to_sale_ratio": null,
            "price_fair": 76.04,
            "eps_avg_yearly": 2.17,
            "eps_latest_yearly": 1.84,
            "eps_growth_yearly": 88.6
        },
        "20184": {
            "year_quarter": 20184,
            "year": 2018,
            "quarter": 4,
            "eps": 0.07,
            "eps_growth_year": -80.85,
            "eps_4q": 1.55,
            "eps_4q_growth_year": -34.21,
            "roe": 0.29,
            "roe_4q": 6.569999999999999,
            "gross_profit": null,
            "gross_margin": null,
            "gross_margin_4q_avg": 0,
            "net_income": 24819,
            "net_income_4q": null,
            "revenue": 1166327,
            "revenue_4q": null,
            "common_shares": 3622004,
            "book_valuer_per_share": 23.24,
            "book_valuer_per_share_4q_avg": 23.44,
            "equity": 8419057,
            "current_ratio": null,
            "debt_ratio": 53.17,
            "inventory_turnover_ratio": null,
            "account_receivable_turnover_ratio": 8.93,
            "reinvestment_rate": 6.61,
            "research_to_sale_ratio": null,
            "price_fair": 72.28,
            "eps_avg_yearly": 2.07,
            "eps_latest_yearly": 0.28,
            "eps_growth_yearly": 61.15
        },
        "20191": {
            "year_quarter": 20191,
            "year": 2019,
            "quarter": 1,
            "eps": 0.57,
            "eps_growth_year": 7.55,
            "eps_4q": 1.59,
            "eps_4q_growth_year": -30.6,
            "roe": 2.4,
            "roe_4q": 6.76,
            "gross_profit": null,
            "gross_margin": null,
            "gross_margin_4q_avg": 0,
            "net_income": 206176,
            "net_income_4q": null,
            "revenue": 1295436,
            "revenue_4q": null,
            "common_shares": 3622004,
            "book_valuer_per_share": 24.24,
            "book_valuer_per_share_4q_avg": 23.51,
            "equity": 8779698,
            "current_ratio": null,
            "debt_ratio": 52.63,
            "inventory_turnover_ratio": null,
            "account_receivable_turnover_ratio": 9.57,
            "reinvestment_rate": 6.91,
            "research_to_sale_ratio": null,
            "price_fair": 71.66,
            "eps_avg_yearly": 2.05,
            "eps_latest_yearly": 2.28,
            "eps_growth_yearly": 232.72
        },
        "20192": {
            "year_quarter": 20192,
            "year": 2019,
            "quarter": 2,
            "eps": 0.41,
            "eps_growth_year": -16.33,
            "eps_4q": 1.52,
            "eps_4q_growth_year": -29.52,
            "roe": 1.72,
            "roe_4q": 6.4,
            "gross_profit": null,
            "gross_margin": null,
            "gross_margin_4q_avg": 0,
            "net_income": 150273,
            "net_income_4q": null,
            "revenue": 1269851,
            "revenue_4q": null,
            "common_shares": 3622004,
            "book_valuer_per_share": 24.06,
            "book_valuer_per_share_4q_avg": 23.76,
            "equity": 8713267,
            "current_ratio": null,
            "debt_ratio": 53.35,
            "inventory_turnover_ratio": null,
            "account_receivable_turnover_ratio": 9.97,
            "reinvestment_rate": 7.85,
            "research_to_sale_ratio": null,
            "price_fair": 62.04,
            "eps_avg_yearly": 1.77,
            "eps_latest_yearly": 1.64,
            "eps_growth_yearly": 191.72
        },
        "20193": {
            "year_quarter": 20193,
            "year": 2019,
            "quarter": 3,
            "eps": 0.61,
            "eps_growth_year": 32.61,
            "eps_4q": 1.67,
            "eps_4q_growth_year": -9.29,
            "roe": 2.52,
            "roe_4q": 6.930000000000001,
            "gross_profit": null,
            "gross_margin": null,
            "gross_margin_4q_avg": 0,
            "net_income": 222052,
            "net_income_4q": null,
            "revenue": 1369927,
            "revenue_4q": null,
            "common_shares": 3622004,
            "book_valuer_per_share": 24.7,
            "book_valuer_per_share_4q_avg": 24.06,
            "equity": 8945252,
            "current_ratio": null,
            "debt_ratio": 51.66,
            "inventory_turnover_ratio": null,
            "account_receivable_turnover_ratio": 11.8,
            "reinvestment_rate": 7.13,
            "research_to_sale_ratio": null,
            "price_fair": 63.79,
            "eps_avg_yearly": 1.82,
            "eps_latest_yearly": 2.44,
            "eps_growth_yearly": 222.13
        },
        "20194": {
            "year_quarter": 20194,
            "year": 2019,
            "quarter": 4,
            "eps": 0.34,
            "eps_growth_year": 402.15,
            "eps_4q": 1.94,
            "eps_4q_growth_year": 25.49,
            "roe": 1.38,
            "roe_4q": 8.02,
            "gross_profit": null,
            "gross_margin": null,
            "gross_margin_4q_avg": 0,
            "net_income": 124628,
            "net_income_4q": null,
            "revenue": 1265678,
            "revenue_4q": null,
            "common_shares": 3622004,
            "book_valuer_per_share": 25.09,
            "book_valuer_per_share_4q_avg": 24.52,
            "equity": 9087874,
            "current_ratio": null,
            "debt_ratio": 51.88,
            "inventory_turnover_ratio": null,
            "account_receivable_turnover_ratio": 11.46,
            "reinvestment_rate": 8.18,
            "research_to_sale_ratio": null,
            "price_fair": 62.83,
            "eps_avg_yearly": 1.8,
            "eps_latest_yearly": 1.36,
            "eps_growth_yearly": 208.62
        },
        "20201": {
            "year_quarter": 20201,
            "year": 2020,
            "quarter": 1,
            "eps": 0.36,
            "eps_growth_year": -36.84,
            "eps_4q": 1.73,
            "eps_4q_growth_year": 8.87,
            "roe": 1.48,
            "roe_4q": 7.1,
            "gross_profit": null,
            "gross_margin": null,
            "gross_margin_4q_avg": 0,
            "net_income": 130320,
            "net_income_4q": null,
            "revenue": 1273590,
            "revenue_4q": null,
            "common_shares": 3622004,
            "book_valuer_per_share": 23.56,
            "book_valuer_per_share_4q_avg": 24.35,
            "equity": 8534003,
            "current_ratio": null,
            "debt_ratio": 54.67,
            "inventory_turnover_ratio": null,
            "account_receivable_turnover_ratio": 10.46,
            "reinvestment_rate": 9.09,
            "research_to_sale_ratio": null,
            "price_fair": 63.09,
            "eps_avg_yearly": 1.8,
            "eps_latest_yearly": 1.44,
            "eps_growth_yearly": 216.76
        },
        "20202": {
            "year_quarter": 20202,
            "year": 2020,
            "quarter": 2,
            "eps": 0.56,
            "eps_growth_year": 36.59,
            "eps_4q": 1.87,
            "eps_4q_growth_year": 23.55,
            "roe": 2.29,
            "roe_4q": 7.67,
            "gross_profit": null,
            "gross_margin": null,
            "gross_margin_4q_avg": 0,
            "net_income": 201353,
            "net_income_4q": null,
            "revenue": 1339305,
            "revenue_4q": null,
            "common_shares": 3622004,
            "book_valuer_per_share": 25.04,
            "book_valuer_per_share_4q_avg": 24.6,
            "equity": 9070338,
            "current_ratio": null,
            "debt_ratio": 53.55,
            "inventory_turnover_ratio": null,
            "account_receivable_turnover_ratio": 11.22,
            "reinvestment_rate": 7.68,
            "research_to_sale_ratio": null,
            "price_fair": 66.5,
            "eps_avg_yearly": 1.9,
            "eps_latest_yearly": 2.24,
            "eps_growth_yearly": 242.77
        },
        "20203": {
            "year_quarter": 20203,
            "year": 2020,
            "quarter": 3,
            "eps": 0.62,
            "eps_growth_year": 1.64,
            "eps_4q": 1.88,
            "eps_4q_growth_year": 12.66,
            "roe": 2.44,
            "roe_4q": 7.590000000000001,
            "gross_profit": null,
            "gross_margin": null,
            "gross_margin_4q_avg": 0,
            "net_income": 223397,
            "net_income_4q": null,
            "revenue": 1432693,
            "revenue_4q": null,
            "common_shares": 3622004,
            "book_valuer_per_share": 25.59,
            "book_valuer_per_share_4q_avg": 24.82,
            "equity": 9267131,
            "current_ratio": null,
            "debt_ratio": 51.26,
            "inventory_turnover_ratio": null,
            "account_receivable_turnover_ratio": 13.61,
            "reinvestment_rate": 7.54,
            "research_to_sale_ratio": null,
            "price_fair": 66.94,
            "eps_avg_yearly": 1.91,
            "eps_latest_yearly": 2.48,
            "eps_growth_yearly": 186.63
        },
        "20204": {
            "year_quarter": 20204,
            "year": 2020,
            "quarter": 4,
            "eps": 0.37,
            "eps_growth_year": 6.34,
            "eps_4q": 1.9,
            "eps_4q_growth_year": -2.21,
            "roe": 1.41,
            "roe_4q": 7.619999999999999,
            "gross_profit": null,
            "gross_margin": null,
            "gross_margin_4q_avg": 0,
            "net_income": 132525,
            "net_income_4q": null,
            "revenue": 1351098,
            "revenue_4q": null,
            "common_shares": 3622004,
            "book_valuer_per_share": 26.45,
            "book_valuer_per_share_4q_avg": 25.16,
            "equity": 9580533,
            "current_ratio": null,
            "debt_ratio": 51.07,
            "inventory_turnover_ratio": null,
            "account_receivable_turnover_ratio": 14.16,
            "reinvestment_rate": 1.08,
            "research_to_sale_ratio": null,
            "price_fair": 67.73,
            "eps_avg_yearly": 1.94,
            "eps_latest_yearly": 1.48,
            "eps_growth_yearly": 189.27
        },
        "20211": {
            "year_quarter": 20211,
            "year": 2021,
            "quarter": 1,
            "eps": -0.06,
            "eps_growth_year": -116.67,
            "eps_4q": 1.48,
            "eps_4q_growth_year": -14.53,
            "roe": -0.22,
            "roe_4q": 5.92,
            "gross_profit": null,
            "gross_margin": null,
            "gross_margin_4q_avg": 0,
            "net_income": -21160,
            "net_income_4q": null,
            "revenue": 1739788,
            "revenue_4q": null,
            "common_shares": 3622004,
            "book_valuer_per_share": 26.13,
            "book_valuer_per_share_4q_avg": 25.8,
            "equity": 9464010,
            "current_ratio": null,
            "debt_ratio": 56.68,
            "inventory_turnover_ratio": null,
            "account_receivable_turnover_ratio": 17.04,
            "reinvestment_rate": 5.83,
            "research_to_sale_ratio": null,
            "price_fair": 66.83,
            "eps_avg_yearly": 1.91,
            "eps_latest_yearly": 1.48,
            "eps_growth_yearly": 173.31
        },
        "20212": {
            "year_quarter": 20212,
            "year": 2021,
            "quarter": 2,
            "eps": -0.67,
            "eps_growth_year": -219.64,
            "eps_4q": 0.25,
            "eps_4q_growth_year": -86.56,
            "roe": -2.59,
            "roe_4q": 1.0399999999999998,
            "gross_profit": null,
            "gross_margin": null,
            "gross_margin_4q_avg": 0,
            "net_income": -243579,
            "net_income_4q": null,
            "revenue": 1886535,
            "revenue_4q": null,
            "common_shares": 3622004,
            "book_valuer_per_share": 25.84,
            "book_valuer_per_share_4q_avg": 26,
            "equity": 9358251,
            "current_ratio": null,
            "debt_ratio": 57.68,
            "inventory_turnover_ratio": null,
            "account_receivable_turnover_ratio": 17.2,
            "reinvestment_rate": 8.63,
            "research_to_sale_ratio": null,
            "price_fair": 65.3,
            "eps_avg_yearly": 1.87,
            "eps_latest_yearly": 1.48,
            "eps_growth_yearly": 183.23
        },
        "20213": {
            "year_quarter": 20213,
            "year": 2021,
            "quarter": 3,
            "eps": 0.43,
            "eps_growth_year": -30.65,
            "eps_4q": 0.07,
            "eps_4q_growth_year": -96.5,
            "roe": 1.65,
            "roe_4q": 0.25,
            "gross_profit": null,
            "gross_margin": null,
            "gross_margin_4q_avg": 0,
            "net_income": 155993,
            "net_income_4q": null,
            "revenue": 1997075,
            "revenue_4q": null,
            "common_shares": 3622004,
            "book_valuer_per_share": 26.24,
            "book_valuer_per_share_4q_avg": 26.17,
            "equity": 9503565,
            "current_ratio": null,
            "debt_ratio": 53.97,
            "inventory_turnover_ratio": null,
            "account_receivable_turnover_ratio": 18.9,
            "reinvestment_rate": 8.7,
            "research_to_sale_ratio": null,
            "price_fair": 61.92,
            "eps_avg_yearly": 1.77,
            "eps_latest_yearly": 1.48,
            "eps_growth_yearly": 190
        },
        "20214": {
            "year_quarter": 20214,
            "year": 2021,
            "quarter": 4,
            "eps": 1.33,
            "eps_growth_year": 263.67,
            "eps_4q": 1.03,
            "eps_4q_growth_year": -45.72,
            "roe": 4.9,
            "roe_4q": 3.7400000000000007,
            "gross_profit": null,
            "gross_margin": null,
            "gross_margin_4q_avg": 0,
            "net_income": 481954,
            "net_income_4q": null,
            "revenue": 1883460,
            "revenue_4q": null,
            "common_shares": 3622004,
            "book_valuer_per_share": 28.11,
            "book_valuer_per_share_4q_avg": 26.58,
            "equity": 10181291,
            "current_ratio": null,
            "debt_ratio": 50.68,
            "inventory_turnover_ratio": null,
            "account_receivable_turnover_ratio": 18.97,
            "reinvestment_rate": 7.24,
            "research_to_sale_ratio": null,
            "price_fair": 72.37,
            "eps_avg_yearly": 2.07,
            "eps_latest_yearly": 5.32,
            "eps_growth_yearly": 270.96
        },
        "20221": {
            "year_quarter": 20221,
            "year": 2022,
            "quarter": 1,
            "eps": 0.2,
            "eps_growth_year": null,
            "eps_4q": 1.29,
            "eps_4q_growth_year": -12.83,
            "roe": 0.72,
            "roe_4q": 4.68,
            "gross_profit": null,
            "gross_margin": null,
            "gross_margin_4q_avg": 0,
            "net_income": 72967,
            "net_income_4q": null,
            "revenue": 1500713,
            "revenue_4q": null,
            "common_shares": 3622004,
            "book_valuer_per_share": 27.99,
            "book_valuer_per_share_4q_avg": 27.05,
            "equity": 10137449,
            "current_ratio": null,
            "debt_ratio": 51.71,
            "inventory_turnover_ratio": null,
            "account_receivable_turnover_ratio": 14.29,
            "reinvestment_rate": 7.67,
            "research_to_sale_ratio": null,
            "price_fair": 68.82,
            "eps_avg_yearly": 1.97,
            "eps_latest_yearly": 0.8,
            "eps_growth_yearly": 230.29
        },
        "20222": {
            "year_quarter": 20222,
            "year": 2022,
            "quarter": 2,
            "eps": 0.81,
            "eps_growth_year": null,
            "eps_4q": 2.77,
            "eps_4q_growth_year": 1001.09,
            "roe": 2.91,
            "roe_4q": 10.180000000000001,
            "gross_profit": null,
            "gross_margin": null,
            "gross_margin_4q_avg": 0,
            "net_income": 293092,
            "net_income_4q": null,
            "revenue": 1508022,
            "revenue_4q": null,
            "common_shares": 3622004,
            "book_valuer_per_share": 27.63,
            "book_valuer_per_share_4q_avg": 27.49,
            "equity": 10006394,
            "current_ratio": null,
            "debt_ratio": 51.68,
            "inventory_turnover_ratio": null,
            "account_receivable_turnover_ratio": 13.01,
            "reinvestment_rate": 4.73,
            "research_to_sale_ratio": null,
            "price_fair": 72.26,
            "eps_avg_yearly": 2.06,
            "eps_latest_yearly": 3.24,
            "eps_growth_yearly": 326.46
        },
        "20223": {
            "year_quarter": 20223,
            "year": 2022,
            "quarter": 3,
            "eps": 0.71,
            "eps_growth_year": 65.12,
            "eps_4q": 3.05,
            "eps_4q_growth_year": 4544.21,
            "roe": 2.58,
            "roe_4q": 11.11,
            "gross_profit": null,
            "gross_margin": null,
            "gross_margin_4q_avg": 0,
            "net_income": 256341,
            "net_income_4q": null,
            "revenue": 1578590,
            "revenue_4q": null,
            "common_shares": 3622004,
            "book_valuer_per_share": 27.25,
            "book_valuer_per_share_4q_avg": 27.75,
            "equity": 9870584,
            "current_ratio": null,
            "debt_ratio": 51.85,
            "inventory_turnover_ratio": null,
            "account_receivable_turnover_ratio": 14.45,
            "reinvestment_rate": -1.04,
            "research_to_sale_ratio": null,
            "price_fair": 74.95,
            "eps_avg_yearly": 2.14,
            "eps_latest_yearly": 2.84,
            "eps_growth_yearly": 324.55
        },
        "20224": {
            "year_quarter": 20224,
            "year": 2022,
            "quarter": 4,
            "eps": 0.14,
            "eps_growth_year": -89.72,
            "eps_4q": 1.86,
            "eps_4q_growth_year": 80.05,
            "roe": 0.5,
            "roe_4q": 6.71,
            "gross_profit": null,
            "gross_margin": null,
            "gross_margin_4q_avg": 0,
            "net_income": 49561,
            "net_income_4q": null,
            "revenue": 1468918,
            "revenue_4q": null,
            "common_shares": 3622004,
            "book_valuer_per_share": 27.46,
            "book_valuer_per_share_4q_avg": 27.58,
            "equity": 9945718,
            "current_ratio": null,
            "debt_ratio": 52.39,
            "inventory_turnover_ratio": null,
            "account_receivable_turnover_ratio": 13.35,
            "reinvestment_rate": 0.16,
            "research_to_sale_ratio": null,
            "price_fair": 75.71,
            "eps_avg_yearly": 2.16,
            "eps_latest_yearly": 0.56,
            "eps_growth_yearly": 325.93
        },
        "20231": {
            "year_quarter": 20231,
            "year": 2023,
            "quarter": 1,
            "eps": 0.67,
            "eps_growth_year": 235,
            "eps_4q": 2.32,
            "eps_4q_growth_year": 80,
            "roe": 2.37,
            "roe_4q": 8.36,
            "gross_profit": null,
            "gross_margin": null,
            "gross_margin_4q_avg": 0,
            "net_income": 242203,
            "net_income_4q": null,
            "revenue": 1628094,
            "revenue_4q": null,
            "common_shares": 3622004,
            "book_valuer_per_share": 28.98,
            "book_valuer_per_share_4q_avg": 27.83,
            "equity": 10495629,
            "current_ratio": null,
            "debt_ratio": 52.52,
            "inventory_turnover_ratio": null,
            "account_receivable_turnover_ratio": 13.16,
            "reinvestment_rate": 0.25,
            "research_to_sale_ratio": null,
            "price_fair": 76.78,
            "eps_avg_yearly": 2.19,
            "eps_latest_yearly": 2.68,
            "eps_growth_yearly": 222.63
        },
        "20232": {
            "year_quarter": 20232,
            "year": 2023,
            "quarter": 2,
            "eps": 0.8,
            "eps_growth_year": -1.23,
            "eps_4q": 2.31,
            "eps_4q_growth_year": -16.59,
            "roe": 2.74,
            "roe_4q": 8.190000000000001,
            "gross_profit": null,
            "gross_margin": null,
            "gross_margin_4q_avg": 0,
            "net_income": 289372,
            "net_income_4q": null,
            "revenue": 1718693,
            "revenue_4q": null,
            "common_shares": 3622004,
            "book_valuer_per_share": 29.24,
            "book_valuer_per_share_4q_avg": 28.23,
            "equity": 10590905,
            "current_ratio": null,
            "debt_ratio": 53.33,
            "inventory_turnover_ratio": null,
            "account_receivable_turnover_ratio": 14.56,
            "reinvestment_rate": -0.95,
            "research_to_sale_ratio": null,
            "price_fair": 80.98,
            "eps_avg_yearly": 2.31,
            "eps_latest_yearly": 3.2,
            "eps_growth_yearly": 237.24
        },
        "20233": {
            "year_quarter": 20233,
            "year": 2023,
            "quarter": 3,
            "eps": 0.88,
            "eps_growth_year": 23.94,
            "eps_4q": 2.49,
            "eps_4q_growth_year": -18.5,
            "roe": 2.97,
            "roe_4q": 8.580000000000002,
            "gross_profit": null,
            "gross_margin": null,
            "gross_margin_4q_avg": 0,
            "net_income": 318961,
            "net_income_4q": null,
            "revenue": 1767823,
            "revenue_4q": null,
            "common_shares": 3622004,
            "book_valuer_per_share": 30.03,
            "book_valuer_per_share_4q_avg": 28.93,
            "equity": 10878343,
            "current_ratio": null,
            "debt_ratio": 51.42,
            "inventory_turnover_ratio": null,
            "account_receivable_turnover_ratio": 17.27,
            "reinvestment_rate": 6.96,
            "research_to_sale_ratio": null,
            "price_fair": 83.89,
            "eps_avg_yearly": 2.4,
            "eps_latest_yearly": 3.52,
            "eps_growth_yearly": 225.31
        }
    },
    "months": {
        "2001-06": {
            "month": "2001-06",
            "price": "13.90",
            "revenue": 724182
        },
        "2001-07": {
            "month": "2001-07",
            "price": "12.95",
            "revenue": 562867
        },
        "2001-08": {
            "month": "2001-08",
            "price": "12.62",
            "revenue": 504533
        },
        "2001-09": {
            "month": "2001-09",
            "price": "12.06",
            "revenue": 678176
        },
        "2001-10": {
            "month": "2001-10",
            "price": "11.51",
            "revenue": 1141005
        },
        "2001-11": {
            "month": "2001-11",
            "price": "11.29",
            "revenue": 670952
        },
        "2001-12": {
            "month": "2001-12",
            "price": "12.36",
            "revenue": 602722
        },
        "2002-01": {
            "month": "2002-01",
            "price": "12.38",
            "revenue": 857234
        },
        "2002-02": {
            "month": "2002-02",
            "price": "12.79",
            "revenue": 541538
        },
        "2002-03": {
            "month": "2002-03",
            "price": "12.73",
            "revenue": 599564
        },
        "2002-04": {
            "month": "2002-04",
            "price": "14.27",
            "revenue": 760388
        },
        "2002-05": {
            "month": "2002-05",
            "price": "13.67",
            "revenue": 1703657
        },
        "2002-06": {
            "month": "2002-06",
            "price": "13.24",
            "revenue": 474264
        },
        "2002-07": {
            "month": "2002-07",
            "price": "11.78",
            "revenue": 573598
        },
        "2002-08": {
            "month": "2002-08",
            "price": "11.68",
            "revenue": 537296
        },
        "2002-09": {
            "month": "2002-09",
            "price": "11.10",
            "revenue": 466252
        },
        "2002-10": {
            "month": "2002-10",
            "price": "10.54",
            "revenue": 1368496
        },
        "2002-11": {
            "month": "2002-11",
            "price": "11.06",
            "revenue": 699836
        },
        "2002-12": {
            "month": "2002-12",
            "price": "10.92",
            "revenue": 741972
        },
        "2003-01": {
            "month": "2003-01",
            "price": "11.82",
            "revenue": 676247
        },
        "2003-02": {
            "month": "2003-02",
            "price": "11.78",
            "revenue": 230533
        },
        "2003-03": {
            "month": "2003-03",
            "price": "11.30",
            "revenue": 716337
        },
        "2003-04": {
            "month": "2003-04",
            "price": "11.77",
            "revenue": 702022
        },
        "2003-05": {
            "month": "2003-05",
            "price": "11.47",
            "revenue": 533704
        },
        "2003-06": {
            "month": "2003-06",
            "price": "12.00",
            "revenue": 835806
        },
        "2003-07": {
            "month": "2003-07",
            "price": "11.88",
            "revenue": 2910135
        },
        "2003-08": {
            "month": "2003-08",
            "price": "11.52",
            "revenue": 583181
        },
        "2003-09": {
            "month": "2003-09",
            "price": "11.39",
            "revenue": 407836
        },
        "2003-10": {
            "month": "2003-10",
            "price": "12.24",
            "revenue": 1237171
        },
        "2003-11": {
            "month": "2003-11",
            "price": "12.75",
            "revenue": 481889
        },
        "2003-12": {
            "month": "2003-12",
            "price": "12.43",
            "revenue": 486254
        },
        "2004-01": {
            "month": "2004-01",
            "price": "13.19",
            "revenue": 568889
        },
        "2004-02": {
            "month": "2004-02",
            "price": "17.39",
            "revenue": 697669
        },
        "2004-03": {
            "month": "2004-03",
            "price": "20.54",
            "revenue": 769049
        },
        "2004-04": {
            "month": "2004-04",
            "price": "20.49",
            "revenue": 690968
        },
        "2004-05": {
            "month": "2004-05",
            "price": "18.39",
            "revenue": 504310
        },
        "2004-06": {
            "month": "2004-06",
            "price": "19.04",
            "revenue": 581648
        },
        "2004-07": {
            "month": "2004-07",
            "price": "17.45",
            "revenue": 692006
        },
        "2004-08": {
            "month": "2004-08",
            "price": "16.74",
            "revenue": -694572
        },
        "2004-09": {
            "month": "2004-09",
            "price": "19.31",
            "revenue": 535103
        },
        "2004-10": {
            "month": "2004-10",
            "price": "19.36",
            "revenue": 1092131
        },
        "2004-11": {
            "month": "2004-11",
            "price": "18.85",
            "revenue": 654189
        },
        "2004-12": {
            "month": "2004-12",
            "price": "18.09",
            "revenue": 583454
        },
        "2005-01": {
            "month": "2005-01",
            "price": "18.30",
            "revenue": 668103
        },
        "2005-02": {
            "month": "2005-02",
            "price": "17.85",
            "revenue": 321673
        },
        "2005-03": {
            "month": "2005-03",
            "price": "17.70",
            "revenue": 722494
        },
        "2005-04": {
            "month": "2005-04",
            "price": "16.51",
            "revenue": 732982
        },
        "2005-05": {
            "month": "2005-05",
            "price": "15.64",
            "revenue": 684591
        },
        "2005-06": {
            "month": "2005-06",
            "price": "16.18",
            "revenue": 651970
        },
        "2005-07": {
            "month": "2005-07",
            "price": "15.64",
            "revenue": 618519
        },
        "2005-08": {
            "month": "2005-08",
            "price": "15.33",
            "revenue": 535692
        },
        "2005-09": {
            "month": "2005-09",
            "price": "14.37",
            "revenue": 592969
        },
        "2005-10": {
            "month": "2005-10",
            "price": "13.94",
            "revenue": 826099
        },
        "2005-11": {
            "month": "2005-11",
            "price": "14.17",
            "revenue": 646592
        },
        "2005-12": {
            "month": "2005-12",
            "price": "14.76",
            "revenue": 793412
        },
        "2006-01": {
            "month": "2006-01",
            "price": "15.33",
            "revenue": 1029705
        },
        "2006-02": {
            "month": "2006-02",
            "price": "15.47",
            "revenue": 725814
        },
        "2006-03": {
            "month": "2006-03",
            "price": "15.24",
            "revenue": 822463
        },
        "2006-04": {
            "month": "2006-04",
            "price": "16.11",
            "revenue": 963979
        },
        "2006-05": {
            "month": "2006-05",
            "price": "19.36",
            "revenue": 546928
        },
        "2006-06": {
            "month": "2006-06",
            "price": "18.36",
            "revenue": 639915
        },
        "2006-07": {
            "month": "2006-07",
            "price": "17.25",
            "revenue": 328643
        },
        "2006-08": {
            "month": "2006-08",
            "price": "16.83",
            "revenue": 713706
        },
        "2006-09": {
            "month": "2006-09",
            "price": "17.03",
            "revenue": 600201
        },
        "2006-10": {
            "month": "2006-10",
            "price": "18.40",
            "revenue": 806111
        },
        "2006-11": {
            "month": "2006-11",
            "price": "18.95",
            "revenue": 675435
        },
        "2006-12": {
            "month": "2006-12",
            "price": "20.05",
            "revenue": 673614
        },
        "2007-01": {
            "month": "2007-01",
            "price": "21.06",
            "revenue": 1071521
        },
        "2007-02": {
            "month": "2007-02",
            "price": "20.78",
            "revenue": 802743
        },
        "2007-03": {
            "month": "2007-03",
            "price": "20.45",
            "revenue": 784091
        },
        "2007-04": {
            "month": "2007-04",
            "price": "21.98",
            "revenue": 827558
        },
        "2007-05": {
            "month": "2007-05",
            "price": "21.91",
            "revenue": 690487
        },
        "2007-06": {
            "month": "2007-06",
            "price": "24.52",
            "revenue": 1012770
        },
        "2007-07": {
            "month": "2007-07",
            "price": "27.05",
            "revenue": 827434
        },
        "2007-08": {
            "month": "2007-08",
            "price": "26.47",
            "revenue": 1441669
        },
        "2007-09": {
            "month": "2007-09",
            "price": "27.18",
            "revenue": 571415
        },
        "2007-10": {
            "month": "2007-10",
            "price": "29.54",
            "revenue": 1275623
        },
        "2007-11": {
            "month": "2007-11",
            "price": "29.39",
            "revenue": -53423
        },
        "2007-12": {
            "month": "2007-12",
            "price": "26.20",
            "revenue": 505910
        },
        "2008-01": {
            "month": "2008-01",
            "price": "26.32",
            "revenue": 1305432
        },
        "2008-02": {
            "month": "2008-02",
            "price": "26.91",
            "revenue": 823807
        },
        "2008-03": {
            "month": "2008-03",
            "price": "28.48",
            "revenue": 936194
        },
        "2008-04": {
            "month": "2008-04",
            "price": "31.11",
            "revenue": 950261
        },
        "2008-05": {
            "month": "2008-05",
            "price": "31.98",
            "revenue": 499637
        },
        "2008-06": {
            "month": "2008-06",
            "price": "30.25",
            "revenue": 677297
        },
        "2008-07": {
            "month": "2008-07",
            "price": "23.85",
            "revenue": 530776
        },
        "2008-08": {
            "month": "2008-08",
            "price": "23.39",
            "revenue": 552959
        },
        "2008-09": {
            "month": "2008-09",
            "price": "19.31",
            "revenue": 671342
        },
        "2008-10": {
            "month": "2008-10",
            "price": "15.07",
            "revenue": 731586
        },
        "2008-11": {
            "month": "2008-11",
            "price": "13.93",
            "revenue": 544673
        },
        "2008-12": {
            "month": "2008-12",
            "price": "13.87",
            "revenue": 882064
        },
        "2009-01": {
            "month": "2009-01",
            "price": "12.84",
            "revenue": 982016
        },
        "2009-02": {
            "month": "2009-02",
            "price": "12.66",
            "revenue": 805121
        },
        "2009-03": {
            "month": "2009-03",
            "price": "13.25",
            "revenue": 1014098
        },
        "2009-04": {
            "month": "2009-04",
            "price": "15.94",
            "revenue": 826731
        },
        "2009-05": {
            "month": "2009-05",
            "price": "20.15",
            "revenue": 817423
        },
        "2009-06": {
            "month": "2009-06",
            "price": "19.43",
            "revenue": 795377
        },
        "2009-07": {
            "month": "2009-07",
            "price": "21.68",
            "revenue": 768847
        },
        "2009-08": {
            "month": "2009-08",
            "price": "25.36",
            "revenue": 757477
        },
        "2009-09": {
            "month": "2009-09",
            "price": "25.49",
            "revenue": 992903
        },
        "2009-10": {
            "month": "2009-10",
            "price": "27.56",
            "revenue": 529870
        },
        "2009-11": {
            "month": "2009-11",
            "price": "26.60",
            "revenue": 488889
        },
        "2009-12": {
            "month": "2009-12",
            "price": "26.16",
            "revenue": 725179
        },
        "2010-01": {
            "month": "2010-01",
            "price": "27.24",
            "revenue": 1243897
        },
        "2010-02": {
            "month": "2010-02",
            "price": "25.12",
            "revenue": 642431
        },
        "2010-03": {
            "month": "2010-03",
            "price": "26.33",
            "revenue": 866781
        },
        "2010-04": {
            "month": "2010-04",
            "price": "27.92",
            "revenue": 701430
        },
        "2010-05": {
            "month": "2010-05",
            "price": "27.22",
            "revenue": 632161
        },
        "2010-06": {
            "month": "2010-06",
            "price": "26.97",
            "revenue": 821993
        },
        "2010-07": {
            "month": "2010-07",
            "price": "27.15",
            "revenue": 754041
        },
        "2010-08": {
            "month": "2010-08",
            "price": "26.67",
            "revenue": 779605
        },
        "2010-09": {
            "month": "2010-09",
            "price": "24.95",
            "revenue": 681658
        },
        "2010-10": {
            "month": "2010-10",
            "price": "22.62",
            "revenue": 497121
        },
        "2010-11": {
            "month": "2010-11",
            "price": "23.72",
            "revenue": 576694
        },
        "2010-12": {
            "month": "2010-12",
            "price": "27.41",
            "revenue": 1182460
        },
        "2011-01": {
            "month": "2011-01",
            "price": "28.22",
            "revenue": 367333
        },
        "2011-02": {
            "month": "2011-02",
            "price": "26.05",
            "revenue": 323471
        },
        "2011-03": {
            "month": "2011-03",
            "price": "25.07",
            "revenue": 297766
        },
        "2011-04": {
            "month": "2011-04",
            "price": "26.18",
            "revenue": 345038
        },
        "2011-05": {
            "month": "2011-05",
            "price": "26.17",
            "revenue": 258940
        },
        "2011-06": {
            "month": "2011-06",
            "price": "26.03",
            "revenue": 301188
        },
        "2011-07": {
            "month": "2011-07",
            "price": "24.41",
            "revenue": 648924
        },
        "2011-08": {
            "month": "2011-08",
            "price": "23.58",
            "revenue": 249323
        },
        "2011-09": {
            "month": "2011-09",
            "price": "22.45",
            "revenue": 201189
        },
        "2011-10": {
            "month": "2011-10",
            "price": "22.44",
            "revenue": 336566
        },
        "2011-11": {
            "month": "2011-11",
            "price": "22.00",
            "revenue": 115038
        },
        "2011-12": {
            "month": "2011-12",
            "price": "20.92",
            "revenue": -40171
        },
        "2012-01": {
            "month": "2012-01",
            "price": "20.19",
            "revenue": 419166
        },
        "2012-02": {
            "month": "2012-02",
            "price": "21.93",
            "revenue": 400617
        },
        "2012-03": {
            "month": "2012-03",
            "price": "22.78",
            "revenue": 277375
        },
        "2012-04": {
            "month": "2012-04",
            "price": "21.00",
            "revenue": 210828
        },
        "2012-05": {
            "month": "2012-05",
            "price": "20.67",
            "revenue": 308998
        },
        "2012-06": {
            "month": "2012-06",
            "price": "20.33",
            "revenue": 315831
        },
        "2012-07": {
            "month": "2012-07",
            "price": "19.86",
            "revenue": 344743
        },
        "2012-08": {
            "month": "2012-08",
            "price": "19.92",
            "revenue": 385768
        },
        "2012-09": {
            "month": "2012-09",
            "price": "20.86",
            "revenue": 336389
        },
        "2012-10": {
            "month": "2012-10",
            "price": "20.66",
            "revenue": 196077
        },
        "2012-11": {
            "month": "2012-11",
            "price": "20.55",
            "revenue": 336648
        },
        "2012-12": {
            "month": "2012-12",
            "price": "21.10",
            "revenue": 329554
        },
        "2013-01": {
            "month": "2013-01",
            "price": "21.68",
            "revenue": 370006
        },
        "2013-02": {
            "month": "2013-02",
            "price": "22.03",
            "revenue": 314886
        },
        "2013-03": {
            "month": "2013-03",
            "price": "21.91",
            "revenue": 313941
        },
        "2013-04": {
            "month": "2013-04",
            "price": "21.80",
            "revenue": 301906
        },
        "2013-05": {
            "month": "2013-05",
            "price": "22.32",
            "revenue": 336239
        },
        "2013-06": {
            "month": "2013-06",
            "price": "22.18",
            "revenue": 288266
        },
        "2013-07": {
            "month": "2013-07",
            "price": "21.54",
            "revenue": 379709
        },
        "2013-08": {
            "month": "2013-08",
            "price": "21.67",
            "revenue": 326563
        },
        "2013-09": {
            "month": "2013-09",
            "price": "21.90",
            "revenue": 378342
        },
        "2013-10": {
            "month": "2013-10",
            "price": "23.01",
            "revenue": 332399
        },
        "2013-11": {
            "month": "2013-11",
            "price": "24.02",
            "revenue": 315101
        },
        "2013-12": {
            "month": "2013-12",
            "price": "24.78",
            "revenue": 364584
        },
        "2014-01": {
            "month": "2014-01",
            "price": "24.64",
            "revenue": 326317
        },
        "2014-02": {
            "month": "2014-02",
            "price": "24.28",
            "revenue": 343334
        },
        "2014-03": {
            "month": "2014-03",
            "price": "24.08",
            "revenue": 353848
        },
        "2014-04": {
            "month": "2014-04",
            "price": "23.81",
            "revenue": 271517
        },
        "2014-05": {
            "month": "2014-05",
            "price": "23.25",
            "revenue": 366618
        },
        "2014-06": {
            "month": "2014-06",
            "price": "23.36",
            "revenue": 364923
        },
        "2014-07": {
            "month": "2014-07",
            "price": "23.35",
            "revenue": 410876
        },
        "2014-08": {
            "month": "2014-08",
            "price": "22.89",
            "revenue": 341522
        },
        "2014-09": {
            "month": "2014-09",
            "price": "22.89",
            "revenue": 288105
        },
        "2014-10": {
            "month": "2014-10",
            "price": "22.31",
            "revenue": 321195
        },
        "2014-11": {
            "month": "2014-11",
            "price": "21.82",
            "revenue": 339403
        },
        "2014-12": {
            "month": "2014-12",
            "price": "21.95",
            "revenue": 417239
        },
        "2015-01": {
            "month": "2015-01",
            "price": "22.26",
            "revenue": 360469
        },
        "2015-02": {
            "month": "2015-02",
            "price": "22.84",
            "revenue": 356415
        },
        "2015-03": {
            "month": "2015-03",
            "price": "22.79",
            "revenue": 422214
        },
        "2015-04": {
            "month": "2015-04",
            "price": "22.97",
            "revenue": 669081
        },
        "2015-05": {
            "month": "2015-05",
            "price": "23.74",
            "revenue": 457205
        },
        "2015-06": {
            "month": "2015-06",
            "price": "22.92",
            "revenue": 396700
        },
        "2015-07": {
            "month": "2015-07",
            "price": "22.07",
            "revenue": 351957
        },
        "2015-08": {
            "month": "2015-08",
            "price": "21.24",
            "revenue": 404966
        },
        "2015-09": {
            "month": "2015-09",
            "price": "21.68",
            "revenue": 382618
        },
        "2015-10": {
            "month": "2015-10",
            "price": "22.02",
            "revenue": 407059
        },
        "2015-11": {
            "month": "2015-11",
            "price": "22.08",
            "revenue": 319155
        },
        "2015-12": {
            "month": "2015-12",
            "price": "21.50",
            "revenue": 443217
        },
        "2016-01": {
            "month": "2016-01",
            "price": "20.83",
            "revenue": 330476
        },
        "2016-02": {
            "month": "2016-02",
            "price": "20.69",
            "revenue": 411436
        },
        "2016-03": {
            "month": "2016-03",
            "price": "21.37",
            "revenue": 371753
        },
        "2016-04": {
            "month": "2016-04",
            "price": "20.90",
            "revenue": 292564
        },
        "2016-05": {
            "month": "2016-05",
            "price": "20.03",
            "revenue": 375181
        },
        "2016-06": {
            "month": "2016-06",
            "price": "19.97",
            "revenue": 423515
        },
        "2016-07": {
            "month": "2016-07",
            "price": "19.29",
            "revenue": 453694
        },
        "2016-08": {
            "month": "2016-08",
            "price": "19.19",
            "revenue": 437226
        },
        "2016-09": {
            "month": "2016-09",
            "price": "18.81",
            "revenue": 335474
        },
        "2016-10": {
            "month": "2016-10",
            "price": "18.61",
            "revenue": 381876
        },
        "2016-11": {
            "month": "2016-11",
            "price": "18.74",
            "revenue": 359004
        },
        "2016-12": {
            "month": "2016-12",
            "price": "19.44",
            "revenue": 411593
        },
        "2017-01": {
            "month": "2017-01",
            "price": "19.07",
            "revenue": 396691
        },
        "2017-02": {
            "month": "2017-02",
            "price": "19.06",
            "revenue": 454138
        },
        "2017-03": {
            "month": "2017-03",
            "price": "19.17",
            "revenue": 382983
        },
        "2017-04": {
            "month": "2017-04",
            "price": "18.92",
            "revenue": 411810
        },
        "2017-05": {
            "month": "2017-05",
            "price": "19.04",
            "revenue": 431742
        },
        "2017-06": {
            "month": "2017-06",
            "price": "19.30",
            "revenue": 429839
        },
        "2017-07": {
            "month": "2017-07",
            "price": "19.09",
            "revenue": 464659
        },
        "2017-08": {
            "month": "2017-08",
            "price": "19.12",
            "revenue": 508343
        },
        "2017-09": {
            "month": "2017-09",
            "price": "19.91",
            "revenue": 372093
        },
        "2017-10": {
            "month": "2017-10",
            "price": "20.14",
            "revenue": 397235
        },
        "2017-11": {
            "month": "2017-11",
            "price": "20.25",
            "revenue": 404775
        },
        "2017-12": {
            "month": "2017-12",
            "price": "20.45",
            "revenue": 414466
        },
        "2018-01": {
            "month": "2018-01",
            "price": "20.92",
            "revenue": 411653
        },
        "2018-02": {
            "month": "2018-02",
            "price": "20.53",
            "revenue": 402611
        },
        "2018-03": {
            "month": "2018-03",
            "price": "20.64",
            "revenue": 409866
        },
        "2018-04": {
            "month": "2018-04",
            "price": "20.87",
            "revenue": 417375
        },
        "2018-05": {
            "month": "2018-05",
            "price": "20.93",
            "revenue": 401364
        },
        "2018-06": {
            "month": "2018-06",
            "price": "21.01",
            "revenue": 457955
        },
        "2018-07": {
            "month": "2018-07",
            "price": "20.33",
            "revenue": 433118
        },
        "2018-08": {
            "month": "2018-08",
            "price": "20.28",
            "revenue": 447051
        },
        "2018-09": {
            "month": "2018-09",
            "price": "20.57",
            "revenue": 403423
        },
        "2018-10": {
            "month": "2018-10",
            "price": "20.18",
            "revenue": 381422
        },
        "2018-11": {
            "month": "2018-11",
            "price": "20.01",
            "revenue": 410674
        },
        "2018-12": {
            "month": "2018-12",
            "price": "19.85",
            "revenue": 377121
        },
        "2019-01": {
            "month": "2019-01",
            "price": "19.72",
            "revenue": 442872
        },
        "2019-02": {
            "month": "2019-02",
            "price": "19.98",
            "revenue": 429318
        },
        "2019-03": {
            "month": "2019-03",
            "price": "20.12",
            "revenue": 424935
        },
        "2019-04": {
            "month": "2019-04",
            "price": "20.20",
            "revenue": 414952
        },
        "2019-05": {
            "month": "2019-05",
            "price": "20.25",
            "revenue": 431278
        },
        "2019-06": {
            "month": "2019-06",
            "price": "20.56",
            "revenue": 424937
        },
        "2019-07": {
            "month": "2019-07",
            "price": "20.22",
            "revenue": 495781
        },
        "2019-08": {
            "month": "2019-08",
            "price": "20.16",
            "revenue": 478025
        },
        "2019-09": {
            "month": "2019-09",
            "price": "20.22",
            "revenue": 401613
        },
        "2019-10": {
            "month": "2019-10",
            "price": "20.43",
            "revenue": 402136
        },
        "2019-11": {
            "month": "2019-11",
            "price": "20.65",
            "revenue": 428535
        },
        "2019-12": {
            "month": "2019-12",
            "price": "20.88",
            "revenue": 437887
        },
        "2020-01": {
            "month": "2020-01",
            "price": "20.87",
            "revenue": 439568
        },
        "2020-02": {
            "month": "2020-02",
            "price": "20.70",
            "revenue": 425923
        },
        "2020-03": {
            "month": "2020-03",
            "price": "19.00",
            "revenue": 408922
        },
        "2020-04": {
            "month": "2020-04",
            "price": "19.09",
            "revenue": 452919
        },
        "2020-05": {
            "month": "2020-05",
            "price": "19.74",
            "revenue": 438100
        },
        "2020-06": {
            "month": "2020-06",
            "price": "20.01",
            "revenue": 450296
        },
        "2020-07": {
            "month": "2020-07",
            "price": "19.73",
            "revenue": 536566
        },
        "2020-08": {
            "month": "2020-08",
            "price": "19.74",
            "revenue": 469705
        },
        "2020-09": {
            "month": "2020-09",
            "price": "19.69",
            "revenue": 428776
        },
        "2020-10": {
            "month": "2020-10",
            "price": "19.76",
            "revenue": 423079
        },
        "2020-11": {
            "month": "2020-11",
            "price": "20.05",
            "revenue": 455336
        },
        "2020-12": {
            "month": "2020-12",
            "price": "20.30",
            "revenue": 474612
        },
        "2021-01": {
            "month": "2021-01",
            "price": "20.27",
            "revenue": 509847
        },
        "2021-02": {
            "month": "2021-02",
            "price": "20.34",
            "revenue": 598972
        },
        "2021-03": {
            "month": "2021-03",
            "price": "21.58",
            "revenue": 634431
        },
        "2021-04": {
            "month": "2021-04",
            "price": "23.37",
            "revenue": 590966
        },
        "2021-05": {
            "month": "2021-05",
            "price": "21.45",
            "revenue": 603948
        },
        "2021-06": {
            "month": "2021-06",
            "price": "20.97",
            "revenue": 693415
        },
        "2021-07": {
            "month": "2021-07",
            "price": "20.01",
            "revenue": 737931
        },
        "2021-08": {
            "month": "2021-08",
            "price": "19.76",
            "revenue": 647465
        },
        "2021-09": {
            "month": "2021-09",
            "price": "19.81",
            "revenue": 614490
        },
        "2021-10": {
            "month": "2021-10",
            "price": "19.83",
            "revenue": 630540
        },
        "2021-11": {
            "month": "2021-11",
            "price": "20.06",
            "revenue": 611965
        },
        "2021-12": {
            "month": "2021-12",
            "price": "20.15",
            "revenue": 641204
        },
        "2022-01": {
            "month": "2022-01",
            "price": "20.33",
            "revenue": 525829
        },
        "2022-02": {
            "month": "2022-02",
            "price": "20.51",
            "revenue": 486284
        },
        "2022-03": {
            "month": "2022-03",
            "price": "20.41",
            "revenue": 491847
        },
        "2022-04": {
            "month": "2022-04",
            "price": "20.43",
            "revenue": 476766
        },
        "2022-05": {
            "month": "2022-05",
            "price": "19.57",
            "revenue": 444289
        },
        "2022-06": {
            "month": "2022-06",
            "price": "19.58",
            "revenue": 593308
        },
        "2022-07": {
            "month": "2022-07",
            "price": "19.50",
            "revenue": 563873
        },
        "2022-08": {
            "month": "2022-08",
            "price": "19.86",
            "revenue": 521635
        },
        "2022-09": {
            "month": "2022-09",
            "price": "20.18",
            "revenue": 502544
        },
        "2022-10": {
            "month": "2022-10",
            "price": "19.91",
            "revenue": 497959
        },
        "2022-11": {
            "month": "2022-11",
            "price": "20.15",
            "revenue": 454014
        },
        "2022-12": {
            "month": "2022-12",
            "price": "20.47",
            "revenue": 516059
        },
        "2023-01": {
            "month": "2023-01",
            "price": "20.60",
            "revenue": 516862
        },
        "2023-02": {
            "month": "2023-02",
            "price": "20.74",
            "revenue": 544239
        },
        "2023-03": {
            "month": "2023-03",
            "price": "20.84",
            "revenue": 571313
        },
        "2023-04": {
            "month": "2023-04",
            "price": "20.95",
            "revenue": 573794
        },
        "2023-05": {
            "month": "2023-05",
            "price": "22.01",
            "revenue": 553086
        },
        "2023-06": {
            "month": "2023-06",
            "price": "22.79",
            "revenue": 641929
        },
        "2023-07": {
            "month": "2023-07",
            "price": "22.80",
            "revenue": 589717
        },
        "2023-08": {
            "month": "2023-08",
            "price": "23.05",
            "revenue": 587636
        },
        "2023-09": {
            "month": "2023-09",
            "price": "23.73",
            "revenue": 547977
        },
        "2023-10": {
            "month": "2023-10",
            "price": "23.38",
            "revenue": 561873
        },
        "2023-11": {
            "month": "2023-11",
            "price": "24.92",
            "revenue": 554486
        },
        "2023-12": {
            "month": "2023-12",
            "price": "25.44",
            "revenue": 549435
        }
    }
}
