{
    "summary": {
        "stock_name": "台壽保",
        "stock_id": "2833",
        "category": "金融",
        "main_business": "人身保險業務",
        "website_url": "",
        "ceo": "林欽淼(投資長代理總經理職務)",
        "pe_ratio": 19,
        "report_year_from": 2001,
        "report_year_to": 2018,
        "age": 22,
        "eps_negative_percentage": 48,
        "eps_growth_avg": {
            "last_all": -11.16,
            "last_2y": 0,
            "last_4y": 5.8,
            "last_8y": null,
            "last_12y": null,
            "last_16y": null,
            "last_20y": null,
            "at_2006_last_3y": null,
            "at_2007_last_3y": null,
            "at_2008_last_3y": null,
            "at_2009_last_3y": null,
            "at_2010_last_3y": null,
            "at_2011_last_3y": null,
            "at_2012_last_3y": null,
            "at_2013_last_3y": null,
            "at_2014_last_3y": 11.05,
            "at_2015_last_3y": 5.8,
            "at_2016_last_3y": -25.6,
            "at_2017_last_3y": -25.6,
            "at_2018_last_3y": -25.6,
            "at_2019_last_3y": -25.6,
            "at_2020_last_3y": -25.6,
            "at_2021_last_3y": -25.6,
            "at_2022_last_3y": -25.6,
            "at_2023_last_3y": -25.6,
            "at_2006_last_all": null,
            "at_2007_last_all": null,
            "at_2008_last_all": null,
            "at_2009_last_all": null,
            "at_2010_last_all": null,
            "at_2011_last_all": null,
            "at_2012_last_all": 10.5,
            "at_2013_last_all": -18.6,
            "at_2014_last_all": 11.05,
            "at_2015_last_all": -11.16,
            "at_2016_last_all": -11.16,
            "at_2017_last_all": -11.16,
            "at_2018_last_all": -11.16,
            "at_2019_last_all": -11.16,
            "at_2020_last_all": -11.16,
            "at_2021_last_all": -11.16,
            "at_2022_last_all": -11.16,
            "at_2023_last_all": -11.16
        },
        "latest_eps": 1.43,
        "latest_price": 27.2,
        "latest_roe": 10.17,
        "latest_gross_margin": null,
        "latest_equity": 73057135,
        "latest_revenue": 78784896,
        "latest_gross_profit": null,
        "latest_net_income": 3056324,
        "latest_debt_ratio": 93.99,
        "latest_current_ratio": null,
        "latest_account_receivable_turnover_ratio": 327.87,
        "latest_inventory_turnover_ratio": null,
        "latest_reinvestment_rate": 272.44,
        "latest_research_to_sale_ratio": null
    },
    "eps_dividends": {
        "2001": {
            "cash": 0,
            "stock": 0,
            "eps": 0
        },
        "2002": {
            "cash": 0,
            "stock": 0,
            "eps": 0
        },
        "2003": {
            "cash": 0,
            "stock": 0,
            "eps": 0
        },
        "2004": {
            "cash": 0,
            "stock": 0,
            "eps": 0
        },
        "2005": {
            "cash": 0,
            "stock": 0,
            "eps": 0
        },
        "2006": {
            "cash": 0,
            "stock": 0,
            "eps": 0
        },
        "2007": {
            "cash": 0,
            "stock": 0,
            "eps": 0
        },
        "2008": {
            "cash": 0,
            "stock": 0,
            "eps": 0
        },
        "2009": {
            "cash": 0,
            "stock": 0,
            "eps": 0
        },
        "2010": {
            "cash": 0,
            "stock": 0,
            "eps": 2
        },
        "2011": {
            "cash": 0,
            "stock": 0,
            "eps": 0.42
        },
        "2012": {
            "cash": 0,
            "stock": 0,
            "eps": 2.37
        },
        "2013": {
            "cash": 0,
            "stock": 0,
            "eps": 0.55
        },
        "2014": {
            "cash": 0,
            "stock": 0,
            "eps": 1.88
        },
        "2015": {
            "cash": 0,
            "stock": 0,
            "eps": -1.4
        },
        "2016": {
            "cash": 0,
            "stock": 0,
            "eps": 1.78
        }
    },
    "dividends": [],
    "prices": {
        "200101": "30.04",
        "200102": "31.62",
        "200103": "30.33",
        "200104": "28.84",
        "200105": "28.60",
        "200106": "27.20",
        "200107": "24.82",
        "200108": "29.29",
        "200109": "29.76",
        "200110": "27.46",
        "200111": "27.80",
        "200112": "36.31",
        "200201": "41.13",
        "200202": "40.51",
        "200203": "39.53",
        "200204": "41.10",
        "200205": "37.95",
        "200206": "37.61",
        "200207": "32.54",
        "200208": "29.41",
        "200209": "26.29",
        "200210": "24.25",
        "200211": "26.08",
        "200212": "25.90",
        "200301": "31.70",
        "200302": "31.00",
        "200303": "30.00",
        "200304": "31.02",
        "200305": "31.03",
        "200306": "31.37",
        "200307": "32.03",
        "200308": "31.58",
        "200309": "32.72",
        "200310": "44.02",
        "200311": "52.06",
        "200312": "49.12",
        "200401": "52.80",
        "200402": "61.65",
        "200403": "64.46",
        "200404": "63.80",
        "200405": "57.40",
        "200406": "57.02",
        "200407": "53.14",
        "200408": "50.56",
        "200409": "55.52",
        "200410": "56.38",
        "200411": "54.73",
        "200412": "53.91",
        "200501": "54.21",
        "200502": "54.77",
        "200503": "55.72",
        "200504": "53.48",
        "200505": "53.40",
        "200506": "54.41",
        "200507": "52.82",
        "200508": "49.32",
        "200509": "46.38",
        "200510": "45.37",
        "200511": "43.00",
        "200512": "42.85",
        "200601": "43.28",
        "200602": "42.64",
        "200603": "40.70",
        "200604": "42.92",
        "200605": "47.29",
        "200606": "43.05",
        "200607": "42.15",
        "200608": "39.42",
        "200609": "38.04",
        "200610": "39.22",
        "200611": "39.81",
        "200612": "43.06",
        "200701": "43.42",
        "200702": "43.20",
        "200703": "42.54",
        "200704": "44.93",
        "200705": "46.18",
        "200706": "52.73",
        "200707": "66.23",
        "200708": "54.02",
        "200709": "54.10",
        "200710": "60.15",
        "200711": "56.05",
        "200712": "51.71",
        "200801": "52.83",
        "200802": "53.58",
        "200803": "52.02",
        "200804": "54.81",
        "200805": "51.69",
        "200806": "44.53",
        "200807": "33.83",
        "200808": "32.14",
        "200809": "25.38",
        "200810": "17.50",
        "200811": "16.12",
        "200812": "16.25",
        "200901": "16.22",
        "200902": "15.02",
        "200903": "13.29",
        "200904": "17.63",
        "200905": "24.25",
        "200906": "24.28",
        "200907": "26.18",
        "200908": "25.06",
        "200909": "25.68",
        "200910": "30.84",
        "200911": "30.94",
        "200912": "34.07",
        "201001": "39.93",
        "201002": "37.23",
        "201003": "38.68",
        "201004": "39.09",
        "201005": "36.15",
        "201006": "33.06",
        "201007": "33.05",
        "201008": "33.95",
        "201009": "32.70",
        "201010": "32.73",
        "201011": "30.46",
        "201012": "30.84",
        "201101": "33.40",
        "201102": "30.22",
        "201103": "27.73",
        "201104": "27.74",
        "201105": "28.51",
        "201106": "28.53",
        "201107": "31.04",
        "201108": "26.68",
        "201109": "23.72",
        "201110": "22.91",
        "201111": "18.74",
        "201112": "16.80",
        "201201": "17.08",
        "201202": "20.08",
        "201203": "20.07",
        "201204": "17.48",
        "201205": "17.05",
        "201206": "16.64",
        "201207": "17.78",
        "201208": "19.27",
        "201209": "19.48",
        "201210": "18.89",
        "201211": "17.91",
        "201212": "19.14",
        "201301": "21.54",
        "201302": "23.84",
        "201303": "23.52",
        "201304": "22.23",
        "201305": "22.63",
        "201306": "23.13",
        "201307": "22.84",
        "201308": "22.03",
        "201309": "21.70",
        "201310": "24.92",
        "201311": "26.15",
        "201312": "27.13",
        "201401": "28.17",
        "201402": "27.83",
        "201403": "26.68",
        "201404": "25.10",
        "201405": "21.73",
        "201406": "21.27",
        "201407": "21.37",
        "201408": "21.04",
        "201409": "20.50",
        "201410": "18.30",
        "201411": "17.90",
        "201412": "18.11",
        "201501": "19.00",
        "201502": "22.82",
        "201503": "24.48",
        "201504": "27.68",
        "201505": "30.91",
        "201506": "32.76",
        "201507": "32.84",
        "201508": "30.86",
        "201509": "29.61",
        "201510": "27.20",
        "201511": "無",
        "201512": "無",
        "201601": "無",
        "201602": "無",
        "201603": "無",
        "201604": "無",
        "201605": "無",
        "201606": "無",
        "201607": "無",
        "201608": "無",
        "201609": "無",
        "201610": "無",
        "201611": "無",
        "201612": "無",
        "201701": "無",
        "201702": "無",
        "201703": "無",
        "201704": "無",
        "201705": "無",
        "201706": "無",
        "201707": "無",
        "201708": "無",
        "201709": "無",
        "201710": "無",
        "201711": "無",
        "201712": "無",
        "201801": "無",
        "201802": "無",
        "201803": "無",
        "201804": "無",
        "201805": "無",
        "201806": "無",
        "201807": "無",
        "201808": "無",
        "201809": "無",
        "201810": "無",
        "201811": "無",
        "201812": "無",
        "201901": "無",
        "201902": "無",
        "201903": "無",
        "201904": "無",
        "201905": "無",
        "201906": "無",
        "201907": "無",
        "201908": "無",
        "201909": "無",
        "201910": "無",
        "201911": "無",
        "201912": "無",
        "202001": "無",
        "202002": "無",
        "202003": "無",
        "202004": "無",
        "202005": "無",
        "202006": "無",
        "202007": "無",
        "202008": "無",
        "202009": "無",
        "202010": "無",
        "202011": "無",
        "202012": "無",
        "202101": "無",
        "202102": "無",
        "202103": "無",
        "202104": "無",
        "202105": "無",
        "202106": "無",
        "202107": "無",
        "202108": "無",
        "202109": "無",
        "202110": "無",
        "202111": "無",
        "202112": "無",
        "202201": "無",
        "202202": "無",
        "202203": "無",
        "202204": "無",
        "202205": "無",
        "202206": "無",
        "202207": "無",
        "202208": "無",
        "202209": "無",
        "202210": "無",
        "202211": "無",
        "202212": "無",
        "202301": "無",
        "202302": "無",
        "202303": "無",
        "202304": "無",
        "202305": "無"
    },
    "quarters": {
        "20011": {
            "year_quarter": 20011,
            "year": 2001,
            "quarter": 1,
            "eps": null,
            "eps_growth_year": null,
            "eps_4q": null,
            "eps_4q_growth_year": null,
            "roe": null,
            "gross_profit": null,
            "gross_margin": null,
            "net_income": null,
            "revenue": null,
            "common_shares": null,
            "equity": null,
            "current_ratio": null,
            "debt_ratio": null,
            "inventory_turnover_ratio": null,
            "account_receivable_turnover_ratio": null,
            "reinvestment_rate": null,
            "research_to_sale_ratio": null,
            "price_fair": 0,
            "eps_avg_yearly": 0,
            "eps_latest_yearly": 0,
            "eps_growth_yearly": 0
        },
        "20012": {
            "year_quarter": 20012,
            "year": 2001,
            "quarter": 2,
            "eps": null,
            "eps_growth_year": null,
            "eps_4q": null,
            "eps_4q_growth_year": null,
            "roe": null,
            "gross_profit": null,
            "gross_margin": null,
            "net_income": null,
            "revenue": null,
            "common_shares": null,
            "equity": null,
            "current_ratio": null,
            "debt_ratio": null,
            "inventory_turnover_ratio": null,
            "account_receivable_turnover_ratio": null,
            "reinvestment_rate": null,
            "research_to_sale_ratio": null,
            "price_fair": 0,
            "eps_avg_yearly": 0,
            "eps_latest_yearly": 0,
            "eps_growth_yearly": 0
        },
        "20013": {
            "year_quarter": 20013,
            "year": 2001,
            "quarter": 3,
            "eps": null,
            "eps_growth_year": null,
            "eps_4q": null,
            "eps_4q_growth_year": null,
            "roe": null,
            "gross_profit": null,
            "gross_margin": null,
            "net_income": null,
            "revenue": null,
            "common_shares": null,
            "equity": null,
            "current_ratio": null,
            "debt_ratio": null,
            "inventory_turnover_ratio": null,
            "account_receivable_turnover_ratio": null,
            "reinvestment_rate": null,
            "research_to_sale_ratio": null,
            "price_fair": 0,
            "eps_avg_yearly": 0,
            "eps_latest_yearly": 0,
            "eps_growth_yearly": 0
        },
        "20014": {
            "year_quarter": 20014,
            "year": 2001,
            "quarter": 4,
            "eps": null,
            "eps_growth_year": null,
            "eps_4q": null,
            "eps_4q_growth_year": null,
            "roe": null,
            "gross_profit": null,
            "gross_margin": null,
            "net_income": null,
            "revenue": null,
            "common_shares": null,
            "equity": null,
            "current_ratio": null,
            "debt_ratio": null,
            "inventory_turnover_ratio": null,
            "account_receivable_turnover_ratio": null,
            "reinvestment_rate": null,
            "research_to_sale_ratio": null,
            "price_fair": 0,
            "eps_avg_yearly": 0,
            "eps_latest_yearly": 0,
            "eps_growth_yearly": 0
        },
        "20021": {
            "year_quarter": 20021,
            "year": 2002,
            "quarter": 1,
            "eps": null,
            "eps_growth_year": null,
            "eps_4q": null,
            "eps_4q_growth_year": null,
            "roe": null,
            "gross_profit": null,
            "gross_margin": null,
            "net_income": null,
            "revenue": null,
            "common_shares": null,
            "equity": null,
            "current_ratio": null,
            "debt_ratio": null,
            "inventory_turnover_ratio": null,
            "account_receivable_turnover_ratio": null,
            "reinvestment_rate": null,
            "research_to_sale_ratio": null,
            "price_fair": 0,
            "eps_avg_yearly": 0,
            "eps_latest_yearly": 0,
            "eps_growth_yearly": 0
        },
        "20022": {
            "year_quarter": 20022,
            "year": 2002,
            "quarter": 2,
            "eps": null,
            "eps_growth_year": null,
            "eps_4q": null,
            "eps_4q_growth_year": null,
            "roe": null,
            "gross_profit": null,
            "gross_margin": null,
            "net_income": null,
            "revenue": null,
            "common_shares": null,
            "equity": null,
            "current_ratio": null,
            "debt_ratio": null,
            "inventory_turnover_ratio": null,
            "account_receivable_turnover_ratio": null,
            "reinvestment_rate": null,
            "research_to_sale_ratio": null,
            "price_fair": 0,
            "eps_avg_yearly": 0,
            "eps_latest_yearly": 0,
            "eps_growth_yearly": 0
        },
        "20023": {
            "year_quarter": 20023,
            "year": 2002,
            "quarter": 3,
            "eps": null,
            "eps_growth_year": null,
            "eps_4q": null,
            "eps_4q_growth_year": null,
            "roe": null,
            "gross_profit": null,
            "gross_margin": null,
            "net_income": null,
            "revenue": null,
            "common_shares": null,
            "equity": null,
            "current_ratio": null,
            "debt_ratio": null,
            "inventory_turnover_ratio": null,
            "account_receivable_turnover_ratio": null,
            "reinvestment_rate": null,
            "research_to_sale_ratio": null,
            "price_fair": 0,
            "eps_avg_yearly": 0,
            "eps_latest_yearly": 0,
            "eps_growth_yearly": 0
        },
        "20024": {
            "year_quarter": 20024,
            "year": 2002,
            "quarter": 4,
            "eps": null,
            "eps_growth_year": null,
            "eps_4q": null,
            "eps_4q_growth_year": null,
            "roe": null,
            "gross_profit": null,
            "gross_margin": null,
            "net_income": null,
            "revenue": null,
            "common_shares": null,
            "equity": null,
            "current_ratio": null,
            "debt_ratio": null,
            "inventory_turnover_ratio": null,
            "account_receivable_turnover_ratio": null,
            "reinvestment_rate": null,
            "research_to_sale_ratio": null,
            "price_fair": 0,
            "eps_avg_yearly": 0,
            "eps_latest_yearly": 0,
            "eps_growth_yearly": 0
        },
        "20031": {
            "year_quarter": 20031,
            "year": 2003,
            "quarter": 1,
            "eps": null,
            "eps_growth_year": null,
            "eps_4q": null,
            "eps_4q_growth_year": null,
            "roe": null,
            "gross_profit": null,
            "gross_margin": null,
            "net_income": null,
            "revenue": null,
            "common_shares": null,
            "equity": null,
            "current_ratio": null,
            "debt_ratio": null,
            "inventory_turnover_ratio": null,
            "account_receivable_turnover_ratio": null,
            "reinvestment_rate": null,
            "research_to_sale_ratio": null,
            "price_fair": 0,
            "eps_avg_yearly": 0,
            "eps_latest_yearly": 0,
            "eps_growth_yearly": 0
        },
        "20032": {
            "year_quarter": 20032,
            "year": 2003,
            "quarter": 2,
            "eps": null,
            "eps_growth_year": null,
            "eps_4q": null,
            "eps_4q_growth_year": null,
            "roe": null,
            "gross_profit": null,
            "gross_margin": null,
            "net_income": null,
            "revenue": null,
            "common_shares": null,
            "equity": null,
            "current_ratio": null,
            "debt_ratio": null,
            "inventory_turnover_ratio": null,
            "account_receivable_turnover_ratio": null,
            "reinvestment_rate": null,
            "research_to_sale_ratio": null,
            "price_fair": 0,
            "eps_avg_yearly": 0,
            "eps_latest_yearly": 0,
            "eps_growth_yearly": 0
        },
        "20033": {
            "year_quarter": 20033,
            "year": 2003,
            "quarter": 3,
            "eps": null,
            "eps_growth_year": null,
            "eps_4q": null,
            "eps_4q_growth_year": null,
            "roe": null,
            "gross_profit": null,
            "gross_margin": null,
            "net_income": null,
            "revenue": null,
            "common_shares": null,
            "equity": null,
            "current_ratio": null,
            "debt_ratio": null,
            "inventory_turnover_ratio": null,
            "account_receivable_turnover_ratio": null,
            "reinvestment_rate": null,
            "research_to_sale_ratio": null,
            "price_fair": 0,
            "eps_avg_yearly": 0,
            "eps_latest_yearly": 0,
            "eps_growth_yearly": 0
        },
        "20034": {
            "year_quarter": 20034,
            "year": 2003,
            "quarter": 4,
            "eps": null,
            "eps_growth_year": null,
            "eps_4q": null,
            "eps_4q_growth_year": null,
            "roe": null,
            "gross_profit": null,
            "gross_margin": null,
            "net_income": null,
            "revenue": null,
            "common_shares": null,
            "equity": null,
            "current_ratio": null,
            "debt_ratio": null,
            "inventory_turnover_ratio": null,
            "account_receivable_turnover_ratio": null,
            "reinvestment_rate": null,
            "research_to_sale_ratio": null,
            "price_fair": 0,
            "eps_avg_yearly": 0,
            "eps_latest_yearly": 0,
            "eps_growth_yearly": 0
        },
        "20041": {
            "year_quarter": 20041,
            "year": 2004,
            "quarter": 1,
            "eps": null,
            "eps_growth_year": null,
            "eps_4q": null,
            "eps_4q_growth_year": null,
            "roe": null,
            "gross_profit": null,
            "gross_margin": null,
            "net_income": null,
            "revenue": null,
            "common_shares": null,
            "equity": null,
            "current_ratio": null,
            "debt_ratio": null,
            "inventory_turnover_ratio": null,
            "account_receivable_turnover_ratio": null,
            "reinvestment_rate": null,
            "research_to_sale_ratio": null,
            "price_fair": 0,
            "eps_avg_yearly": 0,
            "eps_latest_yearly": 0,
            "eps_growth_yearly": 0
        },
        "20042": {
            "year_quarter": 20042,
            "year": 2004,
            "quarter": 2,
            "eps": null,
            "eps_growth_year": null,
            "eps_4q": null,
            "eps_4q_growth_year": null,
            "roe": null,
            "gross_profit": null,
            "gross_margin": null,
            "net_income": null,
            "revenue": null,
            "common_shares": null,
            "equity": null,
            "current_ratio": null,
            "debt_ratio": null,
            "inventory_turnover_ratio": null,
            "account_receivable_turnover_ratio": null,
            "reinvestment_rate": null,
            "research_to_sale_ratio": null,
            "price_fair": 0,
            "eps_avg_yearly": 0,
            "eps_latest_yearly": 0,
            "eps_growth_yearly": 0
        },
        "20043": {
            "year_quarter": 20043,
            "year": 2004,
            "quarter": 3,
            "eps": null,
            "eps_growth_year": null,
            "eps_4q": null,
            "eps_4q_growth_year": null,
            "roe": null,
            "gross_profit": null,
            "gross_margin": null,
            "net_income": null,
            "revenue": null,
            "common_shares": null,
            "equity": null,
            "current_ratio": null,
            "debt_ratio": null,
            "inventory_turnover_ratio": null,
            "account_receivable_turnover_ratio": null,
            "reinvestment_rate": null,
            "research_to_sale_ratio": null,
            "price_fair": 0,
            "eps_avg_yearly": 0,
            "eps_latest_yearly": 0,
            "eps_growth_yearly": 0
        },
        "20044": {
            "year_quarter": 20044,
            "year": 2004,
            "quarter": 4,
            "eps": null,
            "eps_growth_year": null,
            "eps_4q": null,
            "eps_4q_growth_year": null,
            "roe": null,
            "gross_profit": null,
            "gross_margin": null,
            "net_income": null,
            "revenue": null,
            "common_shares": null,
            "equity": null,
            "current_ratio": null,
            "debt_ratio": null,
            "inventory_turnover_ratio": null,
            "account_receivable_turnover_ratio": null,
            "reinvestment_rate": null,
            "research_to_sale_ratio": null,
            "price_fair": 0,
            "eps_avg_yearly": 0,
            "eps_latest_yearly": 0,
            "eps_growth_yearly": 0
        },
        "20051": {
            "year_quarter": 20051,
            "year": 2005,
            "quarter": 1,
            "eps": null,
            "eps_growth_year": null,
            "eps_4q": null,
            "eps_4q_growth_year": null,
            "roe": null,
            "gross_profit": null,
            "gross_margin": null,
            "net_income": null,
            "revenue": null,
            "common_shares": null,
            "equity": null,
            "current_ratio": null,
            "debt_ratio": null,
            "inventory_turnover_ratio": null,
            "account_receivable_turnover_ratio": null,
            "reinvestment_rate": null,
            "research_to_sale_ratio": null,
            "price_fair": 0,
            "eps_avg_yearly": 0,
            "eps_latest_yearly": 0,
            "eps_growth_yearly": 0
        },
        "20052": {
            "year_quarter": 20052,
            "year": 2005,
            "quarter": 2,
            "eps": null,
            "eps_growth_year": null,
            "eps_4q": null,
            "eps_4q_growth_year": null,
            "roe": null,
            "gross_profit": null,
            "gross_margin": null,
            "net_income": null,
            "revenue": null,
            "common_shares": null,
            "equity": null,
            "current_ratio": null,
            "debt_ratio": null,
            "inventory_turnover_ratio": null,
            "account_receivable_turnover_ratio": null,
            "reinvestment_rate": null,
            "research_to_sale_ratio": null,
            "price_fair": 0,
            "eps_avg_yearly": 0,
            "eps_latest_yearly": 0,
            "eps_growth_yearly": 0
        },
        "20053": {
            "year_quarter": 20053,
            "year": 2005,
            "quarter": 3,
            "eps": null,
            "eps_growth_year": null,
            "eps_4q": null,
            "eps_4q_growth_year": null,
            "roe": null,
            "gross_profit": null,
            "gross_margin": null,
            "net_income": null,
            "revenue": null,
            "common_shares": null,
            "equity": null,
            "current_ratio": null,
            "debt_ratio": null,
            "inventory_turnover_ratio": null,
            "account_receivable_turnover_ratio": null,
            "reinvestment_rate": null,
            "research_to_sale_ratio": null,
            "price_fair": 0,
            "eps_avg_yearly": 0,
            "eps_latest_yearly": 0,
            "eps_growth_yearly": 0
        },
        "20054": {
            "year_quarter": 20054,
            "year": 2005,
            "quarter": 4,
            "eps": null,
            "eps_growth_year": null,
            "eps_4q": null,
            "eps_4q_growth_year": null,
            "roe": null,
            "gross_profit": null,
            "gross_margin": null,
            "net_income": null,
            "revenue": null,
            "common_shares": null,
            "equity": null,
            "current_ratio": null,
            "debt_ratio": null,
            "inventory_turnover_ratio": null,
            "account_receivable_turnover_ratio": null,
            "reinvestment_rate": null,
            "research_to_sale_ratio": null,
            "price_fair": 0,
            "eps_avg_yearly": 0,
            "eps_latest_yearly": 0,
            "eps_growth_yearly": 0
        },
        "20061": {
            "year_quarter": 20061,
            "year": 2006,
            "quarter": 1,
            "eps": null,
            "eps_growth_year": null,
            "eps_4q": null,
            "eps_4q_growth_year": null,
            "roe": null,
            "gross_profit": null,
            "gross_margin": null,
            "net_income": null,
            "revenue": null,
            "common_shares": null,
            "equity": null,
            "current_ratio": null,
            "debt_ratio": null,
            "inventory_turnover_ratio": null,
            "account_receivable_turnover_ratio": null,
            "reinvestment_rate": null,
            "research_to_sale_ratio": null,
            "price_fair": 0,
            "eps_avg_yearly": 0,
            "eps_latest_yearly": 0,
            "eps_growth_yearly": 0
        },
        "20062": {
            "year_quarter": 20062,
            "year": 2006,
            "quarter": 2,
            "eps": null,
            "eps_growth_year": null,
            "eps_4q": null,
            "eps_4q_growth_year": null,
            "roe": null,
            "gross_profit": null,
            "gross_margin": null,
            "net_income": null,
            "revenue": null,
            "common_shares": null,
            "equity": null,
            "current_ratio": null,
            "debt_ratio": null,
            "inventory_turnover_ratio": null,
            "account_receivable_turnover_ratio": null,
            "reinvestment_rate": null,
            "research_to_sale_ratio": null,
            "price_fair": 0,
            "eps_avg_yearly": 0,
            "eps_latest_yearly": 0,
            "eps_growth_yearly": 0
        },
        "20063": {
            "year_quarter": 20063,
            "year": 2006,
            "quarter": 3,
            "eps": null,
            "eps_growth_year": null,
            "eps_4q": null,
            "eps_4q_growth_year": null,
            "roe": null,
            "gross_profit": null,
            "gross_margin": null,
            "net_income": null,
            "revenue": null,
            "common_shares": null,
            "equity": null,
            "current_ratio": null,
            "debt_ratio": null,
            "inventory_turnover_ratio": null,
            "account_receivable_turnover_ratio": null,
            "reinvestment_rate": null,
            "research_to_sale_ratio": null,
            "price_fair": 0,
            "eps_avg_yearly": 0,
            "eps_latest_yearly": 0,
            "eps_growth_yearly": 0
        },
        "20064": {
            "year_quarter": 20064,
            "year": 2006,
            "quarter": 4,
            "eps": null,
            "eps_growth_year": null,
            "eps_4q": null,
            "eps_4q_growth_year": null,
            "roe": null,
            "gross_profit": null,
            "gross_margin": null,
            "net_income": null,
            "revenue": null,
            "common_shares": null,
            "equity": null,
            "current_ratio": null,
            "debt_ratio": null,
            "inventory_turnover_ratio": null,
            "account_receivable_turnover_ratio": null,
            "reinvestment_rate": null,
            "research_to_sale_ratio": null,
            "price_fair": 0,
            "eps_avg_yearly": 0,
            "eps_latest_yearly": 0,
            "eps_growth_yearly": 0
        },
        "20071": {
            "year_quarter": 20071,
            "year": 2007,
            "quarter": 1,
            "eps": null,
            "eps_growth_year": null,
            "eps_4q": null,
            "eps_4q_growth_year": null,
            "roe": null,
            "gross_profit": null,
            "gross_margin": null,
            "net_income": null,
            "revenue": null,
            "common_shares": null,
            "equity": null,
            "current_ratio": null,
            "debt_ratio": null,
            "inventory_turnover_ratio": null,
            "account_receivable_turnover_ratio": null,
            "reinvestment_rate": null,
            "research_to_sale_ratio": null,
            "price_fair": 0,
            "eps_avg_yearly": 0,
            "eps_latest_yearly": 0,
            "eps_growth_yearly": 0
        },
        "20072": {
            "year_quarter": 20072,
            "year": 2007,
            "quarter": 2,
            "eps": null,
            "eps_growth_year": null,
            "eps_4q": null,
            "eps_4q_growth_year": null,
            "roe": null,
            "gross_profit": null,
            "gross_margin": null,
            "net_income": null,
            "revenue": null,
            "common_shares": null,
            "equity": null,
            "current_ratio": null,
            "debt_ratio": null,
            "inventory_turnover_ratio": null,
            "account_receivable_turnover_ratio": null,
            "reinvestment_rate": null,
            "research_to_sale_ratio": null,
            "price_fair": 0,
            "eps_avg_yearly": 0,
            "eps_latest_yearly": 0,
            "eps_growth_yearly": 0
        },
        "20073": {
            "year_quarter": 20073,
            "year": 2007,
            "quarter": 3,
            "eps": null,
            "eps_growth_year": null,
            "eps_4q": null,
            "eps_4q_growth_year": null,
            "roe": null,
            "gross_profit": null,
            "gross_margin": null,
            "net_income": null,
            "revenue": null,
            "common_shares": null,
            "equity": null,
            "current_ratio": null,
            "debt_ratio": null,
            "inventory_turnover_ratio": null,
            "account_receivable_turnover_ratio": null,
            "reinvestment_rate": null,
            "research_to_sale_ratio": null,
            "price_fair": 0,
            "eps_avg_yearly": 0,
            "eps_latest_yearly": 0,
            "eps_growth_yearly": 0
        },
        "20074": {
            "year_quarter": 20074,
            "year": 2007,
            "quarter": 4,
            "eps": null,
            "eps_growth_year": null,
            "eps_4q": null,
            "eps_4q_growth_year": null,
            "roe": null,
            "gross_profit": null,
            "gross_margin": null,
            "net_income": null,
            "revenue": null,
            "common_shares": null,
            "equity": null,
            "current_ratio": null,
            "debt_ratio": null,
            "inventory_turnover_ratio": null,
            "account_receivable_turnover_ratio": null,
            "reinvestment_rate": null,
            "research_to_sale_ratio": null,
            "price_fair": 0,
            "eps_avg_yearly": 0,
            "eps_latest_yearly": 0,
            "eps_growth_yearly": 0
        },
        "20081": {
            "year_quarter": 20081,
            "year": 2008,
            "quarter": 1,
            "eps": null,
            "eps_growth_year": null,
            "eps_4q": null,
            "eps_4q_growth_year": null,
            "roe": null,
            "gross_profit": null,
            "gross_margin": null,
            "net_income": null,
            "revenue": null,
            "common_shares": null,
            "equity": null,
            "current_ratio": null,
            "debt_ratio": null,
            "inventory_turnover_ratio": null,
            "account_receivable_turnover_ratio": null,
            "reinvestment_rate": null,
            "research_to_sale_ratio": null,
            "price_fair": 0,
            "eps_avg_yearly": 0,
            "eps_latest_yearly": 0,
            "eps_growth_yearly": 0
        },
        "20082": {
            "year_quarter": 20082,
            "year": 2008,
            "quarter": 2,
            "eps": null,
            "eps_growth_year": null,
            "eps_4q": null,
            "eps_4q_growth_year": null,
            "roe": null,
            "gross_profit": null,
            "gross_margin": null,
            "net_income": null,
            "revenue": null,
            "common_shares": null,
            "equity": null,
            "current_ratio": null,
            "debt_ratio": null,
            "inventory_turnover_ratio": null,
            "account_receivable_turnover_ratio": null,
            "reinvestment_rate": null,
            "research_to_sale_ratio": null,
            "price_fair": 0,
            "eps_avg_yearly": 0,
            "eps_latest_yearly": 0,
            "eps_growth_yearly": 0
        },
        "20083": {
            "year_quarter": 20083,
            "year": 2008,
            "quarter": 3,
            "eps": null,
            "eps_growth_year": null,
            "eps_4q": null,
            "eps_4q_growth_year": null,
            "roe": null,
            "gross_profit": null,
            "gross_margin": null,
            "net_income": null,
            "revenue": null,
            "common_shares": null,
            "equity": null,
            "current_ratio": null,
            "debt_ratio": null,
            "inventory_turnover_ratio": null,
            "account_receivable_turnover_ratio": null,
            "reinvestment_rate": null,
            "research_to_sale_ratio": null,
            "price_fair": 0,
            "eps_avg_yearly": 0,
            "eps_latest_yearly": 0,
            "eps_growth_yearly": 0
        },
        "20084": {
            "year_quarter": 20084,
            "year": 2008,
            "quarter": 4,
            "eps": null,
            "eps_growth_year": null,
            "eps_4q": null,
            "eps_4q_growth_year": null,
            "roe": null,
            "gross_profit": null,
            "gross_margin": null,
            "net_income": null,
            "revenue": null,
            "common_shares": 5392491,
            "equity": 3670694,
            "current_ratio": null,
            "debt_ratio": null,
            "inventory_turnover_ratio": null,
            "account_receivable_turnover_ratio": null,
            "reinvestment_rate": null,
            "research_to_sale_ratio": null,
            "price_fair": 0,
            "eps_avg_yearly": 0,
            "eps_latest_yearly": 0,
            "eps_growth_yearly": 0
        },
        "20091": {
            "year_quarter": 20091,
            "year": 2009,
            "quarter": 1,
            "eps": null,
            "eps_growth_year": null,
            "eps_4q": null,
            "eps_4q_growth_year": null,
            "roe": null,
            "gross_profit": 1403942,
            "gross_margin": null,
            "net_income": 614145,
            "revenue": 20099470,
            "common_shares": 6392491,
            "equity": 6087383,
            "current_ratio": null,
            "debt_ratio": null,
            "inventory_turnover_ratio": null,
            "account_receivable_turnover_ratio": null,
            "reinvestment_rate": null,
            "research_to_sale_ratio": null,
            "price_fair": 0,
            "eps_avg_yearly": 0,
            "eps_latest_yearly": 0,
            "eps_growth_yearly": 0
        },
        "20092": {
            "year_quarter": 20092,
            "year": 2009,
            "quarter": 2,
            "eps": null,
            "eps_growth_year": null,
            "eps_4q": null,
            "eps_4q_growth_year": null,
            "roe": null,
            "gross_profit": 486980,
            "gross_margin": null,
            "net_income": -12100,
            "revenue": 18392840,
            "common_shares": 6392491,
            "equity": 6443065,
            "current_ratio": null,
            "debt_ratio": null,
            "inventory_turnover_ratio": null,
            "account_receivable_turnover_ratio": null,
            "reinvestment_rate": null,
            "research_to_sale_ratio": null,
            "price_fair": 0,
            "eps_avg_yearly": 0,
            "eps_latest_yearly": 0,
            "eps_growth_yearly": 0
        },
        "20093": {
            "year_quarter": 20093,
            "year": 2009,
            "quarter": 3,
            "eps": null,
            "eps_growth_year": null,
            "eps_4q": null,
            "eps_4q_growth_year": null,
            "roe": null,
            "gross_profit": 1862992,
            "gross_margin": null,
            "net_income": 1012243,
            "revenue": 21301777,
            "common_shares": 6392491,
            "equity": 8636048,
            "current_ratio": null,
            "debt_ratio": null,
            "inventory_turnover_ratio": null,
            "account_receivable_turnover_ratio": null,
            "reinvestment_rate": null,
            "research_to_sale_ratio": null,
            "price_fair": 0,
            "eps_avg_yearly": 0,
            "eps_latest_yearly": 0,
            "eps_growth_yearly": 0
        },
        "20094": {
            "year_quarter": 20094,
            "year": 2009,
            "quarter": 4,
            "eps": null,
            "eps_growth_year": null,
            "eps_4q": null,
            "eps_4q_growth_year": null,
            "roe": null,
            "gross_profit": 3841023,
            "gross_margin": null,
            "net_income": 2955644,
            "revenue": 23229706,
            "common_shares": 6392491,
            "equity": 11556936,
            "current_ratio": 1687.55,
            "debt_ratio": 96.08,
            "inventory_turnover_ratio": null,
            "account_receivable_turnover_ratio": null,
            "reinvestment_rate": null,
            "research_to_sale_ratio": null,
            "price_fair": 0,
            "eps_avg_yearly": 0,
            "eps_latest_yearly": 0,
            "eps_growth_yearly": 0
        },
        "20101": {
            "year_quarter": 20101,
            "year": 2010,
            "quarter": 1,
            "eps": 0.06,
            "eps_growth_year": null,
            "eps_4q": 0.06,
            "eps_4q_growth_year": null,
            "roe": 0.34,
            "gross_profit": 625875,
            "gross_margin": 3.06,
            "net_income": 38141,
            "revenue": 20481608,
            "common_shares": 6392491,
            "equity": 11182757,
            "current_ratio": 1328.88,
            "debt_ratio": 96.31,
            "inventory_turnover_ratio": null,
            "account_receivable_turnover_ratio": 24.38,
            "reinvestment_rate": null,
            "research_to_sale_ratio": null,
            "price_fair": 0,
            "eps_avg_yearly": 0,
            "eps_latest_yearly": 0,
            "eps_growth_yearly": 0
        },
        "20102": {
            "year_quarter": 20102,
            "year": 2010,
            "quarter": 2,
            "eps": -0.85,
            "eps_growth_year": null,
            "eps_4q": -0.79,
            "eps_4q_growth_year": null,
            "roe": -6.25,
            "gross_profit": 224860,
            "gross_margin": 0.97,
            "net_income": -629614,
            "revenue": 23113718,
            "common_shares": 6458065,
            "equity": 8952190,
            "current_ratio": 1052.54,
            "debt_ratio": 97.11,
            "inventory_turnover_ratio": null,
            "account_receivable_turnover_ratio": 33.57,
            "reinvestment_rate": null,
            "research_to_sale_ratio": null,
            "price_fair": 0,
            "eps_avg_yearly": 0,
            "eps_latest_yearly": 0,
            "eps_growth_yearly": 0
        },
        "20103": {
            "year_quarter": 20103,
            "year": 2010,
            "quarter": 3,
            "eps": 0.1,
            "eps_growth_year": null,
            "eps_4q": -0.7,
            "eps_4q_growth_year": null,
            "roe": 0.71,
            "gross_profit": 773929,
            "gross_margin": 3.42,
            "net_income": 70017,
            "revenue": 22602115,
            "common_shares": 7416939,
            "equity": 10802776,
            "current_ratio": 871.16,
            "debt_ratio": 96.67,
            "inventory_turnover_ratio": null,
            "account_receivable_turnover_ratio": 32.41,
            "reinvestment_rate": null,
            "research_to_sale_ratio": null,
            "price_fair": 0,
            "eps_avg_yearly": 0,
            "eps_latest_yearly": 0,
            "eps_growth_yearly": 0
        },
        "20104": {
            "year_quarter": 20104,
            "year": 2010,
            "quarter": 4,
            "eps": 2.69,
            "eps_growth_year": null,
            "eps_4q": 1.99,
            "eps_4q_growth_year": null,
            "roe": 17.81,
            "gross_profit": 1636337,
            "gross_margin": 5.27,
            "net_income": 1990738,
            "revenue": 31062984,
            "common_shares": 7416939,
            "equity": 11550738,
            "current_ratio": 1404.98,
            "debt_ratio": 96.48,
            "inventory_turnover_ratio": null,
            "account_receivable_turnover_ratio": 39.2,
            "reinvestment_rate": null,
            "research_to_sale_ratio": null,
            "price_fair": 376.6,
            "eps_avg_yearly": 10.76,
            "eps_latest_yearly": 10.76,
            "eps_growth_yearly": 10360
        },
        "20111": {
            "year_quarter": 20111,
            "year": 2011,
            "quarter": 1,
            "eps": 0.74,
            "eps_growth_year": 1133.33,
            "eps_4q": 2.66,
            "eps_4q_growth_year": 4238.48,
            "roe": 4.71,
            "gross_profit": null,
            "gross_margin": null,
            "net_income": 544447,
            "revenue": 15057317,
            "common_shares": 7447059,
            "equity": 11575480,
            "current_ratio": null,
            "debt_ratio": 96.56,
            "inventory_turnover_ratio": null,
            "account_receivable_turnover_ratio": 18.11,
            "reinvestment_rate": null,
            "research_to_sale_ratio": null,
            "price_fair": 240.1,
            "eps_avg_yearly": 6.86,
            "eps_latest_yearly": 2.96,
            "eps_growth_yearly": 5035.02
        },
        "20112": {
            "year_quarter": 20112,
            "year": 2011,
            "quarter": 2,
            "eps": -0.27,
            "eps_growth_year": null,
            "eps_4q": 3.07,
            "eps_4q_growth_year": null,
            "roe": -1.9,
            "gross_profit": null,
            "gross_margin": null,
            "net_income": -208949,
            "revenue": 16491016,
            "common_shares": 7447059,
            "equity": 10401825,
            "current_ratio": null,
            "debt_ratio": 96.99,
            "inventory_turnover_ratio": null,
            "account_receivable_turnover_ratio": 19.44,
            "reinvestment_rate": null,
            "research_to_sale_ratio": null,
            "price_fair": 240.1,
            "eps_avg_yearly": 6.86,
            "eps_latest_yearly": 2.96,
            "eps_growth_yearly": 5035.02
        },
        "20113": {
            "year_quarter": 20113,
            "year": 2011,
            "quarter": 3,
            "eps": -0.13,
            "eps_growth_year": -236.68,
            "eps_4q": 2.85,
            "eps_4q_growth_year": null,
            "roe": -1.13,
            "gross_profit": null,
            "gross_margin": null,
            "net_income": -102815,
            "revenue": 18212371,
            "common_shares": 7819412,
            "equity": 7821401,
            "current_ratio": null,
            "debt_ratio": 97.76,
            "inventory_turnover_ratio": null,
            "account_receivable_turnover_ratio": 20.65,
            "reinvestment_rate": null,
            "research_to_sale_ratio": null,
            "price_fair": 240.1,
            "eps_avg_yearly": 6.86,
            "eps_latest_yearly": 2.96,
            "eps_growth_yearly": 5035.02
        },
        "20114": {
            "year_quarter": 20114,
            "year": 2011,
            "quarter": 4,
            "eps": 0.08,
            "eps_growth_year": -96.93,
            "eps_4q": 0.36,
            "eps_4q_growth_year": -82.01,
            "roe": 0.83,
            "gross_profit": null,
            "gross_margin": null,
            "net_income": 70694,
            "revenue": 15803314,
            "common_shares": 8569412,
            "equity": 9202613,
            "current_ratio": null,
            "debt_ratio": 97.44,
            "inventory_turnover_ratio": null,
            "account_receivable_turnover_ratio": 16.28,
            "reinvestment_rate": null,
            "research_to_sale_ratio": null,
            "price_fair": 240.1,
            "eps_avg_yearly": 6.86,
            "eps_latest_yearly": 2.96,
            "eps_growth_yearly": 5035.02
        },
        "20121": {
            "year_quarter": 20121,
            "year": 2012,
            "quarter": 1,
            "eps": 0.67,
            "eps_growth_year": -9.46,
            "eps_4q": 0.39,
            "eps_4q_growth_year": -85.5,
            "roe": 5.44,
            "gross_profit": null,
            "gross_margin": null,
            "net_income": 570475,
            "revenue": 22036254,
            "common_shares": 8569412,
            "equity": 11777305,
            "current_ratio": null,
            "debt_ratio": 96.84,
            "inventory_turnover_ratio": null,
            "account_receivable_turnover_ratio": 22.47,
            "reinvestment_rate": null,
            "research_to_sale_ratio": null,
            "price_fair": 191.33,
            "eps_avg_yearly": 5.47,
            "eps_latest_yearly": 2.68,
            "eps_growth_yearly": 4340.01
        },
        "20122": {
            "year_quarter": 20122,
            "year": 2012,
            "quarter": 2,
            "eps": -0.11,
            "eps_growth_year": null,
            "eps_4q": 0.52,
            "eps_4q_growth_year": -82.97,
            "roe": -0.81,
            "gross_profit": null,
            "gross_margin": null,
            "net_income": -90264,
            "revenue": 24423226,
            "common_shares": 8569412,
            "equity": 10581299,
            "current_ratio": null,
            "debt_ratio": 97.3,
            "inventory_turnover_ratio": null,
            "account_receivable_turnover_ratio": 25.63,
            "reinvestment_rate": null,
            "research_to_sale_ratio": null,
            "price_fair": 191.33,
            "eps_avg_yearly": 5.47,
            "eps_latest_yearly": 2.68,
            "eps_growth_yearly": 4340.01
        },
        "20123": {
            "year_quarter": 20123,
            "year": 2012,
            "quarter": 3,
            "eps": 0.64,
            "eps_growth_year": null,
            "eps_4q": 1.28,
            "eps_4q_growth_year": -55.12,
            "roe": 4.63,
            "gross_profit": null,
            "gross_margin": null,
            "net_income": 544437,
            "revenue": 23331320,
            "common_shares": 8569412,
            "equity": 12957039,
            "current_ratio": null,
            "debt_ratio": 96.8,
            "inventory_turnover_ratio": null,
            "account_receivable_turnover_ratio": 23.44,
            "reinvestment_rate": null,
            "research_to_sale_ratio": null,
            "price_fair": 191.33,
            "eps_avg_yearly": 5.47,
            "eps_latest_yearly": 2.68,
            "eps_growth_yearly": 4340.01
        },
        "20124": {
            "year_quarter": 20124,
            "year": 2012,
            "quarter": 4,
            "eps": 1.17,
            "eps_growth_year": 1316.1,
            "eps_4q": 2.36,
            "eps_4q_growth_year": 561.37,
            "roe": 6.76,
            "gross_profit": null,
            "gross_margin": null,
            "net_income": 1001098,
            "revenue": 20078831,
            "common_shares": 8569412,
            "equity": 16671423,
            "current_ratio": null,
            "debt_ratio": 95.98,
            "inventory_turnover_ratio": null,
            "account_receivable_turnover_ratio": 19.16,
            "reinvestment_rate": 33.35,
            "research_to_sale_ratio": null,
            "price_fair": 184.45,
            "eps_avg_yearly": 5.27,
            "eps_latest_yearly": 4.68,
            "eps_growth_yearly": 3337.82
        },
        "20131": {
            "year_quarter": 20131,
            "year": 2013,
            "quarter": 1,
            "eps": 0.76,
            "eps_growth_year": 13.43,
            "eps_4q": 2.4,
            "eps_4q_growth_year": 522.2,
            "roe": 3.97,
            "gross_profit": null,
            "gross_margin": null,
            "net_income": 660935,
            "revenue": 19913119,
            "common_shares": 8818922,
            "equity": 16642474,
            "current_ratio": null,
            "debt_ratio": 96.11,
            "inventory_turnover_ratio": null,
            "account_receivable_turnover_ratio": 18.5,
            "reinvestment_rate": 40.97,
            "research_to_sale_ratio": null,
            "price_fair": 168.84,
            "eps_avg_yearly": 4.82,
            "eps_latest_yearly": 3.04,
            "eps_growth_yearly": 2642.22
        },
        "20132": {
            "year_quarter": 20132,
            "year": 2013,
            "quarter": 2,
            "eps": -0.41,
            "eps_growth_year": null,
            "eps_4q": 1.97,
            "eps_4q_growth_year": 277.66,
            "roe": -2.42,
            "gross_profit": null,
            "gross_margin": null,
            "net_income": -359503,
            "revenue": 17034611,
            "common_shares": 8823815,
            "equity": 13073086,
            "current_ratio": null,
            "debt_ratio": 96.97,
            "inventory_turnover_ratio": null,
            "account_receivable_turnover_ratio": 15.25,
            "reinvestment_rate": 35.71,
            "research_to_sale_ratio": null,
            "price_fair": 168.84,
            "eps_avg_yearly": 4.82,
            "eps_latest_yearly": 3.04,
            "eps_growth_yearly": 2642.22
        },
        "20133": {
            "year_quarter": 20133,
            "year": 2013,
            "quarter": 3,
            "eps": 0.73,
            "eps_growth_year": 14.9,
            "eps_4q": 2.11,
            "eps_4q_growth_year": 65.32,
            "roe": 5.27,
            "gross_profit": null,
            "gross_margin": null,
            "net_income": 679297,
            "revenue": 21743919,
            "common_shares": 9378884,
            "equity": 12719354,
            "current_ratio": null,
            "debt_ratio": 97.09,
            "inventory_turnover_ratio": null,
            "account_receivable_turnover_ratio": 17.97,
            "reinvestment_rate": 38.54,
            "research_to_sale_ratio": null,
            "price_fair": 168.84,
            "eps_avg_yearly": 4.82,
            "eps_latest_yearly": 3.04,
            "eps_growth_yearly": 2642.22
        },
        "20134": {
            "year_quarter": 20134,
            "year": 2013,
            "quarter": 4,
            "eps": -0.53,
            "eps_growth_year": -145,
            "eps_4q": 0.5,
            "eps_4q_growth_year": -78.91,
            "roe": -3.93,
            "gross_profit": null,
            "gross_margin": null,
            "net_income": -503425,
            "revenue": 24056314,
            "common_shares": 9575979,
            "equity": 12868092,
            "current_ratio": null,
            "debt_ratio": 97.14,
            "inventory_turnover_ratio": null,
            "account_receivable_turnover_ratio": 18.2,
            "reinvestment_rate": 39.66,
            "research_to_sale_ratio": null,
            "price_fair": 168.84,
            "eps_avg_yearly": 4.82,
            "eps_latest_yearly": 3.04,
            "eps_growth_yearly": 2642.22
        },
        "20141": {
            "year_quarter": 20141,
            "year": 2014,
            "quarter": 1,
            "eps": 0.49,
            "eps_growth_year": -35.53,
            "eps_4q": 0.3,
            "eps_4q_growth_year": -87.43,
            "roe": 3.5,
            "gross_profit": null,
            "gross_margin": null,
            "net_income": 475651,
            "revenue": 24535582,
            "common_shares": 9682307,
            "equity": 14342610,
            "current_ratio": null,
            "debt_ratio": 96.91,
            "inventory_turnover_ratio": null,
            "account_receivable_turnover_ratio": 17.56,
            "reinvestment_rate": 24.87,
            "research_to_sale_ratio": null,
            "price_fair": 168.84,
            "eps_avg_yearly": 4.82,
            "eps_latest_yearly": 3.04,
            "eps_growth_yearly": 2642.22
        },
        "20142": {
            "year_quarter": 20142,
            "year": 2014,
            "quarter": 2,
            "eps": -0.01,
            "eps_growth_year": null,
            "eps_4q": 0.66,
            "eps_4q_growth_year": -66.65,
            "roe": -0.09,
            "gross_profit": null,
            "gross_margin": null,
            "net_income": -13909,
            "revenue": 25577862,
            "common_shares": 9682307,
            "equity": 15158618,
            "current_ratio": null,
            "debt_ratio": 96.83,
            "inventory_turnover_ratio": null,
            "account_receivable_turnover_ratio": 31.2,
            "reinvestment_rate": 3.51,
            "research_to_sale_ratio": null,
            "price_fair": 168.84,
            "eps_avg_yearly": 4.82,
            "eps_latest_yearly": 3.04,
            "eps_growth_yearly": 2642.22
        },
        "20143": {
            "year_quarter": 20143,
            "year": 2014,
            "quarter": 3,
            "eps": 1.57,
            "eps_growth_year": 115.07,
            "eps_4q": 1.52,
            "eps_4q_growth_year": -27.86,
            "roe": 10.36,
            "gross_profit": null,
            "gross_margin": null,
            "net_income": 1517633,
            "revenue": 24130219,
            "common_shares": 9682307,
            "equity": 14152463,
            "current_ratio": null,
            "debt_ratio": 97.13,
            "inventory_turnover_ratio": null,
            "account_receivable_turnover_ratio": 101.38,
            "reinvestment_rate": 2.62,
            "research_to_sale_ratio": null,
            "price_fair": 168.84,
            "eps_avg_yearly": 4.82,
            "eps_latest_yearly": 3.04,
            "eps_growth_yearly": 2642.22
        },
        "20144": {
            "year_quarter": 20144,
            "year": 2014,
            "quarter": 4,
            "eps": -0.17,
            "eps_growth_year": null,
            "eps_4q": 1.87,
            "eps_4q_growth_year": 275.79,
            "roe": -1.1,
            "gross_profit": null,
            "gross_margin": null,
            "net_income": -165791,
            "revenue": 21688270,
            "common_shares": 9682307,
            "equity": 15987270,
            "current_ratio": null,
            "debt_ratio": 96.85,
            "inventory_turnover_ratio": null,
            "account_receivable_turnover_ratio": 81.52,
            "reinvestment_rate": 24.94,
            "research_to_sale_ratio": null,
            "price_fair": 116.9,
            "eps_avg_yearly": 3.34,
            "eps_latest_yearly": 3.04,
            "eps_growth_yearly": 712.78
        },
        "20151": {
            "year_quarter": 20151,
            "year": 2015,
            "quarter": 1,
            "eps": 1.2,
            "eps_growth_year": 144.9,
            "eps_4q": 2.58,
            "eps_4q_growth_year": 754.94,
            "roe": 6.95,
            "gross_profit": null,
            "gross_margin": null,
            "net_income": 1158679,
            "revenue": 20966793,
            "common_shares": 9682307,
            "equity": 17341782,
            "current_ratio": null,
            "debt_ratio": 96.64,
            "inventory_turnover_ratio": null,
            "account_receivable_turnover_ratio": 86.46,
            "reinvestment_rate": 39.61,
            "research_to_sale_ratio": null,
            "price_fair": 121.33,
            "eps_avg_yearly": 3.47,
            "eps_latest_yearly": 3.04,
            "eps_growth_yearly": 1047.03
        },
        "20152": {
            "year_quarter": 20152,
            "year": 2015,
            "quarter": 2,
            "eps": -0.02,
            "eps_growth_year": null,
            "eps_4q": 2.38,
            "eps_4q_growth_year": 261.07,
            "roe": -0.14,
            "gross_profit": null,
            "gross_margin": null,
            "net_income": -24094,
            "revenue": 21131721,
            "common_shares": 9682307,
            "equity": 16067863,
            "current_ratio": null,
            "debt_ratio": 96.93,
            "inventory_turnover_ratio": null,
            "account_receivable_turnover_ratio": 97.29,
            "reinvestment_rate": 38.24,
            "research_to_sale_ratio": null,
            "price_fair": 121.33,
            "eps_avg_yearly": 3.47,
            "eps_latest_yearly": 3.04,
            "eps_growth_yearly": 1047.03
        },
        "20153": {
            "year_quarter": 20153,
            "year": 2015,
            "quarter": 3,
            "eps": -1.89,
            "eps_growth_year": -220.38,
            "eps_4q": -0.82,
            "eps_4q_growth_year": -153.85,
            "roe": -12.75,
            "gross_profit": null,
            "gross_margin": null,
            "net_income": -1827217,
            "revenue": 15680567,
            "common_shares": 9682307,
            "equity": 12585499,
            "current_ratio": null,
            "debt_ratio": 97.65,
            "inventory_turnover_ratio": null,
            "account_receivable_turnover_ratio": 64.21,
            "reinvestment_rate": 11.5,
            "research_to_sale_ratio": null,
            "price_fair": 121.33,
            "eps_avg_yearly": 3.47,
            "eps_latest_yearly": 3.04,
            "eps_growth_yearly": 1047.03
        },
        "20154": {
            "year_quarter": 20154,
            "year": 2015,
            "quarter": 4,
            "eps": -0.69,
            "eps_growth_year": null,
            "eps_4q": -1.14,
            "eps_4q_growth_year": -160.87,
            "roe": -5.84,
            "gross_profit": null,
            "gross_margin": null,
            "net_income": -1069756,
            "revenue": 20800485,
            "common_shares": 15456892,
            "equity": 24040039,
            "current_ratio": null,
            "debt_ratio": 95.66,
            "inventory_turnover_ratio": null,
            "account_receivable_turnover_ratio": 82.5,
            "reinvestment_rate": 13.6,
            "research_to_sale_ratio": null,
            "price_fair": 121.33,
            "eps_avg_yearly": 3.47,
            "eps_latest_yearly": 3.04,
            "eps_growth_yearly": 1047.03
        },
        "20161": {
            "year_quarter": 20161,
            "year": 2016,
            "quarter": 1,
            "eps": 0.44,
            "eps_growth_year": -63.33,
            "eps_4q": -0.52,
            "eps_4q_growth_year": -119.99,
            "roe": 2.97,
            "gross_profit": null,
            "gross_margin": null,
            "net_income": 1346244,
            "revenue": 69154907,
            "common_shares": 30556324,
            "equity": 66700973,
            "current_ratio": null,
            "debt_ratio": 94,
            "inventory_turnover_ratio": null,
            "account_receivable_turnover_ratio": 264.61,
            "reinvestment_rate": 540.86,
            "research_to_sale_ratio": null,
            "price_fair": 135.1,
            "eps_avg_yearly": 3.86,
            "eps_latest_yearly": 3.04,
            "eps_growth_yearly": 95.54
        },
        "20162": {
            "year_quarter": 20162,
            "year": 2016,
            "quarter": 2,
            "eps": 0.34,
            "eps_growth_year": null,
            "eps_4q": -0.17,
            "eps_4q_growth_year": -107.25,
            "roe": 1.51,
            "gross_profit": null,
            "gross_margin": null,
            "net_income": 1023872,
            "revenue": 70975017,
            "common_shares": 30556324,
            "equity": 68690470,
            "current_ratio": null,
            "debt_ratio": 94.13,
            "inventory_turnover_ratio": null,
            "account_receivable_turnover_ratio": 195.39,
            "reinvestment_rate": 415.85,
            "research_to_sale_ratio": null,
            "price_fair": 105.93,
            "eps_avg_yearly": 3.03,
            "eps_latest_yearly": 1.36,
            "eps_growth_yearly": 33.39
        },
        "20163": {
            "year_quarter": 20163,
            "year": 2016,
            "quarter": 3,
            "eps": 1,
            "eps_growth_year": null,
            "eps_4q": 1.43,
            "eps_4q_growth_year": null,
            "roe": 4.31,
            "gross_profit": null,
            "gross_margin": null,
            "net_income": 3056324,
            "revenue": 78784896,
            "common_shares": 30556324,
            "equity": 73057135,
            "current_ratio": null,
            "debt_ratio": 93.99,
            "inventory_turnover_ratio": null,
            "account_receivable_turnover_ratio": 327.87,
            "reinvestment_rate": 272.44,
            "research_to_sale_ratio": null,
            "price_fair": 114.45,
            "eps_avg_yearly": 3.27,
            "eps_latest_yearly": 4,
            "eps_growth_yearly": 219.16
        }
    },
    "months": {
        "2001-06": {
            "month": "2001-06",
            "price": "27.20",
            "revenue": 3574990
        },
        "2001-07": {
            "month": "2001-07",
            "price": "24.82",
            "revenue": 2776606
        },
        "2001-08": {
            "month": "2001-08",
            "price": "29.29",
            "revenue": 2859512
        },
        "2001-09": {
            "month": "2001-09",
            "price": "29.76",
            "revenue": 2652422
        },
        "2001-10": {
            "month": "2001-10",
            "price": "27.46",
            "revenue": 2577985
        },
        "2001-11": {
            "month": "2001-11",
            "price": "27.80",
            "revenue": 2860052
        },
        "2001-12": {
            "month": "2001-12",
            "price": "36.31",
            "revenue": 4944214
        },
        "2002-01": {
            "month": "2002-01",
            "price": "41.13",
            "revenue": 2737045
        },
        "2002-02": {
            "month": "2002-02",
            "price": "40.51",
            "revenue": 2250635
        },
        "2002-03": {
            "month": "2002-03",
            "price": "39.53",
            "revenue": 3356242
        },
        "2002-04": {
            "month": "2002-04",
            "price": "41.10",
            "revenue": 3642900
        },
        "2002-05": {
            "month": "2002-05",
            "price": "37.95",
            "revenue": 3702047
        },
        "2002-06": {
            "month": "2002-06",
            "price": "37.61",
            "revenue": 4012669
        },
        "2002-07": {
            "month": "2002-07",
            "price": "32.54",
            "revenue": 5542469
        },
        "2002-08": {
            "month": "2002-08",
            "price": "29.41",
            "revenue": 4663940
        },
        "2002-09": {
            "month": "2002-09",
            "price": "26.29",
            "revenue": 4698340
        },
        "2002-10": {
            "month": "2002-10",
            "price": "24.25",
            "revenue": 4391705
        },
        "2002-11": {
            "month": "2002-11",
            "price": "26.08",
            "revenue": 3666884
        },
        "2002-12": {
            "month": "2002-12",
            "price": "25.90",
            "revenue": 5016139
        },
        "2003-01": {
            "month": "2003-01",
            "price": "31.70",
            "revenue": 3000504
        },
        "2003-02": {
            "month": "2003-02",
            "price": "31.00",
            "revenue": 1989204
        },
        "2003-03": {
            "month": "2003-03",
            "price": "30.00",
            "revenue": 3505194
        },
        "2003-04": {
            "month": "2003-04",
            "price": "31.02",
            "revenue": 3821928
        },
        "2003-05": {
            "month": "2003-05",
            "price": "31.03",
            "revenue": 3036282
        },
        "2003-06": {
            "month": "2003-06",
            "price": "31.37",
            "revenue": 4151566
        },
        "2003-07": {
            "month": "2003-07",
            "price": "32.03",
            "revenue": 3877119
        },
        "2003-08": {
            "month": "2003-08",
            "price": "31.58",
            "revenue": 3990400
        },
        "2003-09": {
            "month": "2003-09",
            "price": "32.72",
            "revenue": 4181604
        },
        "2003-10": {
            "month": "2003-10",
            "price": "44.02",
            "revenue": 4326062
        },
        "2003-11": {
            "month": "2003-11",
            "price": "52.06",
            "revenue": 3913650
        },
        "2003-12": {
            "month": "2003-12",
            "price": "49.12",
            "revenue": 5985549
        },
        "2004-01": {
            "month": "2004-01",
            "price": "52.80",
            "revenue": 5033306
        },
        "2004-02": {
            "month": "2004-02",
            "price": "61.65",
            "revenue": 3348918
        },
        "2004-03": {
            "month": "2004-03",
            "price": "64.46",
            "revenue": 5058654
        },
        "2004-04": {
            "month": "2004-04",
            "price": "63.80",
            "revenue": 5282225
        },
        "2004-05": {
            "month": "2004-05",
            "price": "57.40",
            "revenue": 5694954
        },
        "2004-06": {
            "month": "2004-06",
            "price": "57.02",
            "revenue": 5419775
        },
        "2004-07": {
            "month": "2004-07",
            "price": "53.14",
            "revenue": 5403094
        },
        "2004-08": {
            "month": "2004-08",
            "price": "50.56",
            "revenue": 4438478
        },
        "2004-09": {
            "month": "2004-09",
            "price": "55.52",
            "revenue": 5510939
        },
        "2004-10": {
            "month": "2004-10",
            "price": "56.38",
            "revenue": 4536979
        },
        "2004-11": {
            "month": "2004-11",
            "price": "54.73",
            "revenue": 5647954
        },
        "2004-12": {
            "month": "2004-12",
            "price": "53.91",
            "revenue": 7163551
        },
        "2005-01": {
            "month": "2005-01",
            "price": "54.21",
            "revenue": 4079839
        },
        "2005-02": {
            "month": "2005-02",
            "price": "54.77",
            "revenue": 3550614
        },
        "2005-03": {
            "month": "2005-03",
            "price": "55.72",
            "revenue": 4980450
        },
        "2005-04": {
            "month": "2005-04",
            "price": "53.48",
            "revenue": 5941453
        },
        "2005-05": {
            "month": "2005-05",
            "price": "53.40",
            "revenue": 4572366
        },
        "2005-06": {
            "month": "2005-06",
            "price": "54.41",
            "revenue": 4861715
        },
        "2005-07": {
            "month": "2005-07",
            "price": "52.82",
            "revenue": 5090526
        },
        "2005-08": {
            "month": "2005-08",
            "price": "49.32",
            "revenue": 5878157
        },
        "2005-09": {
            "month": "2005-09",
            "price": "46.38",
            "revenue": 5440051
        },
        "2005-10": {
            "month": "2005-10",
            "price": "45.37",
            "revenue": 5546016
        },
        "2005-11": {
            "month": "2005-11",
            "price": "43.00",
            "revenue": 5313186
        },
        "2005-12": {
            "month": "2005-12",
            "price": "42.85",
            "revenue": 7655211
        },
        "2006-01": {
            "month": "2006-01",
            "price": "43.28",
            "revenue": 4206054
        },
        "2006-02": {
            "month": "2006-02",
            "price": "42.64",
            "revenue": 2337028
        },
        "2006-03": {
            "month": "2006-03",
            "price": "40.70",
            "revenue": 5510159
        },
        "2006-04": {
            "month": "2006-04",
            "price": "42.92",
            "revenue": 4554799
        },
        "2006-05": {
            "month": "2006-05",
            "price": "47.29",
            "revenue": 4365104
        },
        "2006-06": {
            "month": "2006-06",
            "price": "43.05",
            "revenue": 4256660
        },
        "2006-07": {
            "month": "2006-07",
            "price": "42.15",
            "revenue": 4496978
        },
        "2006-08": {
            "month": "2006-08",
            "price": "39.42",
            "revenue": 3989953
        },
        "2006-09": {
            "month": "2006-09",
            "price": "38.04",
            "revenue": 5051911
        },
        "2006-10": {
            "month": "2006-10",
            "price": "39.22",
            "revenue": 4755064
        },
        "2006-11": {
            "month": "2006-11",
            "price": "39.81",
            "revenue": 6381145
        },
        "2006-12": {
            "month": "2006-12",
            "price": "43.06",
            "revenue": 9399240
        },
        "2007-01": {
            "month": "2007-01",
            "price": "43.42",
            "revenue": 5793524
        },
        "2007-02": {
            "month": "2007-02",
            "price": "43.20",
            "revenue": 4894741
        },
        "2007-03": {
            "month": "2007-03",
            "price": "42.54",
            "revenue": 8255198
        },
        "2007-04": {
            "month": "2007-04",
            "price": "44.93",
            "revenue": 6607548
        },
        "2007-05": {
            "month": "2007-05",
            "price": "46.18",
            "revenue": 5585046
        },
        "2007-06": {
            "month": "2007-06",
            "price": "52.73",
            "revenue": 7711826
        },
        "2007-07": {
            "month": "2007-07",
            "price": "66.23",
            "revenue": 5313833
        },
        "2007-08": {
            "month": "2007-08",
            "price": "54.02",
            "revenue": 4024167
        },
        "2007-09": {
            "month": "2007-09",
            "price": "54.10",
            "revenue": 5224414
        },
        "2007-10": {
            "month": "2007-10",
            "price": "60.15",
            "revenue": 4707333
        },
        "2007-11": {
            "month": "2007-11",
            "price": "56.05",
            "revenue": 4463736
        },
        "2007-12": {
            "month": "2007-12",
            "price": "51.71",
            "revenue": 9237459
        },
        "2008-01": {
            "month": "2008-01",
            "price": "52.83",
            "revenue": 5979747
        },
        "2008-02": {
            "month": "2008-02",
            "price": "53.58",
            "revenue": 5973717
        },
        "2008-03": {
            "month": "2008-03",
            "price": "52.02",
            "revenue": 13198517
        },
        "2008-04": {
            "month": "2008-04",
            "price": "54.81",
            "revenue": 5353054
        },
        "2008-05": {
            "month": "2008-05",
            "price": "51.69",
            "revenue": 6658154
        },
        "2008-06": {
            "month": "2008-06",
            "price": "44.53",
            "revenue": 7355703
        },
        "2008-07": {
            "month": "2008-07",
            "price": "33.83",
            "revenue": 8046597
        },
        "2008-08": {
            "month": "2008-08",
            "price": "32.14",
            "revenue": 8204682
        },
        "2008-09": {
            "month": "2008-09",
            "price": "25.38",
            "revenue": 9526310
        },
        "2008-10": {
            "month": "2008-10",
            "price": "17.50",
            "revenue": 9801861
        },
        "2008-11": {
            "month": "2008-11",
            "price": "16.12",
            "revenue": 5627285
        },
        "2008-12": {
            "month": "2008-12",
            "price": "16.25",
            "revenue": 9352675
        },
        "2009-01": {
            "month": "2009-01",
            "price": "16.22",
            "revenue": 5827149
        },
        "2009-02": {
            "month": "2009-02",
            "price": "15.02",
            "revenue": 5797775
        },
        "2009-03": {
            "month": "2009-03",
            "price": "13.29",
            "revenue": 9526389
        },
        "2009-04": {
            "month": "2009-04",
            "price": "17.63",
            "revenue": 7012988
        },
        "2009-05": {
            "month": "2009-05",
            "price": "24.25",
            "revenue": 5447387
        },
        "2009-06": {
            "month": "2009-06",
            "price": "24.28",
            "revenue": 6031678
        },
        "2009-07": {
            "month": "2009-07",
            "price": "26.18",
            "revenue": 5236998
        },
        "2009-08": {
            "month": "2009-08",
            "price": "25.06",
            "revenue": 6190158
        },
        "2009-09": {
            "month": "2009-09",
            "price": "25.68",
            "revenue": 6407786
        },
        "2009-10": {
            "month": "2009-10",
            "price": "30.84",
            "revenue": 6248625
        },
        "2009-11": {
            "month": "2009-11",
            "price": "30.94",
            "revenue": 6035865
        },
        "2009-12": {
            "month": "2009-12",
            "price": "34.07",
            "revenue": 9428475
        },
        "2010-01": {
            "month": "2010-01",
            "price": "39.93",
            "revenue": 6757003
        },
        "2010-02": {
            "month": "2010-02",
            "price": "37.23",
            "revenue": 4257459
        },
        "2010-03": {
            "month": "2010-03",
            "price": "38.68",
            "revenue": 7772253
        },
        "2010-04": {
            "month": "2010-04",
            "price": "39.09",
            "revenue": 8040322
        },
        "2010-05": {
            "month": "2010-05",
            "price": "36.15",
            "revenue": 7729133
        },
        "2010-06": {
            "month": "2010-06",
            "price": "33.06",
            "revenue": 6314720
        },
        "2010-07": {
            "month": "2010-07",
            "price": "33.05",
            "revenue": 6194974
        },
        "2010-08": {
            "month": "2010-08",
            "price": "33.95",
            "revenue": 6131232
        },
        "2010-09": {
            "month": "2010-09",
            "price": "32.70",
            "revenue": 8870270
        },
        "2010-10": {
            "month": "2010-10",
            "price": "32.73",
            "revenue": 9233932
        },
        "2010-11": {
            "month": "2010-11",
            "price": "30.46",
            "revenue": 6064588
        },
        "2010-12": {
            "month": "2010-12",
            "price": "30.84",
            "revenue": 13771710
        },
        "2011-01": {
            "month": "2011-01",
            "price": "33.40",
            "revenue": 4036541
        },
        "2011-02": {
            "month": "2011-02",
            "price": "30.22",
            "revenue": 4108028
        },
        "2011-03": {
            "month": "2011-03",
            "price": "27.73",
            "revenue": 6037968
        },
        "2011-04": {
            "month": "2011-04",
            "price": "27.74",
            "revenue": 5952888
        },
        "2011-05": {
            "month": "2011-05",
            "price": "28.51",
            "revenue": 4508251
        },
        "2011-06": {
            "month": "2011-06",
            "price": "28.53",
            "revenue": 5176510
        },
        "2011-07": {
            "month": "2011-07",
            "price": "31.04",
            "revenue": 6032514
        },
        "2011-08": {
            "month": "2011-08",
            "price": "26.68",
            "revenue": 3566032
        },
        "2011-09": {
            "month": "2011-09",
            "price": "23.72",
            "revenue": 2703345
        },
        "2011-10": {
            "month": "2011-10",
            "price": "22.91",
            "revenue": 8747660
        },
        "2011-11": {
            "month": "2011-11",
            "price": "18.74",
            "revenue": 3385568
        },
        "2011-12": {
            "month": "2011-12",
            "price": "16.80",
            "revenue": 7680714
        },
        "2012-01": {
            "month": "2012-01",
            "price": "17.08",
            "revenue": 5522112
        },
        "2012-02": {
            "month": "2012-02",
            "price": "20.08",
            "revenue": 7141242
        },
        "2012-03": {
            "month": "2012-03",
            "price": "20.07",
            "revenue": 8734501
        },
        "2012-04": {
            "month": "2012-04",
            "price": "17.48",
            "revenue": 7170255
        },
        "2012-05": {
            "month": "2012-05",
            "price": "17.05",
            "revenue": 6320323
        },
        "2012-06": {
            "month": "2012-06",
            "price": "16.64",
            "revenue": 10080021
        },
        "2012-07": {
            "month": "2012-07",
            "price": "17.78",
            "revenue": 10412704
        },
        "2012-08": {
            "month": "2012-08",
            "price": "19.27",
            "revenue": 6087672
        },
        "2012-09": {
            "month": "2012-09",
            "price": "19.48",
            "revenue": 5859258
        },
        "2012-10": {
            "month": "2012-10",
            "price": "18.89",
            "revenue": 5881440
        },
        "2012-11": {
            "month": "2012-11",
            "price": "17.91",
            "revenue": 6191701
        },
        "2012-12": {
            "month": "2012-12",
            "price": "19.14",
            "revenue": 6749410
        },
        "2013-01": {
            "month": "2013-01",
            "price": "21.54",
            "revenue": 7866493
        },
        "2013-02": {
            "month": "2013-02",
            "price": "23.84",
            "revenue": 3945795
        },
        "2013-03": {
            "month": "2013-03",
            "price": "23.52",
            "revenue": 6565944
        },
        "2013-04": {
            "month": "2013-04",
            "price": "22.23",
            "revenue": 6398699
        },
        "2013-05": {
            "month": "2013-05",
            "price": "22.63",
            "revenue": 4665476
        },
        "2013-06": {
            "month": "2013-06",
            "price": "23.13",
            "revenue": 4405382
        },
        "2013-07": {
            "month": "2013-07",
            "price": "22.84",
            "revenue": 7928574
        },
        "2013-08": {
            "month": "2013-08",
            "price": "22.03",
            "revenue": 5551988
        },
        "2013-09": {
            "month": "2013-09",
            "price": "21.70",
            "revenue": 6651032
        },
        "2013-10": {
            "month": "2013-10",
            "price": "24.92",
            "revenue": 7639302
        },
        "2013-11": {
            "month": "2013-11",
            "price": "26.15",
            "revenue": 5597623
        },
        "2013-12": {
            "month": "2013-12",
            "price": "27.13",
            "revenue": 8973041
        },
        "2014-01": {
            "month": "2014-01",
            "price": "28.17",
            "revenue": 6824408
        },
        "2014-02": {
            "month": "2014-02",
            "price": "27.83",
            "revenue": 6741568
        },
        "2014-03": {
            "month": "2014-03",
            "price": "26.68",
            "revenue": 9373774
        },
        "2014-04": {
            "month": "2014-04",
            "price": "25.10",
            "revenue": 8550588
        },
        "2014-05": {
            "month": "2014-05",
            "price": "21.73",
            "revenue": 7080542
        },
        "2014-06": {
            "month": "2014-06",
            "price": "21.27",
            "revenue": 8146839
        },
        "2014-07": {
            "month": "2014-07",
            "price": "21.37",
            "revenue": 9389416
        },
        "2014-08": {
            "month": "2014-08",
            "price": "21.04",
            "revenue": 6699713
        },
        "2014-09": {
            "month": "2014-09",
            "price": "20.50",
            "revenue": 6337417
        },
        "2014-10": {
            "month": "2014-10",
            "price": "18.30",
            "revenue": 5642748
        },
        "2014-11": {
            "month": "2014-11",
            "price": "17.90",
            "revenue": 5656854
        },
        "2014-12": {
            "month": "2014-12",
            "price": "18.11",
            "revenue": 8511022
        },
        "2015-01": {
            "month": "2015-01",
            "price": "19.00",
            "revenue": 5594852
        },
        "2015-02": {
            "month": "2015-02",
            "price": "22.82",
            "revenue": 6176302
        },
        "2015-03": {
            "month": "2015-03",
            "price": "24.48",
            "revenue": 7597901
        },
        "2015-04": {
            "month": "2015-04",
            "price": "27.68",
            "revenue": 8756935
        },
        "2015-05": {
            "month": "2015-05",
            "price": "30.91",
            "revenue": 5575573
        },
        "2015-06": {
            "month": "2015-06",
            "price": "32.76",
            "revenue": 5291258
        },
        "2015-07": {
            "month": "2015-07",
            "price": "32.84",
            "revenue": 6855327
        },
        "2015-08": {
            "month": "2015-08",
            "price": "30.86",
            "revenue": 4889498
        },
        "2015-09": {
            "month": "2015-09",
            "price": "29.61",
            "revenue": 2515598
        },
        "2015-10": {
            "month": "2015-10",
            "price": "27.20",
            "revenue": 3526221
        }
    }
}
