{
    "summary": {
        "stock_name": "臺企銀",
        "stock_id": "2834",
        "category": "金融",
        "main_business": "存款、授信、外匯、投資、信託、個人理財等金融業務",
        "website_url": "http://www.tbb.com.tw",
        "ceo": "張志堅",
        "pe_ratio": 10,
        "report_year_from": 2001,
        "report_year_to": 2023,
        "age": 22,
        "eps_negative_percentage": 0,
        "eps_growth_avg": {
            "last_all": 12.8,
            "last_2y": 18.1,
            "last_4y": 16.98,
            "last_8y": 12.08,
            "last_12y": null,
            "last_16y": null,
            "last_20y": null,
            "at_2006_last_3y": null,
            "at_2007_last_3y": null,
            "at_2008_last_3y": null,
            "at_2009_last_3y": null,
            "at_2010_last_3y": null,
            "at_2011_last_3y": null,
            "at_2012_last_3y": null,
            "at_2013_last_3y": null,
            "at_2014_last_3y": 22.15,
            "at_2015_last_3y": 8.71,
            "at_2016_last_3y": 7.99,
            "at_2017_last_3y": 5.95,
            "at_2018_last_3y": 6.78,
            "at_2019_last_3y": 4.89,
            "at_2020_last_3y": -3.35,
            "at_2021_last_3y": -0.1,
            "at_2022_last_3y": 9.47,
            "at_2023_last_3y": 9.47,
            "at_2006_last_all": null,
            "at_2007_last_all": null,
            "at_2008_last_all": null,
            "at_2009_last_all": null,
            "at_2010_last_all": null,
            "at_2011_last_all": null,
            "at_2012_last_all": 21.74,
            "at_2013_last_all": 14.97,
            "at_2014_last_all": 22.15,
            "at_2015_last_all": 15.95,
            "at_2016_last_all": 12.58,
            "at_2017_last_all": 9.82,
            "at_2018_last_all": 14.46,
            "at_2019_last_all": 11.03,
            "at_2020_last_all": 6.21,
            "at_2021_last_all": 6.21,
            "at_2022_last_all": 12.8,
            "at_2023_last_all": 12.8
        },
        "latest_eps": 1.43,
        "latest_price": 14.2,
        "latest_roe": 10.83,
        "latest_gross_margin": null,
        "latest_equity": 109295341,
        "latest_revenue": 7963700,
        "latest_gross_profit": null,
        "latest_net_income": 3472644,
        "latest_debt_ratio": 94.75,
        "latest_current_ratio": null,
        "latest_account_receivable_turnover_ratio": null,
        "latest_inventory_turnover_ratio": null,
        "latest_reinvestment_rate": -0.95,
        "latest_research_to_sale_ratio": null
    },
    "eps_dividends": {
        "1996": {
            "cash": 0.9,
            "stock": 1,
            "eps": 0
        },
        "1998": {
            "cash": 0,
            "stock": 1,
            "eps": 0
        },
        "2001": {
            "cash": 0.2,
            "stock": 0.82,
            "eps": 0
        },
        "2002": {
            "cash": 0,
            "stock": 0,
            "eps": 0
        },
        "2003": {
            "cash": 0,
            "stock": 0,
            "eps": 0
        },
        "2004": {
            "cash": 0,
            "stock": 0,
            "eps": 0
        },
        "2005": {
            "cash": 0,
            "stock": 0,
            "eps": 0
        },
        "2006": {
            "cash": 0,
            "stock": 0,
            "eps": 0
        },
        "2007": {
            "cash": 0,
            "stock": 0,
            "eps": 0
        },
        "2008": {
            "cash": 0,
            "stock": 0,
            "eps": 0
        },
        "2009": {
            "cash": 0,
            "stock": 0,
            "eps": 0
        },
        "2010": {
            "cash": 0,
            "stock": 0.4,
            "eps": 0.49
        },
        "2011": {
            "cash": 0,
            "stock": 0.8500000000000001,
            "eps": 0.71
        },
        "2012": {
            "cash": 0,
            "stock": 0,
            "eps": 0.7
        },
        "2013": {
            "cash": 0,
            "stock": 0.4,
            "eps": 0.71
        },
        "2014": {
            "cash": 0,
            "stock": 0.4,
            "eps": 1.02
        },
        "2015": {
            "cash": 0,
            "stock": 0.73,
            "eps": 0.93
        },
        "2016": {
            "cash": 0.1,
            "stock": 0.5,
            "eps": 0.89
        },
        "2017": {
            "cash": 0.1,
            "stock": 0.3,
            "eps": 0.83
        },
        "2018": {
            "cash": 0.27,
            "stock": 0.4,
            "eps": 1.22
        },
        "2019": {
            "cash": 0.3,
            "stock": 0.5,
            "eps": 1.02
        },
        "2020": {
            "cash": 0.2,
            "stock": 0.5,
            "eps": 0.64
        },
        "2021": {
            "cash": 0.1,
            "stock": 0.34,
            "eps": 0.68
        },
        "2022": {
            "cash": 0.1,
            "stock": 0.37,
            "eps": 1.26
        },
        "2023": {
            "cash": 0.1,
            "stock": 0.24,
            "eps": 0.43
        }
    },
    "dividends": {
        "1996-11-16": {
            "cash": 0.9,
            "stock": 1
        },
        "1998-05-12": {
            "cash": 0,
            "stock": 1
        },
        "2001-05-18": {
            "cash": 0.2,
            "stock": 0.82
        },
        "2010-03-24": {
            "cash": 0,
            "stock": 0.4
        },
        "2011-01-01": {
            "cash": 0,
            "stock": 0.4
        },
        "2011-06-24": {
            "cash": 0,
            "stock": 0.45
        },
        "2013-03-21": {
            "cash": 0,
            "stock": 0.4
        },
        "2014-06-20": {
            "cash": 0,
            "stock": 0.4
        },
        "2015-03-18": {
            "cash": 0,
            "stock": 0.73
        },
        "2016-10-05": {
            "cash": 0.1,
            "stock": 0.5
        },
        "2017-09-05": {
            "cash": 0.1,
            "stock": 0.3
        },
        "2018-10-11": {
            "cash": 0.27,
            "stock": 0.4
        },
        "2019-09-19": {
            "cash": 0.3,
            "stock": 0.5
        },
        "2020-08-26": {
            "cash": 0.2,
            "stock": 0.5
        },
        "2021-10-13": {
            "cash": 0.1,
            "stock": 0.34
        },
        "2022-09-07": {
            "cash": 0.1,
            "stock": 0.37
        },
        "2023-03-15": {
            "cash": 0.1,
            "stock": 0.24
        }
    },
    "prices": {
        "200101": "12.26",
        "200102": "12.51",
        "200103": "11.33",
        "200104": "9.80",
        "200105": "10.22",
        "200106": "9.39",
        "200107": "6.81",
        "200108": "6.35",
        "200109": "6.16",
        "200110": "5.80",
        "200111": "5.58",
        "200112": "6.53",
        "200201": "6.30",
        "200202": "6.06",
        "200203": "6.23",
        "200204": "8.46",
        "200205": "7.74",
        "200206": "7.70",
        "200207": "6.96",
        "200208": "6.26",
        "200209": "5.49",
        "200210": "5.25",
        "200211": "5.92",
        "200212": "6.05",
        "200301": "7.56",
        "200302": "7.64",
        "200303": "6.63",
        "200304": "6.78",
        "200305": "6.25",
        "200306": "7.05",
        "200307": "7.73",
        "200308": "7.84",
        "200309": "8.53",
        "200310": "9.16",
        "200311": "8.66",
        "200312": "8.52",
        "200401": "9.08",
        "200402": "12.80",
        "200403": "13.38",
        "200404": "13.03",
        "200405": "10.76",
        "200406": "10.78",
        "200407": "9.68",
        "200408": "9.01",
        "200409": "10.19",
        "200410": "11.97",
        "200411": "12.68",
        "200412": "12.04",
        "200501": "12.22",
        "200502": "12.09",
        "200503": "11.37",
        "200504": "10.07",
        "200505": "10.12",
        "200506": "10.15",
        "200507": "10.97",
        "200508": "12.21",
        "200509": "10.06",
        "200510": "8.17",
        "200511": "8.08",
        "200512": "8.38",
        "200601": "8.04",
        "200602": "8.06",
        "200603": "7.48",
        "200604": "7.59",
        "200605": "7.80",
        "200606": "7.02",
        "200607": "6.82",
        "200608": "6.44",
        "200609": "6.12",
        "200610": "10.45",
        "200611": "10.00",
        "200612": "10.32",
        "200701": "10.65",
        "200702": "10.40",
        "200703": "9.74",
        "200704": "9.94",
        "200705": "9.62",
        "200706": "9.78",
        "200707": "10.78",
        "200708": "9.58",
        "200709": "9.23",
        "200710": "9.90",
        "200711": "9.86",
        "200712": "9.97",
        "200801": "10.01",
        "200802": "9.95",
        "200803": "10.82",
        "200804": "12.66",
        "200805": "13.69",
        "200806": "12.95",
        "200807": "10.74",
        "200808": "10.27",
        "200809": "9.08",
        "200810": "6.85",
        "200811": "6.11",
        "200812": "6.94",
        "200901": "6.85",
        "200902": "6.26",
        "200903": "6.35",
        "200904": "7.38",
        "200905": "8.27",
        "200906": "8.35",
        "200907": "8.28",
        "200908": "7.98",
        "200909": "8.22",
        "200910": "8.48",
        "200911": "8.27",
        "200912": "8.11",
        "201001": "8.28",
        "201002": "8.15",
        "201003": "8.27",
        "201004": "8.49",
        "201005": "8.13",
        "201006": "8.14",
        "201007": "9.11",
        "201008": "9.76",
        "201009": "9.44",
        "201010": "10.23",
        "201011": "10.35",
        "201012": "11.19",
        "201101": "13.07",
        "201102": "12.32",
        "201103": "11.53",
        "201104": "11.63",
        "201105": "11.47",
        "201106": "10.96",
        "201107": "11.04",
        "201108": "10.42",
        "201109": "9.40",
        "201110": "9.47",
        "201111": "9.34",
        "201112": "9.21",
        "201201": "9.24",
        "201202": "9.83",
        "201203": "9.54",
        "201204": "8.88",
        "201205": "8.48",
        "201206": "8.31",
        "201207": "8.53",
        "201208": "8.72",
        "201209": "8.75",
        "201210": "8.53",
        "201211": "8.18",
        "201212": "8.66",
        "201301": "8.78",
        "201302": "9.23",
        "201303": "9.33",
        "201304": "9.08",
        "201305": "9.18",
        "201306": "8.94",
        "201307": "9.07",
        "201308": "8.76",
        "201309": "8.80",
        "201310": "8.98",
        "201311": "8.89",
        "201312": "9.00",
        "201401": "9.10",
        "201402": "9.03",
        "201403": "8.97",
        "201404": "9.01",
        "201405": "9.00",
        "201406": "9.20",
        "201407": "9.49",
        "201408": "9.34",
        "201409": "9.24",
        "201410": "8.98",
        "201411": "9.08",
        "201412": "9.04",
        "201501": "9.17",
        "201502": "9.28",
        "201503": "9.40",
        "201504": "9.95",
        "201505": "9.94",
        "201506": "9.55",
        "201507": "9.37",
        "201508": "8.76",
        "201509": "8.33",
        "201510": "8.45",
        "201511": "8.29",
        "201512": "8.12",
        "201601": "7.80",
        "201602": "8.12",
        "201603": "8.50",
        "201604": "8.51",
        "201605": "8.06",
        "201606": "8.21",
        "201607": "8.39",
        "201608": "8.50",
        "201609": "8.07",
        "201610": "7.98",
        "201611": "7.93",
        "201612": "8.14",
        "201701": "8.16",
        "201702": "8.34",
        "201703": "8.48",
        "201704": "8.34",
        "201705": "8.34",
        "201706": "8.32",
        "201707": "8.51",
        "201708": "8.22",
        "201709": "8.32",
        "201710": "8.38",
        "201711": "8.32",
        "201712": "8.34",
        "201801": "8.65",
        "201802": "8.57",
        "201803": "8.67",
        "201804": "8.86",
        "201805": "9.21",
        "201806": "9.53",
        "201807": "9.58",
        "201808": "10.59",
        "201809": "10.90",
        "201810": "10.58",
        "201811": "10.53",
        "201812": "10.51",
        "201901": "10.76",
        "201902": "11.25",
        "201903": "11.79",
        "201904": "12.08",
        "201905": "12.58",
        "201906": "13.57",
        "201907": "13.39",
        "201908": "12.71",
        "201909": "12.49",
        "201910": "12.61",
        "201911": "12.57",
        "201912": "12.50",
        "202001": "12.53",
        "202002": "12.19",
        "202003": "10.38",
        "202004": "10.24",
        "202005": "10.67",
        "202006": "10.97",
        "202007": "10.75",
        "202008": "10.09",
        "202009": "9.77",
        "202010": "9.62",
        "202011": "9.83",
        "202012": "9.64",
        "202101": "9.49",
        "202102": "9.42",
        "202103": "9.74",
        "202104": "9.99",
        "202105": "9.63",
        "202106": "9.49",
        "202107": "9.50",
        "202108": "9.61",
        "202109": "9.59",
        "202110": "9.49",
        "202111": "9.65",
        "202112": "9.73",
        "202201": "10.33",
        "202202": "11.11",
        "202203": "11.80",
        "202204": "13.07",
        "202205": "12.07",
        "202206": "11.96",
        "202207": "11.72",
        "202208": "12.55",
        "202209": "12.63",
        "202210": "12.27",
        "202211": "12.50",
        "202212": "12.94",
        "202301": "13.25",
        "202302": "13.68",
        "202303": "13.78",
        "202304": "13.80",
        "202305": "14.05",
        "202306": "14.18"
    },
    "quarters": {
        "20011": {
            "year_quarter": 20011,
            "year": 2001,
            "quarter": 1,
            "eps": null,
            "eps_growth_year": null,
            "eps_4q": null,
            "eps_4q_growth_year": null,
            "roe": null,
            "roe_4q": 0,
            "gross_profit": null,
            "gross_margin": null,
            "gross_margin_4q_avg": 0,
            "net_income": null,
            "revenue": null,
            "common_shares": null,
            "book_valuer_per_share": null,
            "book_valuer_per_share_4q_avg": 0,
            "equity": null,
            "current_ratio": null,
            "debt_ratio": null,
            "inventory_turnover_ratio": null,
            "account_receivable_turnover_ratio": null,
            "reinvestment_rate": null,
            "research_to_sale_ratio": null,
            "price_fair": 0,
            "eps_avg_yearly": 0,
            "eps_latest_yearly": 0,
            "eps_growth_yearly": 0
        },
        "20012": {
            "year_quarter": 20012,
            "year": 2001,
            "quarter": 2,
            "eps": null,
            "eps_growth_year": null,
            "eps_4q": null,
            "eps_4q_growth_year": null,
            "roe": null,
            "roe_4q": 0,
            "gross_profit": null,
            "gross_margin": null,
            "gross_margin_4q_avg": 0,
            "net_income": null,
            "revenue": null,
            "common_shares": null,
            "book_valuer_per_share": null,
            "book_valuer_per_share_4q_avg": 0,
            "equity": null,
            "current_ratio": null,
            "debt_ratio": null,
            "inventory_turnover_ratio": null,
            "account_receivable_turnover_ratio": null,
            "reinvestment_rate": null,
            "research_to_sale_ratio": null,
            "price_fair": 0,
            "eps_avg_yearly": 0,
            "eps_latest_yearly": 0,
            "eps_growth_yearly": 0
        },
        "20013": {
            "year_quarter": 20013,
            "year": 2001,
            "quarter": 3,
            "eps": null,
            "eps_growth_year": null,
            "eps_4q": null,
            "eps_4q_growth_year": null,
            "roe": null,
            "roe_4q": 0,
            "gross_profit": null,
            "gross_margin": null,
            "gross_margin_4q_avg": 0,
            "net_income": null,
            "revenue": null,
            "common_shares": null,
            "book_valuer_per_share": null,
            "book_valuer_per_share_4q_avg": 0,
            "equity": null,
            "current_ratio": null,
            "debt_ratio": null,
            "inventory_turnover_ratio": null,
            "account_receivable_turnover_ratio": null,
            "reinvestment_rate": null,
            "research_to_sale_ratio": null,
            "price_fair": 0,
            "eps_avg_yearly": 0,
            "eps_latest_yearly": 0,
            "eps_growth_yearly": 0
        },
        "20014": {
            "year_quarter": 20014,
            "year": 2001,
            "quarter": 4,
            "eps": null,
            "eps_growth_year": null,
            "eps_4q": null,
            "eps_4q_growth_year": null,
            "roe": null,
            "roe_4q": 0,
            "gross_profit": null,
            "gross_margin": null,
            "gross_margin_4q_avg": 0,
            "net_income": null,
            "revenue": null,
            "common_shares": null,
            "book_valuer_per_share": null,
            "book_valuer_per_share_4q_avg": 0,
            "equity": null,
            "current_ratio": null,
            "debt_ratio": null,
            "inventory_turnover_ratio": null,
            "account_receivable_turnover_ratio": null,
            "reinvestment_rate": null,
            "research_to_sale_ratio": null,
            "price_fair": 0,
            "eps_avg_yearly": 0,
            "eps_latest_yearly": 0,
            "eps_growth_yearly": 0
        },
        "20021": {
            "year_quarter": 20021,
            "year": 2002,
            "quarter": 1,
            "eps": null,
            "eps_growth_year": null,
            "eps_4q": null,
            "eps_4q_growth_year": null,
            "roe": null,
            "roe_4q": 0,
            "gross_profit": null,
            "gross_margin": null,
            "gross_margin_4q_avg": 0,
            "net_income": null,
            "revenue": null,
            "common_shares": null,
            "book_valuer_per_share": null,
            "book_valuer_per_share_4q_avg": 0,
            "equity": null,
            "current_ratio": null,
            "debt_ratio": null,
            "inventory_turnover_ratio": null,
            "account_receivable_turnover_ratio": null,
            "reinvestment_rate": null,
            "research_to_sale_ratio": null,
            "price_fair": 0,
            "eps_avg_yearly": 0,
            "eps_latest_yearly": 0,
            "eps_growth_yearly": 0
        },
        "20022": {
            "year_quarter": 20022,
            "year": 2002,
            "quarter": 2,
            "eps": null,
            "eps_growth_year": null,
            "eps_4q": null,
            "eps_4q_growth_year": null,
            "roe": null,
            "roe_4q": 0,
            "gross_profit": null,
            "gross_margin": null,
            "gross_margin_4q_avg": 0,
            "net_income": null,
            "revenue": null,
            "common_shares": null,
            "book_valuer_per_share": null,
            "book_valuer_per_share_4q_avg": 0,
            "equity": null,
            "current_ratio": null,
            "debt_ratio": null,
            "inventory_turnover_ratio": null,
            "account_receivable_turnover_ratio": null,
            "reinvestment_rate": null,
            "research_to_sale_ratio": null,
            "price_fair": 0,
            "eps_avg_yearly": 0,
            "eps_latest_yearly": 0,
            "eps_growth_yearly": 0
        },
        "20023": {
            "year_quarter": 20023,
            "year": 2002,
            "quarter": 3,
            "eps": null,
            "eps_growth_year": null,
            "eps_4q": null,
            "eps_4q_growth_year": null,
            "roe": null,
            "roe_4q": 0,
            "gross_profit": null,
            "gross_margin": null,
            "gross_margin_4q_avg": 0,
            "net_income": null,
            "revenue": null,
            "common_shares": null,
            "book_valuer_per_share": null,
            "book_valuer_per_share_4q_avg": 0,
            "equity": null,
            "current_ratio": null,
            "debt_ratio": null,
            "inventory_turnover_ratio": null,
            "account_receivable_turnover_ratio": null,
            "reinvestment_rate": null,
            "research_to_sale_ratio": null,
            "price_fair": 0,
            "eps_avg_yearly": 0,
            "eps_latest_yearly": 0,
            "eps_growth_yearly": 0
        },
        "20024": {
            "year_quarter": 20024,
            "year": 2002,
            "quarter": 4,
            "eps": null,
            "eps_growth_year": null,
            "eps_4q": null,
            "eps_4q_growth_year": null,
            "roe": null,
            "roe_4q": 0,
            "gross_profit": null,
            "gross_margin": null,
            "gross_margin_4q_avg": 0,
            "net_income": null,
            "revenue": null,
            "common_shares": null,
            "book_valuer_per_share": null,
            "book_valuer_per_share_4q_avg": 0,
            "equity": null,
            "current_ratio": null,
            "debt_ratio": null,
            "inventory_turnover_ratio": null,
            "account_receivable_turnover_ratio": null,
            "reinvestment_rate": null,
            "research_to_sale_ratio": null,
            "price_fair": 0,
            "eps_avg_yearly": 0,
            "eps_latest_yearly": 0,
            "eps_growth_yearly": 0
        },
        "20031": {
            "year_quarter": 20031,
            "year": 2003,
            "quarter": 1,
            "eps": null,
            "eps_growth_year": null,
            "eps_4q": null,
            "eps_4q_growth_year": null,
            "roe": null,
            "roe_4q": 0,
            "gross_profit": null,
            "gross_margin": null,
            "gross_margin_4q_avg": 0,
            "net_income": null,
            "revenue": null,
            "common_shares": null,
            "book_valuer_per_share": null,
            "book_valuer_per_share_4q_avg": 0,
            "equity": null,
            "current_ratio": null,
            "debt_ratio": null,
            "inventory_turnover_ratio": null,
            "account_receivable_turnover_ratio": null,
            "reinvestment_rate": null,
            "research_to_sale_ratio": null,
            "price_fair": 0,
            "eps_avg_yearly": 0,
            "eps_latest_yearly": 0,
            "eps_growth_yearly": 0
        },
        "20032": {
            "year_quarter": 20032,
            "year": 2003,
            "quarter": 2,
            "eps": null,
            "eps_growth_year": null,
            "eps_4q": null,
            "eps_4q_growth_year": null,
            "roe": null,
            "roe_4q": 0,
            "gross_profit": null,
            "gross_margin": null,
            "gross_margin_4q_avg": 0,
            "net_income": null,
            "revenue": null,
            "common_shares": null,
            "book_valuer_per_share": null,
            "book_valuer_per_share_4q_avg": 0,
            "equity": null,
            "current_ratio": null,
            "debt_ratio": null,
            "inventory_turnover_ratio": null,
            "account_receivable_turnover_ratio": null,
            "reinvestment_rate": null,
            "research_to_sale_ratio": null,
            "price_fair": 0,
            "eps_avg_yearly": 0,
            "eps_latest_yearly": 0,
            "eps_growth_yearly": 0
        },
        "20033": {
            "year_quarter": 20033,
            "year": 2003,
            "quarter": 3,
            "eps": null,
            "eps_growth_year": null,
            "eps_4q": null,
            "eps_4q_growth_year": null,
            "roe": null,
            "roe_4q": 0,
            "gross_profit": null,
            "gross_margin": null,
            "gross_margin_4q_avg": 0,
            "net_income": null,
            "revenue": null,
            "common_shares": null,
            "book_valuer_per_share": null,
            "book_valuer_per_share_4q_avg": 0,
            "equity": null,
            "current_ratio": null,
            "debt_ratio": null,
            "inventory_turnover_ratio": null,
            "account_receivable_turnover_ratio": null,
            "reinvestment_rate": null,
            "research_to_sale_ratio": null,
            "price_fair": 0,
            "eps_avg_yearly": 0,
            "eps_latest_yearly": 0,
            "eps_growth_yearly": 0
        },
        "20034": {
            "year_quarter": 20034,
            "year": 2003,
            "quarter": 4,
            "eps": null,
            "eps_growth_year": null,
            "eps_4q": null,
            "eps_4q_growth_year": null,
            "roe": null,
            "roe_4q": 0,
            "gross_profit": null,
            "gross_margin": null,
            "gross_margin_4q_avg": 0,
            "net_income": null,
            "revenue": null,
            "common_shares": null,
            "book_valuer_per_share": null,
            "book_valuer_per_share_4q_avg": 0,
            "equity": null,
            "current_ratio": null,
            "debt_ratio": null,
            "inventory_turnover_ratio": null,
            "account_receivable_turnover_ratio": null,
            "reinvestment_rate": null,
            "research_to_sale_ratio": null,
            "price_fair": 0,
            "eps_avg_yearly": 0,
            "eps_latest_yearly": 0,
            "eps_growth_yearly": 0
        },
        "20041": {
            "year_quarter": 20041,
            "year": 2004,
            "quarter": 1,
            "eps": null,
            "eps_growth_year": null,
            "eps_4q": null,
            "eps_4q_growth_year": null,
            "roe": null,
            "roe_4q": 0,
            "gross_profit": null,
            "gross_margin": null,
            "gross_margin_4q_avg": 0,
            "net_income": null,
            "revenue": null,
            "common_shares": null,
            "book_valuer_per_share": null,
            "book_valuer_per_share_4q_avg": 0,
            "equity": null,
            "current_ratio": null,
            "debt_ratio": null,
            "inventory_turnover_ratio": null,
            "account_receivable_turnover_ratio": null,
            "reinvestment_rate": null,
            "research_to_sale_ratio": null,
            "price_fair": 0,
            "eps_avg_yearly": 0,
            "eps_latest_yearly": 0,
            "eps_growth_yearly": 0
        },
        "20042": {
            "year_quarter": 20042,
            "year": 2004,
            "quarter": 2,
            "eps": null,
            "eps_growth_year": null,
            "eps_4q": null,
            "eps_4q_growth_year": null,
            "roe": null,
            "roe_4q": 0,
            "gross_profit": null,
            "gross_margin": null,
            "gross_margin_4q_avg": 0,
            "net_income": null,
            "revenue": null,
            "common_shares": null,
            "book_valuer_per_share": null,
            "book_valuer_per_share_4q_avg": 0,
            "equity": null,
            "current_ratio": null,
            "debt_ratio": null,
            "inventory_turnover_ratio": null,
            "account_receivable_turnover_ratio": null,
            "reinvestment_rate": null,
            "research_to_sale_ratio": null,
            "price_fair": 0,
            "eps_avg_yearly": 0,
            "eps_latest_yearly": 0,
            "eps_growth_yearly": 0
        },
        "20043": {
            "year_quarter": 20043,
            "year": 2004,
            "quarter": 3,
            "eps": null,
            "eps_growth_year": null,
            "eps_4q": null,
            "eps_4q_growth_year": null,
            "roe": null,
            "roe_4q": 0,
            "gross_profit": null,
            "gross_margin": null,
            "gross_margin_4q_avg": 0,
            "net_income": null,
            "revenue": null,
            "common_shares": null,
            "book_valuer_per_share": null,
            "book_valuer_per_share_4q_avg": 0,
            "equity": null,
            "current_ratio": null,
            "debt_ratio": null,
            "inventory_turnover_ratio": null,
            "account_receivable_turnover_ratio": null,
            "reinvestment_rate": null,
            "research_to_sale_ratio": null,
            "price_fair": 0,
            "eps_avg_yearly": 0,
            "eps_latest_yearly": 0,
            "eps_growth_yearly": 0
        },
        "20044": {
            "year_quarter": 20044,
            "year": 2004,
            "quarter": 4,
            "eps": null,
            "eps_growth_year": null,
            "eps_4q": null,
            "eps_4q_growth_year": null,
            "roe": null,
            "roe_4q": 0,
            "gross_profit": null,
            "gross_margin": null,
            "gross_margin_4q_avg": 0,
            "net_income": null,
            "revenue": null,
            "common_shares": null,
            "book_valuer_per_share": null,
            "book_valuer_per_share_4q_avg": 0,
            "equity": null,
            "current_ratio": null,
            "debt_ratio": null,
            "inventory_turnover_ratio": null,
            "account_receivable_turnover_ratio": null,
            "reinvestment_rate": null,
            "research_to_sale_ratio": null,
            "price_fair": 0,
            "eps_avg_yearly": 0,
            "eps_latest_yearly": 0,
            "eps_growth_yearly": 0
        },
        "20051": {
            "year_quarter": 20051,
            "year": 2005,
            "quarter": 1,
            "eps": null,
            "eps_growth_year": null,
            "eps_4q": null,
            "eps_4q_growth_year": null,
            "roe": null,
            "roe_4q": 0,
            "gross_profit": null,
            "gross_margin": null,
            "gross_margin_4q_avg": 0,
            "net_income": null,
            "revenue": null,
            "common_shares": null,
            "book_valuer_per_share": null,
            "book_valuer_per_share_4q_avg": 0,
            "equity": null,
            "current_ratio": null,
            "debt_ratio": null,
            "inventory_turnover_ratio": null,
            "account_receivable_turnover_ratio": null,
            "reinvestment_rate": null,
            "research_to_sale_ratio": null,
            "price_fair": 0,
            "eps_avg_yearly": 0,
            "eps_latest_yearly": 0,
            "eps_growth_yearly": 0
        },
        "20052": {
            "year_quarter": 20052,
            "year": 2005,
            "quarter": 2,
            "eps": null,
            "eps_growth_year": null,
            "eps_4q": null,
            "eps_4q_growth_year": null,
            "roe": null,
            "roe_4q": 0,
            "gross_profit": null,
            "gross_margin": null,
            "gross_margin_4q_avg": 0,
            "net_income": null,
            "revenue": null,
            "common_shares": null,
            "book_valuer_per_share": null,
            "book_valuer_per_share_4q_avg": 0,
            "equity": null,
            "current_ratio": null,
            "debt_ratio": null,
            "inventory_turnover_ratio": null,
            "account_receivable_turnover_ratio": null,
            "reinvestment_rate": null,
            "research_to_sale_ratio": null,
            "price_fair": 0,
            "eps_avg_yearly": 0,
            "eps_latest_yearly": 0,
            "eps_growth_yearly": 0
        },
        "20053": {
            "year_quarter": 20053,
            "year": 2005,
            "quarter": 3,
            "eps": null,
            "eps_growth_year": null,
            "eps_4q": null,
            "eps_4q_growth_year": null,
            "roe": null,
            "roe_4q": 0,
            "gross_profit": null,
            "gross_margin": null,
            "gross_margin_4q_avg": 0,
            "net_income": null,
            "revenue": null,
            "common_shares": null,
            "book_valuer_per_share": null,
            "book_valuer_per_share_4q_avg": 0,
            "equity": null,
            "current_ratio": null,
            "debt_ratio": null,
            "inventory_turnover_ratio": null,
            "account_receivable_turnover_ratio": null,
            "reinvestment_rate": null,
            "research_to_sale_ratio": null,
            "price_fair": 0,
            "eps_avg_yearly": 0,
            "eps_latest_yearly": 0,
            "eps_growth_yearly": 0
        },
        "20054": {
            "year_quarter": 20054,
            "year": 2005,
            "quarter": 4,
            "eps": null,
            "eps_growth_year": null,
            "eps_4q": null,
            "eps_4q_growth_year": null,
            "roe": null,
            "roe_4q": 0,
            "gross_profit": null,
            "gross_margin": null,
            "gross_margin_4q_avg": 0,
            "net_income": null,
            "revenue": null,
            "common_shares": null,
            "book_valuer_per_share": null,
            "book_valuer_per_share_4q_avg": 0,
            "equity": null,
            "current_ratio": null,
            "debt_ratio": null,
            "inventory_turnover_ratio": null,
            "account_receivable_turnover_ratio": null,
            "reinvestment_rate": null,
            "research_to_sale_ratio": null,
            "price_fair": 0,
            "eps_avg_yearly": 0,
            "eps_latest_yearly": 0,
            "eps_growth_yearly": 0
        },
        "20061": {
            "year_quarter": 20061,
            "year": 2006,
            "quarter": 1,
            "eps": null,
            "eps_growth_year": null,
            "eps_4q": null,
            "eps_4q_growth_year": null,
            "roe": null,
            "roe_4q": 0,
            "gross_profit": null,
            "gross_margin": null,
            "gross_margin_4q_avg": 0,
            "net_income": null,
            "revenue": null,
            "common_shares": null,
            "book_valuer_per_share": null,
            "book_valuer_per_share_4q_avg": 0,
            "equity": null,
            "current_ratio": null,
            "debt_ratio": null,
            "inventory_turnover_ratio": null,
            "account_receivable_turnover_ratio": null,
            "reinvestment_rate": null,
            "research_to_sale_ratio": null,
            "price_fair": 0,
            "eps_avg_yearly": 0,
            "eps_latest_yearly": 0,
            "eps_growth_yearly": 0
        },
        "20062": {
            "year_quarter": 20062,
            "year": 2006,
            "quarter": 2,
            "eps": null,
            "eps_growth_year": null,
            "eps_4q": null,
            "eps_4q_growth_year": null,
            "roe": null,
            "roe_4q": 0,
            "gross_profit": null,
            "gross_margin": null,
            "gross_margin_4q_avg": 0,
            "net_income": null,
            "revenue": null,
            "common_shares": null,
            "book_valuer_per_share": null,
            "book_valuer_per_share_4q_avg": 0,
            "equity": null,
            "current_ratio": null,
            "debt_ratio": null,
            "inventory_turnover_ratio": null,
            "account_receivable_turnover_ratio": null,
            "reinvestment_rate": null,
            "research_to_sale_ratio": null,
            "price_fair": 0,
            "eps_avg_yearly": 0,
            "eps_latest_yearly": 0,
            "eps_growth_yearly": 0
        },
        "20063": {
            "year_quarter": 20063,
            "year": 2006,
            "quarter": 3,
            "eps": null,
            "eps_growth_year": null,
            "eps_4q": null,
            "eps_4q_growth_year": null,
            "roe": null,
            "roe_4q": 0,
            "gross_profit": null,
            "gross_margin": null,
            "gross_margin_4q_avg": 0,
            "net_income": null,
            "revenue": null,
            "common_shares": null,
            "book_valuer_per_share": null,
            "book_valuer_per_share_4q_avg": 0,
            "equity": null,
            "current_ratio": null,
            "debt_ratio": null,
            "inventory_turnover_ratio": null,
            "account_receivable_turnover_ratio": null,
            "reinvestment_rate": null,
            "research_to_sale_ratio": null,
            "price_fair": 0,
            "eps_avg_yearly": 0,
            "eps_latest_yearly": 0,
            "eps_growth_yearly": 0
        },
        "20064": {
            "year_quarter": 20064,
            "year": 2006,
            "quarter": 4,
            "eps": null,
            "eps_growth_year": null,
            "eps_4q": null,
            "eps_4q_growth_year": null,
            "roe": null,
            "roe_4q": 0,
            "gross_profit": null,
            "gross_margin": null,
            "gross_margin_4q_avg": 0,
            "net_income": null,
            "revenue": null,
            "common_shares": null,
            "book_valuer_per_share": null,
            "book_valuer_per_share_4q_avg": 0,
            "equity": null,
            "current_ratio": null,
            "debt_ratio": null,
            "inventory_turnover_ratio": null,
            "account_receivable_turnover_ratio": null,
            "reinvestment_rate": null,
            "research_to_sale_ratio": null,
            "price_fair": 0,
            "eps_avg_yearly": 0,
            "eps_latest_yearly": 0,
            "eps_growth_yearly": 0
        },
        "20071": {
            "year_quarter": 20071,
            "year": 2007,
            "quarter": 1,
            "eps": null,
            "eps_growth_year": null,
            "eps_4q": null,
            "eps_4q_growth_year": null,
            "roe": null,
            "roe_4q": 0,
            "gross_profit": null,
            "gross_margin": null,
            "gross_margin_4q_avg": 0,
            "net_income": null,
            "revenue": null,
            "common_shares": null,
            "book_valuer_per_share": null,
            "book_valuer_per_share_4q_avg": 0,
            "equity": null,
            "current_ratio": null,
            "debt_ratio": null,
            "inventory_turnover_ratio": null,
            "account_receivable_turnover_ratio": null,
            "reinvestment_rate": null,
            "research_to_sale_ratio": null,
            "price_fair": 0,
            "eps_avg_yearly": 0,
            "eps_latest_yearly": 0,
            "eps_growth_yearly": 0
        },
        "20072": {
            "year_quarter": 20072,
            "year": 2007,
            "quarter": 2,
            "eps": null,
            "eps_growth_year": null,
            "eps_4q": null,
            "eps_4q_growth_year": null,
            "roe": null,
            "roe_4q": 0,
            "gross_profit": null,
            "gross_margin": null,
            "gross_margin_4q_avg": 0,
            "net_income": null,
            "revenue": null,
            "common_shares": null,
            "book_valuer_per_share": null,
            "book_valuer_per_share_4q_avg": 0,
            "equity": null,
            "current_ratio": null,
            "debt_ratio": null,
            "inventory_turnover_ratio": null,
            "account_receivable_turnover_ratio": null,
            "reinvestment_rate": null,
            "research_to_sale_ratio": null,
            "price_fair": 0,
            "eps_avg_yearly": 0,
            "eps_latest_yearly": 0,
            "eps_growth_yearly": 0
        },
        "20073": {
            "year_quarter": 20073,
            "year": 2007,
            "quarter": 3,
            "eps": null,
            "eps_growth_year": null,
            "eps_4q": null,
            "eps_4q_growth_year": null,
            "roe": null,
            "roe_4q": 0,
            "gross_profit": null,
            "gross_margin": null,
            "gross_margin_4q_avg": 0,
            "net_income": null,
            "revenue": null,
            "common_shares": null,
            "book_valuer_per_share": null,
            "book_valuer_per_share_4q_avg": 0,
            "equity": null,
            "current_ratio": null,
            "debt_ratio": null,
            "inventory_turnover_ratio": null,
            "account_receivable_turnover_ratio": null,
            "reinvestment_rate": null,
            "research_to_sale_ratio": null,
            "price_fair": 0,
            "eps_avg_yearly": 0,
            "eps_latest_yearly": 0,
            "eps_growth_yearly": 0
        },
        "20074": {
            "year_quarter": 20074,
            "year": 2007,
            "quarter": 4,
            "eps": null,
            "eps_growth_year": null,
            "eps_4q": null,
            "eps_4q_growth_year": null,
            "roe": null,
            "roe_4q": 0,
            "gross_profit": null,
            "gross_margin": null,
            "gross_margin_4q_avg": 0,
            "net_income": null,
            "revenue": null,
            "common_shares": null,
            "book_valuer_per_share": null,
            "book_valuer_per_share_4q_avg": 0,
            "equity": null,
            "current_ratio": null,
            "debt_ratio": null,
            "inventory_turnover_ratio": null,
            "account_receivable_turnover_ratio": null,
            "reinvestment_rate": null,
            "research_to_sale_ratio": null,
            "price_fair": 0,
            "eps_avg_yearly": 0,
            "eps_latest_yearly": 0,
            "eps_growth_yearly": 0
        },
        "20081": {
            "year_quarter": 20081,
            "year": 2008,
            "quarter": 1,
            "eps": null,
            "eps_growth_year": null,
            "eps_4q": null,
            "eps_4q_growth_year": null,
            "roe": null,
            "roe_4q": 0,
            "gross_profit": null,
            "gross_margin": null,
            "gross_margin_4q_avg": 0,
            "net_income": null,
            "revenue": null,
            "common_shares": null,
            "book_valuer_per_share": null,
            "book_valuer_per_share_4q_avg": 0,
            "equity": null,
            "current_ratio": null,
            "debt_ratio": null,
            "inventory_turnover_ratio": null,
            "account_receivable_turnover_ratio": null,
            "reinvestment_rate": null,
            "research_to_sale_ratio": null,
            "price_fair": 0,
            "eps_avg_yearly": 0,
            "eps_latest_yearly": 0,
            "eps_growth_yearly": 0
        },
        "20082": {
            "year_quarter": 20082,
            "year": 2008,
            "quarter": 2,
            "eps": null,
            "eps_growth_year": null,
            "eps_4q": null,
            "eps_4q_growth_year": null,
            "roe": null,
            "roe_4q": 0,
            "gross_profit": null,
            "gross_margin": null,
            "gross_margin_4q_avg": 0,
            "net_income": null,
            "revenue": null,
            "common_shares": null,
            "book_valuer_per_share": null,
            "book_valuer_per_share_4q_avg": 0,
            "equity": null,
            "current_ratio": null,
            "debt_ratio": null,
            "inventory_turnover_ratio": null,
            "account_receivable_turnover_ratio": null,
            "reinvestment_rate": null,
            "research_to_sale_ratio": null,
            "price_fair": 0,
            "eps_avg_yearly": 0,
            "eps_latest_yearly": 0,
            "eps_growth_yearly": 0
        },
        "20083": {
            "year_quarter": 20083,
            "year": 2008,
            "quarter": 3,
            "eps": null,
            "eps_growth_year": null,
            "eps_4q": null,
            "eps_4q_growth_year": null,
            "roe": null,
            "roe_4q": 0,
            "gross_profit": null,
            "gross_margin": null,
            "gross_margin_4q_avg": 0,
            "net_income": null,
            "revenue": null,
            "common_shares": null,
            "book_valuer_per_share": null,
            "book_valuer_per_share_4q_avg": 0,
            "equity": null,
            "current_ratio": null,
            "debt_ratio": null,
            "inventory_turnover_ratio": null,
            "account_receivable_turnover_ratio": null,
            "reinvestment_rate": null,
            "research_to_sale_ratio": null,
            "price_fair": 0,
            "eps_avg_yearly": 0,
            "eps_latest_yearly": 0,
            "eps_growth_yearly": 0
        },
        "20084": {
            "year_quarter": 20084,
            "year": 2008,
            "quarter": 4,
            "eps": null,
            "eps_growth_year": null,
            "eps_4q": null,
            "eps_4q_growth_year": null,
            "roe": null,
            "roe_4q": 0,
            "gross_profit": null,
            "gross_margin": null,
            "gross_margin_4q_avg": 0,
            "net_income": null,
            "revenue": null,
            "common_shares": 38735980,
            "book_valuer_per_share": null,
            "book_valuer_per_share_4q_avg": 0,
            "equity": 39472749,
            "current_ratio": null,
            "debt_ratio": null,
            "inventory_turnover_ratio": null,
            "account_receivable_turnover_ratio": null,
            "reinvestment_rate": null,
            "research_to_sale_ratio": null,
            "price_fair": 0,
            "eps_avg_yearly": 0,
            "eps_latest_yearly": 0,
            "eps_growth_yearly": 0
        },
        "20091": {
            "year_quarter": 20091,
            "year": 2009,
            "quarter": 1,
            "eps": null,
            "eps_growth_year": null,
            "eps_4q": null,
            "eps_4q_growth_year": null,
            "roe": null,
            "roe_4q": 0,
            "gross_profit": null,
            "gross_margin": null,
            "gross_margin_4q_avg": 0,
            "net_income": 335340,
            "revenue": 335340,
            "common_shares": 38735980,
            "book_valuer_per_share": null,
            "book_valuer_per_share_4q_avg": 0,
            "equity": 40005109,
            "current_ratio": null,
            "debt_ratio": null,
            "inventory_turnover_ratio": null,
            "account_receivable_turnover_ratio": null,
            "reinvestment_rate": null,
            "research_to_sale_ratio": null,
            "price_fair": 0,
            "eps_avg_yearly": 0,
            "eps_latest_yearly": 0,
            "eps_growth_yearly": 0
        },
        "20092": {
            "year_quarter": 20092,
            "year": 2009,
            "quarter": 2,
            "eps": null,
            "eps_growth_year": null,
            "eps_4q": null,
            "eps_4q_growth_year": null,
            "roe": null,
            "roe_4q": 0,
            "gross_profit": null,
            "gross_margin": null,
            "gross_margin_4q_avg": 0,
            "net_income": 395109,
            "revenue": 395109,
            "common_shares": 38735980,
            "book_valuer_per_share": null,
            "book_valuer_per_share_4q_avg": 0,
            "equity": 40594955,
            "current_ratio": null,
            "debt_ratio": null,
            "inventory_turnover_ratio": null,
            "account_receivable_turnover_ratio": null,
            "reinvestment_rate": null,
            "research_to_sale_ratio": null,
            "price_fair": 0,
            "eps_avg_yearly": 0,
            "eps_latest_yearly": 0,
            "eps_growth_yearly": 0
        },
        "20093": {
            "year_quarter": 20093,
            "year": 2009,
            "quarter": 3,
            "eps": null,
            "eps_growth_year": null,
            "eps_4q": null,
            "eps_4q_growth_year": null,
            "roe": null,
            "roe_4q": 0,
            "gross_profit": null,
            "gross_margin": null,
            "gross_margin_4q_avg": 0,
            "net_income": 345675,
            "revenue": 345675,
            "common_shares": 38735980,
            "book_valuer_per_share": null,
            "book_valuer_per_share_4q_avg": 0,
            "equity": 41281659,
            "current_ratio": null,
            "debt_ratio": null,
            "inventory_turnover_ratio": null,
            "account_receivable_turnover_ratio": null,
            "reinvestment_rate": null,
            "research_to_sale_ratio": null,
            "price_fair": 0,
            "eps_avg_yearly": 0,
            "eps_latest_yearly": 0,
            "eps_growth_yearly": 0
        },
        "20094": {
            "year_quarter": 20094,
            "year": 2009,
            "quarter": 4,
            "eps": null,
            "eps_growth_year": null,
            "eps_4q": null,
            "eps_4q_growth_year": null,
            "roe": null,
            "roe_4q": 0,
            "gross_profit": null,
            "gross_margin": null,
            "gross_margin_4q_avg": 0,
            "net_income": 355945,
            "revenue": 355945,
            "common_shares": 38735980,
            "book_valuer_per_share": 10.77,
            "book_valuer_per_share_4q_avg": 2.69,
            "equity": 41727004,
            "current_ratio": null,
            "debt_ratio": 96.49,
            "inventory_turnover_ratio": null,
            "account_receivable_turnover_ratio": null,
            "reinvestment_rate": null,
            "research_to_sale_ratio": null,
            "price_fair": 0,
            "eps_avg_yearly": 0,
            "eps_latest_yearly": 0,
            "eps_growth_yearly": 0
        },
        "20101": {
            "year_quarter": 20101,
            "year": 2010,
            "quarter": 1,
            "eps": 0.09,
            "eps_growth_year": null,
            "eps_4q": 0.09,
            "eps_4q_growth_year": null,
            "roe": 0.83,
            "roe_4q": 0.83,
            "gross_profit": null,
            "gross_margin": null,
            "gross_margin_4q_avg": 0,
            "net_income": 348560,
            "revenue": 348560,
            "common_shares": 38735980,
            "book_valuer_per_share": 10.89,
            "book_valuer_per_share_4q_avg": 5.42,
            "equity": 42180448,
            "current_ratio": null,
            "debt_ratio": 96.36,
            "inventory_turnover_ratio": null,
            "account_receivable_turnover_ratio": 0.19,
            "reinvestment_rate": null,
            "research_to_sale_ratio": 0,
            "price_fair": 0,
            "eps_avg_yearly": 0,
            "eps_latest_yearly": 0,
            "eps_growth_yearly": 0
        },
        "20102": {
            "year_quarter": 20102,
            "year": 2010,
            "quarter": 2,
            "eps": 0.04,
            "eps_growth_year": null,
            "eps_4q": 0.13,
            "eps_4q_growth_year": null,
            "roe": 0.42,
            "roe_4q": 1.25,
            "gross_profit": null,
            "gross_margin": null,
            "gross_margin_4q_avg": 0,
            "net_income": 176761,
            "revenue": 176761,
            "common_shares": 38735980,
            "book_valuer_per_share": 10.91,
            "book_valuer_per_share_4q_avg": 8.14,
            "equity": 42263442,
            "current_ratio": null,
            "debt_ratio": 96.39,
            "inventory_turnover_ratio": null,
            "account_receivable_turnover_ratio": 0.09,
            "reinvestment_rate": null,
            "research_to_sale_ratio": 0,
            "price_fair": 0.48,
            "eps_avg_yearly": 0.16,
            "eps_latest_yearly": 0.16,
            "eps_growth_yearly": -222.22
        },
        "20103": {
            "year_quarter": 20103,
            "year": 2010,
            "quarter": 3,
            "eps": 0.18,
            "eps_growth_year": null,
            "eps_4q": 0.32,
            "eps_4q_growth_year": null,
            "roe": 1.74,
            "roe_4q": 2.99,
            "gross_profit": null,
            "gross_margin": null,
            "gross_margin_4q_avg": 0,
            "net_income": 743827,
            "revenue": 743827,
            "common_shares": 40285419,
            "book_valuer_per_share": 10.72,
            "book_valuer_per_share_4q_avg": 10.82,
            "equity": 43184785,
            "current_ratio": null,
            "debt_ratio": 96.36,
            "inventory_turnover_ratio": null,
            "account_receivable_turnover_ratio": 0.72,
            "reinvestment_rate": null,
            "research_to_sale_ratio": null,
            "price_fair": 15.4,
            "eps_avg_yearly": 0.44,
            "eps_latest_yearly": 0.72,
            "eps_growth_yearly": 588.89
        },
        "20104": {
            "year_quarter": 20104,
            "year": 2010,
            "quarter": 4,
            "eps": 0.18,
            "eps_growth_year": null,
            "eps_4q": 0.5,
            "eps_4q_growth_year": null,
            "roe": 1.69,
            "roe_4q": 4.68,
            "gross_profit": null,
            "gross_margin": null,
            "gross_margin_4q_avg": 0,
            "net_income": 737086,
            "revenue": 737086,
            "common_shares": 40285419,
            "book_valuer_per_share": 10.89,
            "book_valuer_per_share_4q_avg": 10.85,
            "equity": 43856026,
            "current_ratio": null,
            "debt_ratio": 96.39,
            "inventory_turnover_ratio": null,
            "account_receivable_turnover_ratio": null,
            "reinvestment_rate": null,
            "research_to_sale_ratio": null,
            "price_fair": 18.67,
            "eps_avg_yearly": 0.53,
            "eps_latest_yearly": 0.72,
            "eps_growth_yearly": 392.59
        },
        "20111": {
            "year_quarter": 20111,
            "year": 2011,
            "quarter": 1,
            "eps": 0.16,
            "eps_growth_year": 77.78,
            "eps_4q": 0.57,
            "eps_4q_growth_year": 533.86,
            "roe": 1.44,
            "roe_4q": 5.29,
            "gross_profit": null,
            "gross_margin": null,
            "gross_margin_4q_avg": 0,
            "net_income": 640093,
            "revenue": 640093,
            "common_shares": 40285419,
            "book_valuer_per_share": 11.12,
            "book_valuer_per_share_4q_avg": 10.91,
            "equity": 44806922,
            "current_ratio": null,
            "debt_ratio": 96.37,
            "inventory_turnover_ratio": null,
            "account_receivable_turnover_ratio": null,
            "reinvestment_rate": null,
            "research_to_sale_ratio": null,
            "price_fair": 19.6,
            "eps_avg_yearly": 0.56,
            "eps_latest_yearly": 0.64,
            "eps_growth_yearly": 283.33
        },
        "20112": {
            "year_quarter": 20112,
            "year": 2011,
            "quarter": 2,
            "eps": 0.19,
            "eps_growth_year": 338.6,
            "eps_4q": 0.7,
            "eps_4q_growth_year": 433.95,
            "roe": 1.79,
            "roe_4q": 6.66,
            "gross_profit": null,
            "gross_margin": null,
            "gross_margin_4q_avg": 0,
            "net_income": 810163,
            "revenue": 810163,
            "common_shares": 40285419,
            "book_valuer_per_share": 11.3,
            "book_valuer_per_share_4q_avg": 11.01,
            "equity": 45521849,
            "current_ratio": null,
            "debt_ratio": 96.35,
            "inventory_turnover_ratio": null,
            "account_receivable_turnover_ratio": null,
            "reinvestment_rate": null,
            "research_to_sale_ratio": null,
            "price_fair": 21,
            "eps_avg_yearly": 0.6,
            "eps_latest_yearly": 0.76,
            "eps_growth_yearly": 241.67
        },
        "20113": {
            "year_quarter": 20113,
            "year": 2011,
            "quarter": 3,
            "eps": 0.17,
            "eps_growth_year": -6.41,
            "eps_4q": 0.69,
            "eps_4q_growth_year": 119.78,
            "roe": 1.59,
            "roe_4q": 6.51,
            "gross_profit": null,
            "gross_margin": null,
            "gross_margin_4q_avg": 0,
            "net_income": 727451,
            "revenue": 727451,
            "common_shares": 42098263,
            "book_valuer_per_share": 10.97,
            "book_valuer_per_share_4q_avg": 11.07,
            "equity": 46170822,
            "current_ratio": null,
            "debt_ratio": 96.34,
            "inventory_turnover_ratio": null,
            "account_receivable_turnover_ratio": null,
            "reinvestment_rate": null,
            "research_to_sale_ratio": null,
            "price_fair": 21.47,
            "eps_avg_yearly": 0.61,
            "eps_latest_yearly": 0.68,
            "eps_growth_yearly": 194.37
        },
        "20114": {
            "year_quarter": 20114,
            "year": 2011,
            "quarter": 4,
            "eps": 0.19,
            "eps_growth_year": 3.89,
            "eps_4q": 0.71,
            "eps_4q_growth_year": 42.04,
            "roe": 1.72,
            "roe_4q": 6.539999999999999,
            "gross_profit": null,
            "gross_margin": null,
            "gross_margin_4q_avg": 0,
            "net_income": 800191,
            "revenue": 800191,
            "common_shares": 42098263,
            "book_valuer_per_share": 11.14,
            "book_valuer_per_share_4q_avg": 11.13,
            "equity": 46912912,
            "current_ratio": null,
            "debt_ratio": 96.3,
            "inventory_turnover_ratio": null,
            "account_receivable_turnover_ratio": null,
            "reinvestment_rate": null,
            "research_to_sale_ratio": null,
            "price_fair": 22.2,
            "eps_avg_yearly": 0.63,
            "eps_latest_yearly": 0.76,
            "eps_growth_yearly": 173.33
        },
        "20121": {
            "year_quarter": 20121,
            "year": 2012,
            "quarter": 1,
            "eps": 0.16,
            "eps_growth_year": 0,
            "eps_4q": 0.66,
            "eps_4q_growth_year": 15.24,
            "roe": 1.52,
            "roe_4q": 6.62,
            "gross_profit": null,
            "gross_margin": null,
            "gross_margin_4q_avg": 0,
            "net_income": 757836,
            "revenue": 757836,
            "common_shares": 47098263,
            "book_valuer_per_share": 11.21,
            "book_valuer_per_share_4q_avg": 11.16,
            "equity": 52816255,
            "current_ratio": null,
            "debt_ratio": 95.87,
            "inventory_turnover_ratio": null,
            "account_receivable_turnover_ratio": null,
            "reinvestment_rate": null,
            "research_to_sale_ratio": null,
            "price_fair": 22.23,
            "eps_avg_yearly": 0.64,
            "eps_latest_yearly": 0.64,
            "eps_growth_yearly": 143.77
        },
        "20122": {
            "year_quarter": 20122,
            "year": 2012,
            "quarter": 2,
            "eps": 0.19,
            "eps_growth_year": -2.9,
            "eps_4q": 0.65,
            "eps_4q_growth_year": -6.15,
            "roe": 1.72,
            "roe_4q": 6.55,
            "gross_profit": null,
            "gross_margin": null,
            "gross_margin_4q_avg": 0,
            "net_income": 915344,
            "revenue": 915344,
            "common_shares": 47098263,
            "book_valuer_per_share": 11.41,
            "book_valuer_per_share_4q_avg": 11.18,
            "equity": 53740431,
            "current_ratio": null,
            "debt_ratio": 95.73,
            "inventory_turnover_ratio": null,
            "account_receivable_turnover_ratio": null,
            "reinvestment_rate": null,
            "research_to_sale_ratio": null,
            "price_fair": 22.71,
            "eps_avg_yearly": 0.65,
            "eps_latest_yearly": 0.76,
            "eps_growth_yearly": 136.13
        },
        "20123": {
            "year_quarter": 20123,
            "year": 2012,
            "quarter": 3,
            "eps": 0.19,
            "eps_growth_year": 10.24,
            "eps_4q": 0.7,
            "eps_4q_growth_year": 0.44,
            "roe": 1.72,
            "roe_4q": 6.68,
            "gross_profit": null,
            "gross_margin": null,
            "gross_margin_4q_avg": 0,
            "net_income": 933031,
            "revenue": 933031,
            "common_shares": 48982194,
            "book_valuer_per_share": 11.17,
            "book_valuer_per_share_4q_avg": 11.23,
            "equity": 54714324,
            "current_ratio": null,
            "debt_ratio": 95.65,
            "inventory_turnover_ratio": null,
            "account_receivable_turnover_ratio": null,
            "reinvestment_rate": null,
            "research_to_sale_ratio": null,
            "price_fair": 23.1,
            "eps_avg_yearly": 0.66,
            "eps_latest_yearly": 0.76,
            "eps_growth_yearly": 122.51
        },
        "20124": {
            "year_quarter": 20124,
            "year": 2012,
            "quarter": 4,
            "eps": 0.16,
            "eps_growth_year": -14.33,
            "eps_4q": 0.69,
            "eps_4q_growth_year": -1.76,
            "roe": 1.45,
            "roe_4q": 6.41,
            "gross_profit": null,
            "gross_margin": null,
            "gross_margin_4q_avg": 0,
            "net_income": 797628,
            "revenue": 797628,
            "common_shares": 48982194,
            "book_valuer_per_share": 11.24,
            "book_valuer_per_share_4q_avg": 11.26,
            "equity": 55038495,
            "current_ratio": null,
            "debt_ratio": 95.73,
            "inventory_turnover_ratio": null,
            "account_receivable_turnover_ratio": null,
            "reinvestment_rate": -8.53,
            "research_to_sale_ratio": null,
            "price_fair": 23.04,
            "eps_avg_yearly": 0.66,
            "eps_latest_yearly": 0.64,
            "eps_growth_yearly": 105.63
        },
        "20131": {
            "year_quarter": 20131,
            "year": 2013,
            "quarter": 1,
            "eps": 0.15,
            "eps_growth_year": -6.25,
            "eps_4q": 0.69,
            "eps_4q_growth_year": 4.82,
            "roe": 1.33,
            "roe_4q": 6.22,
            "gross_profit": null,
            "gross_margin": null,
            "gross_margin_4q_avg": 0,
            "net_income": 728492,
            "revenue": 4227669,
            "common_shares": 48982194,
            "book_valuer_per_share": 11.11,
            "book_valuer_per_share_4q_avg": 11.23,
            "equity": 54440555,
            "current_ratio": null,
            "debt_ratio": 95.81,
            "inventory_turnover_ratio": null,
            "account_receivable_turnover_ratio": null,
            "reinvestment_rate": -2.79,
            "research_to_sale_ratio": null,
            "price_fair": 22.87,
            "eps_avg_yearly": 0.65,
            "eps_latest_yearly": 0.6,
            "eps_growth_yearly": 94.75
        },
        "20132": {
            "year_quarter": 20132,
            "year": 2013,
            "quarter": 2,
            "eps": 0.16,
            "eps_growth_year": -14.38,
            "eps_4q": 0.64,
            "eps_4q_growth_year": -1.82,
            "roe": 1.48,
            "roe_4q": 5.9799999999999995,
            "gross_profit": null,
            "gross_margin": null,
            "gross_margin_4q_avg": 0,
            "net_income": 809228,
            "revenue": 4491473,
            "common_shares": 48982194,
            "book_valuer_per_share": 11.25,
            "book_valuer_per_share_4q_avg": 11.19,
            "equity": 55128303,
            "current_ratio": null,
            "debt_ratio": 95.78,
            "inventory_turnover_ratio": null,
            "account_receivable_turnover_ratio": null,
            "reinvestment_rate": -2.47,
            "research_to_sale_ratio": null,
            "price_fair": 22.83,
            "eps_avg_yearly": 0.65,
            "eps_latest_yearly": 0.64,
            "eps_growth_yearly": 89.51
        },
        "20133": {
            "year_quarter": 20133,
            "year": 2013,
            "quarter": 3,
            "eps": 0.13,
            "eps_growth_year": -31.75,
            "eps_4q": 0.59,
            "eps_4q_growth_year": -14.82,
            "roe": 1.23,
            "roe_4q": 5.49,
            "gross_profit": null,
            "gross_margin": null,
            "gross_margin_4q_avg": 0,
            "net_income": 682466,
            "revenue": 4383086,
            "common_shares": 50941482,
            "book_valuer_per_share": 10.98,
            "book_valuer_per_share_4q_avg": 11.15,
            "equity": 55928252,
            "current_ratio": null,
            "debt_ratio": 95.75,
            "inventory_turnover_ratio": null,
            "account_receivable_turnover_ratio": null,
            "reinvestment_rate": -1.47,
            "research_to_sale_ratio": null,
            "price_fair": 22.5,
            "eps_avg_yearly": 0.64,
            "eps_latest_yearly": 0.52,
            "eps_growth_yearly": 77.76
        },
        "20134": {
            "year_quarter": 20134,
            "year": 2013,
            "quarter": 4,
            "eps": 0.27,
            "eps_growth_year": 67.57,
            "eps_4q": 0.71,
            "eps_4q_growth_year": 1.98,
            "roe": 2.46,
            "roe_4q": 6.5,
            "gross_profit": null,
            "gross_margin": null,
            "gross_margin_4q_avg": 0,
            "net_income": 1390016,
            "revenue": 4621013,
            "common_shares": 50941482,
            "book_valuer_per_share": 11.24,
            "book_valuer_per_share_4q_avg": 11.15,
            "equity": 57253568,
            "current_ratio": null,
            "debt_ratio": 95.68,
            "inventory_turnover_ratio": null,
            "account_receivable_turnover_ratio": null,
            "reinvestment_rate": -2.48,
            "research_to_sale_ratio": null,
            "price_fair": 23.52,
            "eps_avg_yearly": 0.67,
            "eps_latest_yearly": 1.08,
            "eps_growth_yearly": 101.29
        },
        "20141": {
            "year_quarter": 20141,
            "year": 2014,
            "quarter": 1,
            "eps": 0.24,
            "eps_growth_year": 60,
            "eps_4q": 0.8,
            "eps_4q_growth_year": 16.66,
            "roe": 2.09,
            "roe_4q": 7.26,
            "gross_profit": null,
            "gross_margin": null,
            "gross_margin_4q_avg": 0,
            "net_income": 1212460,
            "revenue": 4482279,
            "common_shares": 50941482,
            "book_valuer_per_share": 11.5,
            "book_valuer_per_share_4q_avg": 11.24,
            "equity": 58566194,
            "current_ratio": null,
            "debt_ratio": 95.6,
            "inventory_turnover_ratio": null,
            "account_receivable_turnover_ratio": null,
            "reinvestment_rate": -1.99,
            "research_to_sale_ratio": null,
            "price_fair": 24.15,
            "eps_avg_yearly": 0.69,
            "eps_latest_yearly": 0.96,
            "eps_growth_yearly": 92.19
        },
        "20142": {
            "year_quarter": 20142,
            "year": 2014,
            "quarter": 2,
            "eps": 0.25,
            "eps_growth_year": 56.25,
            "eps_4q": 0.87,
            "eps_4q_growth_year": 35.49,
            "roe": 2.23,
            "roe_4q": 8.01,
            "gross_profit": null,
            "gross_margin": null,
            "gross_margin_4q_avg": 0,
            "net_income": 1320404,
            "revenue": 4686250,
            "common_shares": 50941482,
            "book_valuer_per_share": 11.73,
            "book_valuer_per_share_4q_avg": 11.36,
            "equity": 59767763,
            "current_ratio": null,
            "debt_ratio": 95.5,
            "inventory_turnover_ratio": null,
            "account_receivable_turnover_ratio": null,
            "reinvestment_rate": -1.67,
            "research_to_sale_ratio": null,
            "price_fair": 25.99,
            "eps_avg_yearly": 0.74,
            "eps_latest_yearly": 1,
            "eps_growth_yearly": 107.12
        },
        "20143": {
            "year_quarter": 20143,
            "year": 2014,
            "quarter": 3,
            "eps": 0.27,
            "eps_growth_year": 107.69,
            "eps_4q": 1.01,
            "eps_4q_growth_year": 70.21,
            "roe": 2.34,
            "roe_4q": 9.120000000000001,
            "gross_profit": null,
            "gross_margin": null,
            "gross_margin_4q_avg": 0,
            "net_income": 1419171,
            "revenue": 4947403,
            "common_shares": 52979141,
            "book_valuer_per_share": 11.57,
            "book_valuer_per_share_4q_avg": 11.51,
            "equity": 61292646,
            "current_ratio": null,
            "debt_ratio": 95.43,
            "inventory_turnover_ratio": null,
            "account_receivable_turnover_ratio": null,
            "reinvestment_rate": -1.35,
            "research_to_sale_ratio": null,
            "price_fair": 24.19,
            "eps_avg_yearly": 0.77,
            "eps_latest_yearly": 1.08,
            "eps_growth_yearly": 21.62
        },
        "20144": {
            "year_quarter": 20144,
            "year": 2014,
            "quarter": 4,
            "eps": 0.26,
            "eps_growth_year": -5.71,
            "eps_4q": 1,
            "eps_4q_growth_year": 41.56,
            "roe": 2.2,
            "roe_4q": 8.86,
            "gross_profit": null,
            "gross_margin": null,
            "gross_margin_4q_avg": 0,
            "net_income": 1363102,
            "revenue": 4878393,
            "common_shares": 52979141,
            "book_valuer_per_share": 11.84,
            "book_valuer_per_share_4q_avg": 11.66,
            "equity": 62737917,
            "current_ratio": null,
            "debt_ratio": 95.49,
            "inventory_turnover_ratio": null,
            "account_receivable_turnover_ratio": null,
            "reinvestment_rate": -0.85,
            "research_to_sale_ratio": null,
            "price_fair": 24.09,
            "eps_avg_yearly": 0.79,
            "eps_latest_yearly": 1.04,
            "eps_growth_yearly": 20.69
        },
        "20151": {
            "year_quarter": 20151,
            "year": 2015,
            "quarter": 1,
            "eps": 0.25,
            "eps_growth_year": 4.17,
            "eps_4q": 1.03,
            "eps_4q_growth_year": 27.88,
            "roe": 2.12,
            "roe_4q": 8.89,
            "gross_profit": null,
            "gross_margin": null,
            "gross_margin_4q_avg": 0,
            "net_income": 1342242,
            "revenue": 4824851,
            "common_shares": 52979141,
            "book_valuer_per_share": 12.07,
            "book_valuer_per_share_4q_avg": 11.8,
            "equity": 63935680,
            "current_ratio": null,
            "debt_ratio": 95.42,
            "inventory_turnover_ratio": null,
            "account_receivable_turnover_ratio": null,
            "reinvestment_rate": -2.03,
            "research_to_sale_ratio": null,
            "price_fair": 26.25,
            "eps_avg_yearly": 0.81,
            "eps_latest_yearly": 1,
            "eps_growth_yearly": 22.51
        },
        "20152": {
            "year_quarter": 20152,
            "year": 2015,
            "quarter": 2,
            "eps": 0.23,
            "eps_growth_year": -8,
            "eps_4q": 0.94,
            "eps_4q_growth_year": 7.76,
            "roe": 1.86,
            "roe_4q": 8.52,
            "gross_profit": null,
            "gross_margin": null,
            "gross_margin_4q_avg": 0,
            "net_income": 1200655,
            "revenue": 5166872,
            "common_shares": 52979141,
            "book_valuer_per_share": 12.28,
            "book_valuer_per_share_4q_avg": 11.94,
            "equity": 65041142,
            "current_ratio": null,
            "debt_ratio": 95.33,
            "inventory_turnover_ratio": null,
            "account_receivable_turnover_ratio": null,
            "reinvestment_rate": 2.55,
            "research_to_sale_ratio": null,
            "price_fair": 21.11,
            "eps_avg_yearly": 0.82,
            "eps_latest_yearly": 0.92,
            "eps_growth_yearly": 15.82
        },
        "20153": {
            "year_quarter": 20153,
            "year": 2015,
            "quarter": 3,
            "eps": 0.22,
            "eps_growth_year": -18.52,
            "eps_4q": 0.91,
            "eps_4q_growth_year": -9.83,
            "roe": 1.92,
            "roe_4q": 8.100000000000001,
            "gross_profit": null,
            "gross_margin": null,
            "gross_margin_4q_avg": 0,
            "net_income": 1262573,
            "revenue": 5092152,
            "common_shares": 56846618,
            "book_valuer_per_share": 11.71,
            "book_valuer_per_share_4q_avg": 11.98,
            "equity": 66559264,
            "current_ratio": null,
            "debt_ratio": 95.37,
            "inventory_turnover_ratio": null,
            "account_receivable_turnover_ratio": null,
            "reinvestment_rate": 1.22,
            "research_to_sale_ratio": null,
            "price_fair": 22.71,
            "eps_avg_yearly": 0.83,
            "eps_latest_yearly": 0.88,
            "eps_growth_yearly": 17.36
        },
        "20154": {
            "year_quarter": 20154,
            "year": 2015,
            "quarter": 4,
            "eps": 0.23,
            "eps_growth_year": -10.6,
            "eps_4q": 0.9,
            "eps_4q_growth_year": -10.35,
            "roe": 1.95,
            "roe_4q": 7.8500000000000005,
            "gross_profit": null,
            "gross_margin": null,
            "gross_margin_4q_avg": 0,
            "net_income": 1307566,
            "revenue": 5078009,
            "common_shares": 56846618,
            "book_valuer_per_share": 11.9,
            "book_valuer_per_share_4q_avg": 11.99,
            "equity": 67659129,
            "current_ratio": null,
            "debt_ratio": 95.42,
            "inventory_turnover_ratio": null,
            "account_receivable_turnover_ratio": null,
            "reinvestment_rate": 1.59,
            "research_to_sale_ratio": null,
            "price_fair": 21.47,
            "eps_avg_yearly": 0.84,
            "eps_latest_yearly": 0.92,
            "eps_growth_yearly": 15.56
        },
        "20161": {
            "year_quarter": 20161,
            "year": 2016,
            "quarter": 1,
            "eps": 0.24,
            "eps_growth_year": -4,
            "eps_4q": 0.9,
            "eps_4q_growth_year": -12.27,
            "roe": 1.98,
            "roe_4q": 7.71,
            "gross_profit": null,
            "gross_margin": null,
            "gross_margin_4q_avg": 0,
            "net_income": 1354986,
            "revenue": 5757968,
            "common_shares": 56846618,
            "book_valuer_per_share": 12.17,
            "book_valuer_per_share_4q_avg": 12.02,
            "equity": 69169021,
            "current_ratio": null,
            "debt_ratio": 95.21,
            "inventory_turnover_ratio": null,
            "account_receivable_turnover_ratio": null,
            "reinvestment_rate": 1.3,
            "research_to_sale_ratio": null,
            "price_fair": 26.31,
            "eps_avg_yearly": 0.86,
            "eps_latest_yearly": 0.96,
            "eps_growth_yearly": 20.59
        },
        "20162": {
            "year_quarter": 20162,
            "year": 2016,
            "quarter": 2,
            "eps": 0.22,
            "eps_growth_year": -4.35,
            "eps_4q": 0.87,
            "eps_4q_growth_year": -7.63,
            "roe": 1.78,
            "roe_4q": 7.63,
            "gross_profit": null,
            "gross_margin": null,
            "gross_margin_4q_avg": 0,
            "net_income": 1239448,
            "revenue": 5031948,
            "common_shares": 56846618,
            "book_valuer_per_share": 12.32,
            "book_valuer_per_share_4q_avg": 12.03,
            "equity": 70058567,
            "current_ratio": null,
            "debt_ratio": 95.27,
            "inventory_turnover_ratio": null,
            "account_receivable_turnover_ratio": null,
            "reinvestment_rate": 1.47,
            "research_to_sale_ratio": null,
            "price_fair": 20.67,
            "eps_avg_yearly": 0.87,
            "eps_latest_yearly": 0.88,
            "eps_growth_yearly": 13.82
        },
        "20163": {
            "year_quarter": 20163,
            "year": 2016,
            "quarter": 3,
            "eps": 0.23,
            "eps_growth_year": 4.55,
            "eps_4q": 0.89,
            "eps_4q_growth_year": -2.37,
            "roe": 1.97,
            "roe_4q": 7.680000000000001,
            "gross_profit": null,
            "gross_margin": null,
            "gross_margin_4q_avg": 0,
            "net_income": 1396336,
            "revenue": 4989732,
            "common_shares": 59688949,
            "book_valuer_per_share": 11.97,
            "book_valuer_per_share_4q_avg": 12.09,
            "equity": 71444769,
            "current_ratio": null,
            "debt_ratio": 95.17,
            "inventory_turnover_ratio": null,
            "account_receivable_turnover_ratio": null,
            "reinvestment_rate": 1.72,
            "research_to_sale_ratio": null,
            "price_fair": 21.9,
            "eps_avg_yearly": 0.88,
            "eps_latest_yearly": 0.92,
            "eps_growth_yearly": 14.96
        },
        "20164": {
            "year_quarter": 20164,
            "year": 2016,
            "quarter": 4,
            "eps": 0.2,
            "eps_growth_year": -12.24,
            "eps_4q": 0.87,
            "eps_4q_growth_year": -3.22,
            "roe": 1.69,
            "roe_4q": 7.42,
            "gross_profit": null,
            "gross_margin": null,
            "gross_margin_4q_avg": 0,
            "net_income": 1204929,
            "revenue": 4877386,
            "common_shares": 59688949,
            "book_valuer_per_share": 11.87,
            "book_valuer_per_share_4q_avg": 12.08,
            "equity": 70870340,
            "current_ratio": null,
            "debt_ratio": 95.27,
            "inventory_turnover_ratio": null,
            "account_receivable_turnover_ratio": null,
            "reinvestment_rate": 2.2,
            "research_to_sale_ratio": null,
            "price_fair": 22.76,
            "eps_avg_yearly": 0.89,
            "eps_latest_yearly": 0.8,
            "eps_growth_yearly": 15.64
        },
        "20171": {
            "year_quarter": 20171,
            "year": 2017,
            "quarter": 1,
            "eps": 0.25,
            "eps_growth_year": 4.17,
            "eps_4q": 0.89,
            "eps_4q_growth_year": -1.04,
            "roe": 2.07,
            "roe_4q": 7.51,
            "gross_profit": null,
            "gross_margin": null,
            "gross_margin_4q_avg": 0,
            "net_income": 1485498,
            "revenue": 5011106,
            "common_shares": 59688949,
            "book_valuer_per_share": 12.12,
            "book_valuer_per_share_4q_avg": 12.07,
            "equity": 72349609,
            "current_ratio": null,
            "debt_ratio": 95.21,
            "inventory_turnover_ratio": null,
            "account_receivable_turnover_ratio": null,
            "reinvestment_rate": -1.27,
            "research_to_sale_ratio": null,
            "price_fair": 30.53,
            "eps_avg_yearly": 0.91,
            "eps_latest_yearly": 1,
            "eps_growth_yearly": 23.46
        },
        "20172": {
            "year_quarter": 20172,
            "year": 2017,
            "quarter": 2,
            "eps": 0.27,
            "eps_growth_year": 22.73,
            "eps_4q": 0.93,
            "eps_4q_growth_year": 7.85,
            "roe": 2.26,
            "roe_4q": 7.989999999999999,
            "gross_profit": null,
            "gross_margin": null,
            "gross_margin_4q_avg": 0,
            "net_income": 1650288,
            "revenue": 5264734,
            "common_shares": 59688949,
            "book_valuer_per_share": 12.39,
            "book_valuer_per_share_4q_avg": 12.09,
            "equity": 73930672,
            "current_ratio": null,
            "debt_ratio": 95.14,
            "inventory_turnover_ratio": null,
            "account_receivable_turnover_ratio": null,
            "reinvestment_rate": -0.93,
            "research_to_sale_ratio": null,
            "price_fair": 31.76,
            "eps_avg_yearly": 0.94,
            "eps_latest_yearly": 1.08,
            "eps_growth_yearly": 23.79
        },
        "20173": {
            "year_quarter": 20173,
            "year": 2017,
            "quarter": 3,
            "eps": 0.25,
            "eps_growth_year": 8.7,
            "eps_4q": 0.96,
            "eps_4q_growth_year": 8.04,
            "roe": 2.08,
            "roe_4q": 8.1,
            "gross_profit": null,
            "gross_margin": null,
            "gross_margin_4q_avg": 0,
            "net_income": 1555399,
            "revenue": 5505302,
            "common_shares": 61479617,
            "book_valuer_per_share": 12.29,
            "book_valuer_per_share_4q_avg": 12.17,
            "equity": 75583440,
            "current_ratio": null,
            "debt_ratio": 95.1,
            "inventory_turnover_ratio": null,
            "account_receivable_turnover_ratio": null,
            "reinvestment_rate": -1.03,
            "research_to_sale_ratio": null,
            "price_fair": 33.95,
            "eps_avg_yearly": 0.97,
            "eps_latest_yearly": 1,
            "eps_growth_yearly": 26.63
        },
        "20174": {
            "year_quarter": 20174,
            "year": 2017,
            "quarter": 4,
            "eps": 0.06,
            "eps_growth_year": -71.9,
            "eps_4q": 0.82,
            "eps_4q_growth_year": -5.82,
            "roe": 0.46,
            "roe_4q": 6.869999999999999,
            "gross_profit": null,
            "gross_margin": null,
            "gross_margin_4q_avg": 0,
            "net_income": 348739,
            "revenue": 5081553,
            "common_shares": 61479617,
            "book_valuer_per_share": 12.33,
            "book_valuer_per_share_4q_avg": 12.28,
            "equity": 75817673,
            "current_ratio": null,
            "debt_ratio": 95.21,
            "inventory_turnover_ratio": null,
            "account_receivable_turnover_ratio": null,
            "reinvestment_rate": -0.35,
            "research_to_sale_ratio": null,
            "price_fair": 2.75,
            "eps_avg_yearly": 0.92,
            "eps_latest_yearly": 0.24,
            "eps_growth_yearly": -19.3
        },
        "20181": {
            "year_quarter": 20181,
            "year": 2018,
            "quarter": 1,
            "eps": 0.3,
            "eps_growth_year": 20,
            "eps_4q": 0.88,
            "eps_4q_growth_year": -1.33,
            "roe": 2.38,
            "roe_4q": 7.18,
            "gross_profit": null,
            "gross_margin": null,
            "gross_margin_4q_avg": 0,
            "net_income": 1858761,
            "revenue": 5771737,
            "common_shares": 61479617,
            "book_valuer_per_share": 13.03,
            "book_valuer_per_share_4q_avg": 12.51,
            "equity": 80126776,
            "current_ratio": null,
            "debt_ratio": 95.03,
            "inventory_turnover_ratio": null,
            "account_receivable_turnover_ratio": null,
            "reinvestment_rate": -0.17,
            "research_to_sale_ratio": null,
            "price_fair": 32.64,
            "eps_avg_yearly": 0.93,
            "eps_latest_yearly": 1.2,
            "eps_growth_yearly": 83.48
        },
        "20182": {
            "year_quarter": 20182,
            "year": 2018,
            "quarter": 2,
            "eps": 0.34,
            "eps_growth_year": 25.93,
            "eps_4q": 0.91,
            "eps_4q_growth_year": -2.3,
            "roe": 2.56,
            "roe_4q": 7.4799999999999995,
            "gross_profit": null,
            "gross_margin": null,
            "gross_margin_4q_avg": 0,
            "net_income": 2066537,
            "revenue": 6034804,
            "common_shares": 61479617,
            "book_valuer_per_share": 13.2,
            "book_valuer_per_share_4q_avg": 12.71,
            "equity": 81163939,
            "current_ratio": null,
            "debt_ratio": 94.93,
            "inventory_turnover_ratio": null,
            "account_receivable_turnover_ratio": null,
            "reinvestment_rate": 0.04,
            "research_to_sale_ratio": null,
            "price_fair": 33.43,
            "eps_avg_yearly": 0.96,
            "eps_latest_yearly": 1.36,
            "eps_growth_yearly": 85.77
        },
        "20183": {
            "year_quarter": 20183,
            "year": 2018,
            "quarter": 3,
            "eps": 0.33,
            "eps_growth_year": 32,
            "eps_4q": 1,
            "eps_4q_growth_year": 3.76,
            "roe": 2.54,
            "roe_4q": 7.9399999999999995,
            "gross_profit": null,
            "gross_margin": null,
            "gross_margin_4q_avg": 0,
            "net_income": 2088580,
            "revenue": 5665369,
            "common_shares": 63938802,
            "book_valuer_per_share": 13.08,
            "book_valuer_per_share_4q_avg": 12.91,
            "equity": 83605184,
            "current_ratio": null,
            "debt_ratio": 94.83,
            "inventory_turnover_ratio": null,
            "account_receivable_turnover_ratio": null,
            "reinvestment_rate": 0.16,
            "research_to_sale_ratio": null,
            "price_fair": 33.95,
            "eps_avg_yearly": 0.97,
            "eps_latest_yearly": 1.32,
            "eps_growth_yearly": 83.04
        },
        "20184": {
            "year_quarter": 20184,
            "year": 2018,
            "quarter": 4,
            "eps": 0.25,
            "eps_growth_year": 348.5,
            "eps_4q": 1.19,
            "eps_4q_growth_year": 45.77,
            "roe": 1.93,
            "roe_4q": 9.41,
            "gross_profit": null,
            "gross_margin": null,
            "gross_margin_4q_avg": 0,
            "net_income": 1626664,
            "revenue": 5555037,
            "common_shares": 63938802,
            "book_valuer_per_share": 13.27,
            "book_valuer_per_share_4q_avg": 13.15,
            "equity": 84853019,
            "current_ratio": null,
            "debt_ratio": 94.76,
            "inventory_turnover_ratio": null,
            "account_receivable_turnover_ratio": null,
            "reinvestment_rate": 0.91,
            "research_to_sale_ratio": null,
            "price_fair": 33.86,
            "eps_avg_yearly": 0.97,
            "eps_latest_yearly": 1,
            "eps_growth_yearly": 77.9
        },
        "20191": {
            "year_quarter": 20191,
            "year": 2019,
            "quarter": 1,
            "eps": 0.34,
            "eps_growth_year": 13.33,
            "eps_4q": 1.24,
            "eps_4q_growth_year": 41,
            "roe": 2.5,
            "roe_4q": 9.53,
            "gross_profit": null,
            "gross_margin": null,
            "gross_margin_4q_avg": 0,
            "net_income": 2156285,
            "revenue": 6100174,
            "common_shares": 63938802,
            "book_valuer_per_share": 13.74,
            "book_valuer_per_share_4q_avg": 13.32,
            "equity": 87835303,
            "current_ratio": null,
            "debt_ratio": 94.78,
            "inventory_turnover_ratio": null,
            "account_receivable_turnover_ratio": null,
            "reinvestment_rate": 1.16,
            "research_to_sale_ratio": null,
            "price_fair": 34.65,
            "eps_avg_yearly": 0.99,
            "eps_latest_yearly": 1.36,
            "eps_growth_yearly": 87.86
        },
        "20192": {
            "year_quarter": 20192,
            "year": 2019,
            "quarter": 2,
            "eps": 0.19,
            "eps_growth_year": -44.12,
            "eps_4q": 1.06,
            "eps_4q_growth_year": 16.25,
            "roe": 1.42,
            "roe_4q": 8.39,
            "gross_profit": null,
            "gross_margin": null,
            "gross_margin_4q_avg": 0,
            "net_income": 1244264,
            "revenue": 5945503,
            "common_shares": 63938802,
            "book_valuer_per_share": 13.74,
            "book_valuer_per_share_4q_avg": 13.46,
            "equity": 87838185,
            "current_ratio": null,
            "debt_ratio": 94.86,
            "inventory_turnover_ratio": null,
            "account_receivable_turnover_ratio": null,
            "reinvestment_rate": 0.01,
            "research_to_sale_ratio": null,
            "price_fair": 34.3,
            "eps_avg_yearly": 0.98,
            "eps_latest_yearly": 0.76,
            "eps_growth_yearly": 78.83
        },
        "20193": {
            "year_quarter": 20193,
            "year": 2019,
            "quarter": 3,
            "eps": 0.3,
            "eps_growth_year": -9.09,
            "eps_4q": 0.99,
            "eps_4q_growth_year": -0.85,
            "roe": 2.21,
            "roe_4q": 8.06,
            "gross_profit": null,
            "gross_margin": null,
            "gross_margin_4q_avg": 0,
            "net_income": 2009346,
            "revenue": 5894100,
            "common_shares": 71319842,
            "book_valuer_per_share": 13.22,
            "book_valuer_per_share_4q_avg": 13.49,
            "equity": 94264025,
            "current_ratio": null,
            "debt_ratio": 94.47,
            "inventory_turnover_ratio": null,
            "account_receivable_turnover_ratio": null,
            "reinvestment_rate": 1.71,
            "research_to_sale_ratio": null,
            "price_fair": 35,
            "eps_avg_yearly": 1,
            "eps_latest_yearly": 1.2,
            "eps_growth_yearly": 94.4
        },
        "20194": {
            "year_quarter": 20194,
            "year": 2019,
            "quarter": 4,
            "eps": 0.19,
            "eps_growth_year": -27.01,
            "eps_4q": 0.94,
            "eps_4q_growth_year": -20.98,
            "roe": 1.4,
            "roe_4q": 7.529999999999999,
            "gross_profit": null,
            "gross_margin": null,
            "gross_margin_4q_avg": 0,
            "net_income": 1324358,
            "revenue": 5270165,
            "common_shares": 71319842,
            "book_valuer_per_share": 13.39,
            "book_valuer_per_share_4q_avg": 13.52,
            "equity": 95516766,
            "current_ratio": null,
            "debt_ratio": 94.53,
            "inventory_turnover_ratio": null,
            "account_receivable_turnover_ratio": null,
            "reinvestment_rate": 1.6,
            "research_to_sale_ratio": null,
            "price_fair": 34.65,
            "eps_avg_yearly": 0.99,
            "eps_latest_yearly": 0.76,
            "eps_growth_yearly": 84.09
        },
        "20201": {
            "year_quarter": 20201,
            "year": 2020,
            "quarter": 1,
            "eps": 0.18,
            "eps_growth_year": -47.06,
            "eps_4q": 0.82,
            "eps_4q_growth_year": -33.95,
            "roe": 1.33,
            "roe_4q": 6.359999999999999,
            "gross_profit": null,
            "gross_margin": null,
            "gross_margin_4q_avg": 0,
            "net_income": 1270346,
            "revenue": 5503799,
            "common_shares": 71319842,
            "book_valuer_per_share": 13.39,
            "book_valuer_per_share_4q_avg": 13.44,
            "equity": 95482989,
            "current_ratio": null,
            "debt_ratio": 94.27,
            "inventory_turnover_ratio": null,
            "account_receivable_turnover_ratio": null,
            "reinvestment_rate": 1.32,
            "research_to_sale_ratio": null,
            "price_fair": 34.13,
            "eps_avg_yearly": 0.98,
            "eps_latest_yearly": 0.72,
            "eps_growth_yearly": 81.69
        },
        "20202": {
            "year_quarter": 20202,
            "year": 2020,
            "quarter": 2,
            "eps": 0.13,
            "eps_growth_year": -31.58,
            "eps_4q": 0.75,
            "eps_4q_growth_year": -29.55,
            "roe": 1.03,
            "roe_4q": 5.970000000000001,
            "gross_profit": null,
            "gross_margin": null,
            "gross_margin_4q_avg": 0,
            "net_income": 987825,
            "revenue": 5134814,
            "common_shares": 71319842,
            "book_valuer_per_share": 13.52,
            "book_valuer_per_share_4q_avg": 13.38,
            "equity": 96424336,
            "current_ratio": null,
            "debt_ratio": 94.21,
            "inventory_turnover_ratio": null,
            "account_receivable_turnover_ratio": null,
            "reinvestment_rate": 1.6,
            "research_to_sale_ratio": null,
            "price_fair": 33.34,
            "eps_avg_yearly": 0.95,
            "eps_latest_yearly": 0.52,
            "eps_growth_yearly": 76.83
        },
        "20203": {
            "year_quarter": 20203,
            "year": 2020,
            "quarter": 3,
            "eps": 0.16,
            "eps_growth_year": -46.67,
            "eps_4q": 0.64,
            "eps_4q_growth_year": -35.2,
            "roe": 1.24,
            "roe_4q": 5,
            "gross_profit": null,
            "gross_margin": null,
            "gross_margin_4q_avg": 0,
            "net_income": 1204794,
            "revenue": 5716203,
            "common_shares": 74885834,
            "book_valuer_per_share": 13,
            "book_valuer_per_share_4q_avg": 13.33,
            "equity": 97356134,
            "current_ratio": null,
            "debt_ratio": 94.45,
            "inventory_turnover_ratio": null,
            "account_receivable_turnover_ratio": null,
            "reinvestment_rate": 1.75,
            "research_to_sale_ratio": null,
            "price_fair": 32.73,
            "eps_avg_yearly": 0.94,
            "eps_latest_yearly": 0.64,
            "eps_growth_yearly": 81.46
        },
        "20204": {
            "year_quarter": 20204,
            "year": 2020,
            "quarter": 4,
            "eps": 0.17,
            "eps_growth_year": -10.91,
            "eps_4q": 0.63,
            "eps_4q_growth_year": -33.51,
            "roe": 1.26,
            "roe_4q": 4.86,
            "gross_profit": null,
            "gross_margin": null,
            "gross_margin_4q_avg": 0,
            "net_income": 1238810,
            "revenue": 5514626,
            "common_shares": 74885834,
            "book_valuer_per_share": 13.17,
            "book_valuer_per_share_4q_avg": 13.27,
            "equity": 98658749,
            "current_ratio": null,
            "debt_ratio": 94.49,
            "inventory_turnover_ratio": null,
            "account_receivable_turnover_ratio": null,
            "reinvestment_rate": 1.63,
            "research_to_sale_ratio": null,
            "price_fair": 32.46,
            "eps_avg_yearly": 0.93,
            "eps_latest_yearly": 0.68,
            "eps_growth_yearly": 86.28
        },
        "20211": {
            "year_quarter": 20211,
            "year": 2021,
            "quarter": 1,
            "eps": 0.15,
            "eps_growth_year": -16.67,
            "eps_4q": 0.61,
            "eps_4q_growth_year": -26.18,
            "roe": 1.11,
            "roe_4q": 4.640000000000001,
            "gross_profit": null,
            "gross_margin": null,
            "gross_margin_4q_avg": 0,
            "net_income": 1101653,
            "revenue": 5563412,
            "common_shares": 74885834,
            "book_valuer_per_share": 13.37,
            "book_valuer_per_share_4q_avg": 13.27,
            "equity": 100136796,
            "current_ratio": null,
            "debt_ratio": 94.39,
            "inventory_turnover_ratio": null,
            "account_receivable_turnover_ratio": null,
            "reinvestment_rate": 1.41,
            "research_to_sale_ratio": null,
            "price_fair": 31.59,
            "eps_avg_yearly": 0.9,
            "eps_latest_yearly": 0.6,
            "eps_growth_yearly": 77.09
        },
        "20212": {
            "year_quarter": 20212,
            "year": 2021,
            "quarter": 2,
            "eps": 0.19,
            "eps_growth_year": 46.15,
            "eps_4q": 0.66,
            "eps_4q_growth_year": -11.61,
            "roe": 1.39,
            "roe_4q": 5,
            "gross_profit": null,
            "gross_margin": null,
            "gross_margin_4q_avg": 0,
            "net_income": 1397156,
            "revenue": 5954871,
            "common_shares": 74885834,
            "book_valuer_per_share": 13.51,
            "book_valuer_per_share_4q_avg": 13.26,
            "equity": 101176075,
            "current_ratio": null,
            "debt_ratio": 94.55,
            "inventory_turnover_ratio": null,
            "account_receivable_turnover_ratio": null,
            "reinvestment_rate": 1.41,
            "research_to_sale_ratio": null,
            "price_fair": 30.89,
            "eps_avg_yearly": 0.88,
            "eps_latest_yearly": 0.76,
            "eps_growth_yearly": 81.76
        },
        "20213": {
            "year_quarter": 20213,
            "year": 2021,
            "quarter": 3,
            "eps": 0.18,
            "eps_growth_year": 12.5,
            "eps_4q": 0.66,
            "eps_4q_growth_year": 3.75,
            "roe": 1.38,
            "roe_4q": 5.14,
            "gross_profit": null,
            "gross_margin": null,
            "gross_margin_4q_avg": 0,
            "net_income": 1398327,
            "revenue": 6557437,
            "common_shares": 77431952,
            "book_valuer_per_share": 13.08,
            "book_valuer_per_share_4q_avg": 13.28,
            "equity": 101269549,
            "current_ratio": null,
            "debt_ratio": 94.96,
            "inventory_turnover_ratio": null,
            "account_receivable_turnover_ratio": null,
            "reinvestment_rate": 1.32,
            "research_to_sale_ratio": null,
            "price_fair": 30.28,
            "eps_avg_yearly": 0.87,
            "eps_latest_yearly": 0.72,
            "eps_growth_yearly": 82.3
        },
        "20214": {
            "year_quarter": 20214,
            "year": 2021,
            "quarter": 4,
            "eps": 0.16,
            "eps_growth_year": -6.09,
            "eps_4q": 0.66,
            "eps_4q_growth_year": 4.91,
            "roe": 1.19,
            "roe_4q": 5.07,
            "gross_profit": null,
            "gross_margin": null,
            "gross_margin_4q_avg": 0,
            "net_income": 1202976,
            "revenue": 6030304,
            "common_shares": 77431952,
            "book_valuer_per_share": 13.13,
            "book_valuer_per_share_4q_avg": 13.27,
            "equity": 101659972,
            "current_ratio": null,
            "debt_ratio": 94.97,
            "inventory_turnover_ratio": null,
            "account_receivable_turnover_ratio": null,
            "reinvestment_rate": 1.27,
            "research_to_sale_ratio": null,
            "price_fair": 31.15,
            "eps_avg_yearly": 0.89,
            "eps_latest_yearly": 0.64,
            "eps_growth_yearly": 98.52
        },
        "20221": {
            "year_quarter": 20221,
            "year": 2022,
            "quarter": 1,
            "eps": 0.27,
            "eps_growth_year": 80,
            "eps_4q": 0.79,
            "eps_4q_growth_year": 30.63,
            "roe": 2.08,
            "roe_4q": 6.04,
            "gross_profit": null,
            "gross_margin": null,
            "gross_margin_4q_avg": 0,
            "net_income": 2124261,
            "revenue": 6212813,
            "common_shares": 77431952,
            "book_valuer_per_share": 13.24,
            "book_valuer_per_share_4q_avg": 13.24,
            "equity": 102517691,
            "current_ratio": null,
            "debt_ratio": 94.94,
            "inventory_turnover_ratio": null,
            "account_receivable_turnover_ratio": null,
            "reinvestment_rate": 0.43,
            "research_to_sale_ratio": null,
            "price_fair": 22.69,
            "eps_avg_yearly": 0.88,
            "eps_latest_yearly": 1.08,
            "eps_growth_yearly": 15.71
        },
        "20222": {
            "year_quarter": 20222,
            "year": 2022,
            "quarter": 2,
            "eps": 0.25,
            "eps_growth_year": 31.58,
            "eps_4q": 0.84,
            "eps_4q_growth_year": 27.6,
            "roe": 2.02,
            "roe_4q": 6.669999999999999,
            "gross_profit": null,
            "gross_margin": null,
            "gross_margin_4q_avg": 0,
            "net_income": 2036383,
            "revenue": 6713413,
            "common_shares": 77431952,
            "book_valuer_per_share": 12.79,
            "book_valuer_per_share_4q_avg": 13.06,
            "equity": 99062575,
            "current_ratio": null,
            "debt_ratio": 95.01,
            "inventory_turnover_ratio": null,
            "account_receivable_turnover_ratio": null,
            "reinvestment_rate": 0.12,
            "research_to_sale_ratio": null,
            "price_fair": 17.65,
            "eps_avg_yearly": 0.86,
            "eps_latest_yearly": 1,
            "eps_growth_yearly": 10.52
        },
        "20223": {
            "year_quarter": 20223,
            "year": 2022,
            "quarter": 3,
            "eps": 0.36,
            "eps_growth_year": 100,
            "eps_4q": 1.03,
            "eps_4q_growth_year": 55.71,
            "roe": 2.95,
            "roe_4q": 8.24,
            "gross_profit": null,
            "gross_margin": null,
            "gross_margin_4q_avg": 0,
            "net_income": 2929257,
            "revenue": 7825723,
            "common_shares": 80296934,
            "book_valuer_per_share": 12.39,
            "book_valuer_per_share_4q_avg": 12.89,
            "equity": 99502476,
            "current_ratio": null,
            "debt_ratio": 95.07,
            "inventory_turnover_ratio": null,
            "account_receivable_turnover_ratio": null,
            "reinvestment_rate": -0.03,
            "research_to_sale_ratio": null,
            "price_fair": 27.98,
            "eps_avg_yearly": 0.87,
            "eps_latest_yearly": 1.44,
            "eps_growth_yearly": 22.26
        },
        "20224": {
            "year_quarter": 20224,
            "year": 2022,
            "quarter": 4,
            "eps": 0.38,
            "eps_growth_year": 143.04,
            "eps_4q": 1.26,
            "eps_4q_growth_year": 91.38,
            "roe": 2.98,
            "roe_4q": 10.03,
            "gross_profit": null,
            "gross_margin": null,
            "gross_margin_4q_avg": 0,
            "net_income": 3031951,
            "revenue": 7777174,
            "common_shares": 80296934,
            "book_valuer_per_share": 12.97,
            "book_valuer_per_share_4q_avg": 12.85,
            "equity": 104107258,
            "current_ratio": null,
            "debt_ratio": 94.98,
            "inventory_turnover_ratio": null,
            "account_receivable_turnover_ratio": null,
            "reinvestment_rate": -0.7,
            "research_to_sale_ratio": null,
            "price_fair": 31.5,
            "eps_avg_yearly": 0.9,
            "eps_latest_yearly": 1.52,
            "eps_growth_yearly": 29.71
        },
        "20231": {
            "year_quarter": 20231,
            "year": 2023,
            "quarter": 1,
            "eps": 0.43,
            "eps_growth_year": 59.26,
            "eps_4q": 1.43,
            "eps_4q_growth_year": 80.65,
            "roe": 3.25,
            "roe_4q": 11.2,
            "gross_profit": null,
            "gross_margin": null,
            "gross_margin_4q_avg": 0,
            "net_income": 3472644,
            "revenue": 7963700,
            "common_shares": 80296934,
            "book_valuer_per_share": 13.61,
            "book_valuer_per_share_4q_avg": 12.94,
            "equity": 109295341,
            "current_ratio": null,
            "debt_ratio": 94.75,
            "inventory_turnover_ratio": null,
            "account_receivable_turnover_ratio": null,
            "reinvestment_rate": -0.95,
            "research_to_sale_ratio": null,
            "price_fair": 31.36,
            "eps_avg_yearly": 0.92,
            "eps_latest_yearly": 1.72,
            "eps_growth_yearly": 24
        }
    },
    "months": {
        "2001-06": {
            "month": "2001-06",
            "price": "9.39",
            "revenue": 4273983
        },
        "2001-07": {
            "month": "2001-07",
            "price": "6.81",
            "revenue": 4297692
        },
        "2001-08": {
            "month": "2001-08",
            "price": "6.35",
            "revenue": 4669776
        },
        "2001-09": {
            "month": "2001-09",
            "price": "6.16",
            "revenue": 3945682
        },
        "2001-10": {
            "month": "2001-10",
            "price": "5.80",
            "revenue": 3834564
        },
        "2001-11": {
            "month": "2001-11",
            "price": "5.58",
            "revenue": 4435672
        },
        "2001-12": {
            "month": "2001-12",
            "price": "6.53",
            "revenue": 3923052
        },
        "2002-01": {
            "month": "2002-01",
            "price": "6.30",
            "revenue": 3500807
        },
        "2002-02": {
            "month": "2002-02",
            "price": "6.06",
            "revenue": 3370917
        },
        "2002-03": {
            "month": "2002-03",
            "price": "6.23",
            "revenue": 3503299
        },
        "2002-04": {
            "month": "2002-04",
            "price": "8.46",
            "revenue": 3294820
        },
        "2002-05": {
            "month": "2002-05",
            "price": "7.74",
            "revenue": 3267840
        },
        "2002-06": {
            "month": "2002-06",
            "price": "7.70",
            "revenue": 3166720
        },
        "2002-07": {
            "month": "2002-07",
            "price": "6.96",
            "revenue": 3023270
        },
        "2002-08": {
            "month": "2002-08",
            "price": "6.26",
            "revenue": 3068679
        },
        "2002-09": {
            "month": "2002-09",
            "price": "5.49",
            "revenue": 2979498
        },
        "2002-10": {
            "month": "2002-10",
            "price": "5.25",
            "revenue": 2847973
        },
        "2002-11": {
            "month": "2002-11",
            "price": "5.92",
            "revenue": 2898534
        },
        "2002-12": {
            "month": "2002-12",
            "price": "6.05",
            "revenue": 2878977
        },
        "2003-01": {
            "month": "2003-01",
            "price": "7.56",
            "revenue": 2805754
        },
        "2003-02": {
            "month": "2003-02",
            "price": "7.64",
            "revenue": 2552700
        },
        "2003-03": {
            "month": "2003-03",
            "price": "6.63",
            "revenue": 2615014
        },
        "2003-04": {
            "month": "2003-04",
            "price": "6.78",
            "revenue": 2553119
        },
        "2003-05": {
            "month": "2003-05",
            "price": "6.25",
            "revenue": 2561990
        },
        "2003-06": {
            "month": "2003-06",
            "price": "7.05",
            "revenue": 2719558
        },
        "2003-07": {
            "month": "2003-07",
            "price": "7.73",
            "revenue": 2718324
        },
        "2003-08": {
            "month": "2003-08",
            "price": "7.84",
            "revenue": 2588767
        },
        "2003-09": {
            "month": "2003-09",
            "price": "8.53",
            "revenue": 2455998
        },
        "2003-10": {
            "month": "2003-10",
            "price": "9.16",
            "revenue": 2361145
        },
        "2003-11": {
            "month": "2003-11",
            "price": "8.66",
            "revenue": 2267513
        },
        "2003-12": {
            "month": "2003-12",
            "price": "8.52",
            "revenue": 2473571
        },
        "2004-01": {
            "month": "2004-01",
            "price": "9.08",
            "revenue": 2311436
        },
        "2004-02": {
            "month": "2004-02",
            "price": "12.80",
            "revenue": 2310114
        },
        "2004-03": {
            "month": "2004-03",
            "price": "13.38",
            "revenue": 2413819
        },
        "2004-04": {
            "month": "2004-04",
            "price": "13.03",
            "revenue": 2349783
        },
        "2004-05": {
            "month": "2004-05",
            "price": "10.76",
            "revenue": 2335804
        },
        "2004-06": {
            "month": "2004-06",
            "price": "10.78",
            "revenue": 2374637
        },
        "2004-07": {
            "month": "2004-07",
            "price": "9.68",
            "revenue": 2594961
        },
        "2004-08": {
            "month": "2004-08",
            "price": "9.01",
            "revenue": 2609054
        },
        "2004-09": {
            "month": "2004-09",
            "price": "10.19",
            "revenue": 2602260
        },
        "2004-10": {
            "month": "2004-10",
            "price": "11.97",
            "revenue": 3153895
        },
        "2004-11": {
            "month": "2004-11",
            "price": "12.68",
            "revenue": 2369567
        },
        "2004-12": {
            "month": "2004-12",
            "price": "12.04",
            "revenue": 2662582
        },
        "2005-01": {
            "month": "2005-01",
            "price": "12.22",
            "revenue": 2313487
        },
        "2005-02": {
            "month": "2005-02",
            "price": "12.09",
            "revenue": 2297886
        },
        "2005-03": {
            "month": "2005-03",
            "price": "11.37",
            "revenue": 2489309
        },
        "2005-04": {
            "month": "2005-04",
            "price": "10.07",
            "revenue": 2371639
        },
        "2005-05": {
            "month": "2005-05",
            "price": "10.12",
            "revenue": 2407544
        },
        "2005-06": {
            "month": "2005-06",
            "price": "10.15",
            "revenue": 2559454
        },
        "2005-07": {
            "month": "2005-07",
            "price": "10.97",
            "revenue": 2655528
        },
        "2005-08": {
            "month": "2005-08",
            "price": "12.21",
            "revenue": 2704541
        },
        "2005-09": {
            "month": "2005-09",
            "price": "10.06",
            "revenue": 2484238
        },
        "2005-10": {
            "month": "2005-10",
            "price": "8.17",
            "revenue": 2567616
        },
        "2005-11": {
            "month": "2005-11",
            "price": "8.08",
            "revenue": 2649817
        },
        "2005-12": {
            "month": "2005-12",
            "price": "8.38",
            "revenue": 2699263
        },
        "2006-01": {
            "month": "2006-01",
            "price": "8.04",
            "revenue": 802201
        },
        "2006-02": {
            "month": "2006-02",
            "price": "8.06",
            "revenue": 759546
        },
        "2006-03": {
            "month": "2006-03",
            "price": "7.48",
            "revenue": 1007676
        },
        "2006-04": {
            "month": "2006-04",
            "price": "7.59",
            "revenue": 877479
        },
        "2006-05": {
            "month": "2006-05",
            "price": "7.80",
            "revenue": 758309
        },
        "2006-06": {
            "month": "2006-06",
            "price": "7.02",
            "revenue": 849575
        },
        "2006-07": {
            "month": "2006-07",
            "price": "6.82",
            "revenue": 840909
        },
        "2006-08": {
            "month": "2006-08",
            "price": "6.44",
            "revenue": 1096533
        },
        "2006-09": {
            "month": "2006-09",
            "price": "6.12",
            "revenue": 898013
        },
        "2006-10": {
            "month": "2006-10",
            "price": "10.45",
            "revenue": 1105523
        },
        "2006-11": {
            "month": "2006-11",
            "price": "10.00",
            "revenue": 894391
        },
        "2006-12": {
            "month": "2006-12",
            "price": "10.32",
            "revenue": 859617
        },
        "2007-01": {
            "month": "2007-01",
            "price": "10.65",
            "revenue": 961452
        },
        "2007-02": {
            "month": "2007-02",
            "price": "10.40",
            "revenue": 832235
        },
        "2007-03": {
            "month": "2007-03",
            "price": "9.74",
            "revenue": 902349
        },
        "2007-04": {
            "month": "2007-04",
            "price": "9.94",
            "revenue": 900617
        },
        "2007-05": {
            "month": "2007-05",
            "price": "9.62",
            "revenue": 1053006
        },
        "2007-06": {
            "month": "2007-06",
            "price": "9.78",
            "revenue": 1135129
        },
        "2007-07": {
            "month": "2007-07",
            "price": "10.78",
            "revenue": 1103063
        },
        "2007-08": {
            "month": "2007-08",
            "price": "9.58",
            "revenue": 1012479
        },
        "2007-09": {
            "month": "2007-09",
            "price": "9.23",
            "revenue": 1325648
        },
        "2007-10": {
            "month": "2007-10",
            "price": "9.90",
            "revenue": 1282610
        },
        "2007-11": {
            "month": "2007-11",
            "price": "9.86",
            "revenue": 762856
        },
        "2007-12": {
            "month": "2007-12",
            "price": "9.97",
            "revenue": 1550585
        },
        "2008-01": {
            "month": "2008-01",
            "price": "10.01",
            "revenue": 955825
        },
        "2008-02": {
            "month": "2008-02",
            "price": "9.95",
            "revenue": 1465348
        },
        "2008-03": {
            "month": "2008-03",
            "price": "10.82",
            "revenue": 1339422
        },
        "2008-04": {
            "month": "2008-04",
            "price": "12.66",
            "revenue": 1605046
        },
        "2008-05": {
            "month": "2008-05",
            "price": "13.69",
            "revenue": 1332516
        },
        "2008-06": {
            "month": "2008-06",
            "price": "12.95",
            "revenue": 998882
        },
        "2008-07": {
            "month": "2008-07",
            "price": "10.74",
            "revenue": 1117550
        },
        "2008-08": {
            "month": "2008-08",
            "price": "10.27",
            "revenue": 1314279
        },
        "2008-09": {
            "month": "2008-09",
            "price": "9.08",
            "revenue": 932952
        },
        "2008-10": {
            "month": "2008-10",
            "price": "6.85",
            "revenue": 828066
        },
        "2008-11": {
            "month": "2008-11",
            "price": "6.11",
            "revenue": 1005611
        },
        "2008-12": {
            "month": "2008-12",
            "price": "6.94",
            "revenue": 1135403
        },
        "2009-01": {
            "month": "2009-01",
            "price": "6.85",
            "revenue": 1226801
        },
        "2009-02": {
            "month": "2009-02",
            "price": "6.26",
            "revenue": 1063166
        },
        "2009-03": {
            "month": "2009-03",
            "price": "6.35",
            "revenue": 1347129
        },
        "2009-04": {
            "month": "2009-04",
            "price": "7.38",
            "revenue": 1136526
        },
        "2009-05": {
            "month": "2009-05",
            "price": "8.27",
            "revenue": 1117810
        },
        "2009-06": {
            "month": "2009-06",
            "price": "8.35",
            "revenue": 1294105
        },
        "2009-07": {
            "month": "2009-07",
            "price": "8.28",
            "revenue": 1240427
        },
        "2009-08": {
            "month": "2009-08",
            "price": "7.98",
            "revenue": 1075946
        },
        "2009-09": {
            "month": "2009-09",
            "price": "8.22",
            "revenue": 1163740
        },
        "2009-10": {
            "month": "2009-10",
            "price": "8.48",
            "revenue": 1390881
        },
        "2009-11": {
            "month": "2009-11",
            "price": "8.27",
            "revenue": 1228855
        },
        "2009-12": {
            "month": "2009-12",
            "price": "8.11",
            "revenue": 1421569
        },
        "2010-01": {
            "month": "2010-01",
            "price": "8.28",
            "revenue": 1284862
        },
        "2010-02": {
            "month": "2010-02",
            "price": "8.15",
            "revenue": 1075243
        },
        "2010-03": {
            "month": "2010-03",
            "price": "8.27",
            "revenue": 1310000
        },
        "2010-04": {
            "month": "2010-04",
            "price": "8.49",
            "revenue": 1421007
        },
        "2010-05": {
            "month": "2010-05",
            "price": "8.13",
            "revenue": 1329122
        },
        "2010-06": {
            "month": "2010-06",
            "price": "8.14",
            "revenue": 1416447
        },
        "2010-07": {
            "month": "2010-07",
            "price": "9.11",
            "revenue": 1309977
        },
        "2010-08": {
            "month": "2010-08",
            "price": "9.76",
            "revenue": 1299858
        },
        "2010-09": {
            "month": "2010-09",
            "price": "9.44",
            "revenue": 1345821
        },
        "2010-10": {
            "month": "2010-10",
            "price": "10.23",
            "revenue": 1461541
        },
        "2010-11": {
            "month": "2010-11",
            "price": "10.35",
            "revenue": 1366309
        },
        "2010-12": {
            "month": "2010-12",
            "price": "11.19",
            "revenue": 1608361
        },
        "2011-01": {
            "month": "2011-01",
            "price": "13.07",
            "revenue": 1632999
        },
        "2011-02": {
            "month": "2011-02",
            "price": "12.32",
            "revenue": 1282036
        },
        "2011-03": {
            "month": "2011-03",
            "price": "11.53",
            "revenue": 1401224
        },
        "2011-04": {
            "month": "2011-04",
            "price": "11.63",
            "revenue": 1416472
        },
        "2011-05": {
            "month": "2011-05",
            "price": "11.47",
            "revenue": 1405517
        },
        "2011-06": {
            "month": "2011-06",
            "price": "10.96",
            "revenue": 1820385
        },
        "2011-07": {
            "month": "2011-07",
            "price": "11.04",
            "revenue": 1777660
        },
        "2011-08": {
            "month": "2011-08",
            "price": "10.42",
            "revenue": 1163348
        },
        "2011-09": {
            "month": "2011-09",
            "price": "9.40",
            "revenue": 1234639
        },
        "2011-10": {
            "month": "2011-10",
            "price": "9.47",
            "revenue": 1475522
        },
        "2011-11": {
            "month": "2011-11",
            "price": "9.34",
            "revenue": 1236083
        },
        "2011-12": {
            "month": "2011-12",
            "price": "9.21",
            "revenue": 1235164
        },
        "2012-01": {
            "month": "2012-01",
            "price": "9.24",
            "revenue": 1397584
        },
        "2012-02": {
            "month": "2012-02",
            "price": "9.83",
            "revenue": 1406256
        },
        "2012-03": {
            "month": "2012-03",
            "price": "9.54",
            "revenue": 1494749
        },
        "2012-04": {
            "month": "2012-04",
            "price": "8.88",
            "revenue": 1438108
        },
        "2012-05": {
            "month": "2012-05",
            "price": "8.48",
            "revenue": 1614387
        },
        "2012-06": {
            "month": "2012-06",
            "price": "8.31",
            "revenue": 1668896
        },
        "2012-07": {
            "month": "2012-07",
            "price": "8.53",
            "revenue": 1499313
        },
        "2012-08": {
            "month": "2012-08",
            "price": "8.72",
            "revenue": 1470358
        },
        "2012-09": {
            "month": "2012-09",
            "price": "8.75",
            "revenue": 1372250
        },
        "2012-10": {
            "month": "2012-10",
            "price": "8.53",
            "revenue": 1421757
        },
        "2012-11": {
            "month": "2012-11",
            "price": "8.18",
            "revenue": 1333395
        },
        "2012-12": {
            "month": "2012-12",
            "price": "8.66",
            "revenue": 1487477
        },
        "2013-01": {
            "month": "2013-01",
            "price": "8.78",
            "revenue": 1443378
        },
        "2013-02": {
            "month": "2013-02",
            "price": "9.23",
            "revenue": 1318104
        },
        "2013-03": {
            "month": "2013-03",
            "price": "9.33",
            "revenue": 1466445
        },
        "2013-04": {
            "month": "2013-04",
            "price": "9.08",
            "revenue": 1360100
        },
        "2013-05": {
            "month": "2013-05",
            "price": "9.18",
            "revenue": 1536586
        },
        "2013-06": {
            "month": "2013-06",
            "price": "8.94",
            "revenue": 1595219
        },
        "2013-07": {
            "month": "2013-07",
            "price": "9.07",
            "revenue": 1468044
        },
        "2013-08": {
            "month": "2013-08",
            "price": "8.76",
            "revenue": 1453705
        },
        "2013-09": {
            "month": "2013-09",
            "price": "8.80",
            "revenue": 1441268
        },
        "2013-10": {
            "month": "2013-10",
            "price": "8.98",
            "revenue": 1582299
        },
        "2013-11": {
            "month": "2013-11",
            "price": "8.89",
            "revenue": 1441843
        },
        "2013-12": {
            "month": "2013-12",
            "price": "9.00",
            "revenue": 1579888
        },
        "2014-01": {
            "month": "2014-01",
            "price": "9.10",
            "revenue": 1520837
        },
        "2014-02": {
            "month": "2014-02",
            "price": "9.03",
            "revenue": 1378624
        },
        "2014-03": {
            "month": "2014-03",
            "price": "8.97",
            "revenue": 1584549
        },
        "2014-04": {
            "month": "2014-04",
            "price": "9.01",
            "revenue": 1487503
        },
        "2014-05": {
            "month": "2014-05",
            "price": "9.00",
            "revenue": 1569717
        },
        "2014-06": {
            "month": "2014-06",
            "price": "9.20",
            "revenue": 1628851
        },
        "2014-07": {
            "month": "2014-07",
            "price": "9.49",
            "revenue": 1636747
        },
        "2014-08": {
            "month": "2014-08",
            "price": "9.34",
            "revenue": 1639925
        },
        "2014-09": {
            "month": "2014-09",
            "price": "9.24",
            "revenue": 1670621
        },
        "2014-10": {
            "month": "2014-10",
            "price": "8.98",
            "revenue": 1572932
        },
        "2014-11": {
            "month": "2014-11",
            "price": "9.08",
            "revenue": 1563283
        },
        "2014-12": {
            "month": "2014-12",
            "price": "9.04",
            "revenue": 1742501
        },
        "2015-01": {
            "month": "2015-01",
            "price": "9.17",
            "revenue": 1727157
        },
        "2015-02": {
            "month": "2015-02",
            "price": "9.28",
            "revenue": 1441078
        },
        "2015-03": {
            "month": "2015-03",
            "price": "9.40",
            "revenue": 1657122
        },
        "2015-04": {
            "month": "2015-04",
            "price": "9.95",
            "revenue": 1748586
        },
        "2015-05": {
            "month": "2015-05",
            "price": "9.94",
            "revenue": 1695214
        },
        "2015-06": {
            "month": "2015-06",
            "price": "9.55",
            "revenue": 1723580
        },
        "2015-07": {
            "month": "2015-07",
            "price": "9.37",
            "revenue": 1870305
        },
        "2015-08": {
            "month": "2015-08",
            "price": "8.76",
            "revenue": 1636589
        },
        "2015-09": {
            "month": "2015-09",
            "price": "8.33",
            "revenue": 1585601
        },
        "2015-10": {
            "month": "2015-10",
            "price": "8.45",
            "revenue": 1708572
        },
        "2015-11": {
            "month": "2015-11",
            "price": "8.29",
            "revenue": 1671325
        },
        "2015-12": {
            "month": "2015-12",
            "price": "8.12",
            "revenue": 1699285
        },
        "2016-01": {
            "month": "2016-01",
            "price": "7.80",
            "revenue": 2498165
        },
        "2016-02": {
            "month": "2016-02",
            "price": "8.12",
            "revenue": 1547073
        },
        "2016-03": {
            "month": "2016-03",
            "price": "8.50",
            "revenue": 1713760
        },
        "2016-04": {
            "month": "2016-04",
            "price": "8.51",
            "revenue": 1676361
        },
        "2016-05": {
            "month": "2016-05",
            "price": "8.06",
            "revenue": 1614588
        },
        "2016-06": {
            "month": "2016-06",
            "price": "8.21",
            "revenue": 1739510
        },
        "2016-07": {
            "month": "2016-07",
            "price": "8.39",
            "revenue": 1701403
        },
        "2016-08": {
            "month": "2016-08",
            "price": "8.50",
            "revenue": 1721066
        },
        "2016-09": {
            "month": "2016-09",
            "price": "8.07",
            "revenue": 1569260
        },
        "2016-10": {
            "month": "2016-10",
            "price": "7.98",
            "revenue": 1558761
        },
        "2016-11": {
            "month": "2016-11",
            "price": "7.93",
            "revenue": 1603777
        },
        "2016-12": {
            "month": "2016-12",
            "price": "8.14",
            "revenue": 1714055
        },
        "2017-01": {
            "month": "2017-01",
            "price": "8.16",
            "revenue": 1852439
        },
        "2017-02": {
            "month": "2017-02",
            "price": "8.34",
            "revenue": 1514720
        },
        "2017-03": {
            "month": "2017-03",
            "price": "8.48",
            "revenue": 1644732
        },
        "2017-04": {
            "month": "2017-04",
            "price": "8.34",
            "revenue": 1651963
        },
        "2017-05": {
            "month": "2017-05",
            "price": "8.34",
            "revenue": 1704024
        },
        "2017-06": {
            "month": "2017-06",
            "price": "8.32",
            "revenue": 1909532
        },
        "2017-07": {
            "month": "2017-07",
            "price": "8.51",
            "revenue": 1964665
        },
        "2017-08": {
            "month": "2017-08",
            "price": "8.22",
            "revenue": 1831113
        },
        "2017-09": {
            "month": "2017-09",
            "price": "8.32",
            "revenue": 1710309
        },
        "2017-10": {
            "month": "2017-10",
            "price": "8.38",
            "revenue": 1723497
        },
        "2017-11": {
            "month": "2017-11",
            "price": "8.32",
            "revenue": 1710241
        },
        "2017-12": {
            "month": "2017-12",
            "price": "8.34",
            "revenue": 1647986
        },
        "2018-01": {
            "month": "2018-01",
            "price": "8.65",
            "revenue": 2047950
        },
        "2018-02": {
            "month": "2018-02",
            "price": "8.57",
            "revenue": 1854394
        },
        "2018-03": {
            "month": "2018-03",
            "price": "8.67",
            "revenue": 1869296
        },
        "2018-04": {
            "month": "2018-04",
            "price": "8.86",
            "revenue": 1785393
        },
        "2018-05": {
            "month": "2018-05",
            "price": "9.21",
            "revenue": 1873447
        },
        "2018-06": {
            "month": "2018-06",
            "price": "9.53",
            "revenue": 2380557
        },
        "2018-07": {
            "month": "2018-07",
            "price": "9.58",
            "revenue": 2115750
        },
        "2018-08": {
            "month": "2018-08",
            "price": "10.59",
            "revenue": 1884557
        },
        "2018-09": {
            "month": "2018-09",
            "price": "10.90",
            "revenue": 1666556
        },
        "2018-10": {
            "month": "2018-10",
            "price": "10.58",
            "revenue": 1921705
        },
        "2018-11": {
            "month": "2018-11",
            "price": "10.53",
            "revenue": 1825453
        },
        "2018-12": {
            "month": "2018-12",
            "price": "10.51",
            "revenue": 1802371
        },
        "2019-01": {
            "month": "2019-01",
            "price": "10.76",
            "revenue": 2360321
        },
        "2019-02": {
            "month": "2019-02",
            "price": "11.25",
            "revenue": 1815834
        },
        "2019-03": {
            "month": "2019-03",
            "price": "11.79",
            "revenue": 1958700
        },
        "2019-04": {
            "month": "2019-04",
            "price": "12.08",
            "revenue": 1863720
        },
        "2019-05": {
            "month": "2019-05",
            "price": "12.58",
            "revenue": 2029384
        },
        "2019-06": {
            "month": "2019-06",
            "price": "13.57",
            "revenue": 2037624
        },
        "2019-07": {
            "month": "2019-07",
            "price": "13.39",
            "revenue": 2085429
        },
        "2019-08": {
            "month": "2019-08",
            "price": "12.71",
            "revenue": 1916999
        },
        "2019-09": {
            "month": "2019-09",
            "price": "12.49",
            "revenue": 1874163
        },
        "2019-10": {
            "month": "2019-10",
            "price": "12.61",
            "revenue": 1726711
        },
        "2019-11": {
            "month": "2019-11",
            "price": "12.57",
            "revenue": 1813776
        },
        "2019-12": {
            "month": "2019-12",
            "price": "12.50",
            "revenue": 1731998
        },
        "2020-01": {
            "month": "2020-01",
            "price": "12.53",
            "revenue": 1918832
        },
        "2020-02": {
            "month": "2020-02",
            "price": "12.19",
            "revenue": 1749297
        },
        "2020-03": {
            "month": "2020-03",
            "price": "10.38",
            "revenue": 1830935
        },
        "2020-04": {
            "month": "2020-04",
            "price": "10.24",
            "revenue": 1734157
        },
        "2020-05": {
            "month": "2020-05",
            "price": "10.67",
            "revenue": 1642508
        },
        "2020-06": {
            "month": "2020-06",
            "price": "10.97",
            "revenue": 1768989
        },
        "2020-07": {
            "month": "2020-07",
            "price": "10.75",
            "revenue": 2053551
        },
        "2020-08": {
            "month": "2020-08",
            "price": "10.09",
            "revenue": 1856107
        },
        "2020-09": {
            "month": "2020-09",
            "price": "9.77",
            "revenue": 1802504
        },
        "2020-10": {
            "month": "2020-10",
            "price": "9.62",
            "revenue": 1828713
        },
        "2020-11": {
            "month": "2020-11",
            "price": "9.83",
            "revenue": 1883842
        },
        "2020-12": {
            "month": "2020-12",
            "price": "9.64",
            "revenue": 1795378
        },
        "2021-01": {
            "month": "2021-01",
            "price": "9.49",
            "revenue": 1817216
        },
        "2021-02": {
            "month": "2021-02",
            "price": "9.42",
            "revenue": 1852133
        },
        "2021-03": {
            "month": "2021-03",
            "price": "9.74",
            "revenue": 1969003
        },
        "2021-04": {
            "month": "2021-04",
            "price": "9.99",
            "revenue": 1864444
        },
        "2021-05": {
            "month": "2021-05",
            "price": "9.63",
            "revenue": 2006889
        },
        "2021-06": {
            "month": "2021-06",
            "price": "9.49",
            "revenue": 2013942
        },
        "2021-07": {
            "month": "2021-07",
            "price": "9.50",
            "revenue": 2130234
        },
        "2021-08": {
            "month": "2021-08",
            "price": "9.61",
            "revenue": 2416180
        },
        "2021-09": {
            "month": "2021-09",
            "price": "9.59",
            "revenue": 2030436
        },
        "2021-10": {
            "month": "2021-10",
            "price": "9.49",
            "revenue": 1959054
        },
        "2021-11": {
            "month": "2021-11",
            "price": "9.65",
            "revenue": 1906816
        },
        "2021-12": {
            "month": "2021-12",
            "price": "9.73",
            "revenue": 2159994
        },
        "2022-01": {
            "month": "2022-01",
            "price": "10.33",
            "revenue": 2097207
        },
        "2022-02": {
            "month": "2022-02",
            "price": "11.11",
            "revenue": 2071905
        },
        "2022-03": {
            "month": "2022-03",
            "price": "11.80",
            "revenue": 2049170
        },
        "2022-04": {
            "month": "2022-04",
            "price": "13.07",
            "revenue": 2075720
        },
        "2022-05": {
            "month": "2022-05",
            "price": "12.07",
            "revenue": 2131903
        },
        "2022-06": {
            "month": "2022-06",
            "price": "11.96",
            "revenue": 2511580
        },
        "2022-07": {
            "month": "2022-07",
            "price": "11.72",
            "revenue": 2906096
        },
        "2022-08": {
            "month": "2022-08",
            "price": "12.55",
            "revenue": 2563993
        },
        "2022-09": {
            "month": "2022-09",
            "price": "12.63",
            "revenue": 2393021
        },
        "2022-10": {
            "month": "2022-10",
            "price": "12.27",
            "revenue": 2937436
        },
        "2022-11": {
            "month": "2022-11",
            "price": "12.50",
            "revenue": 2285810
        },
        "2022-12": {
            "month": "2022-12",
            "price": "12.94",
            "revenue": 2627259
        },
        "2023-01": {
            "month": "2023-01",
            "price": "13.25",
            "revenue": 2825677
        },
        "2023-02": {
            "month": "2023-02",
            "price": "13.68",
            "revenue": 2469599
        },
        "2023-03": {
            "month": "2023-03",
            "price": "13.78",
            "revenue": 2675448
        },
        "2023-04": {
            "month": "2023-04",
            "price": "13.80",
            "revenue": 2514740
        },
        "2023-05": {
            "month": "2023-05",
            "price": "14.05",
            "revenue": 2497264
        }
    }
}
