{
    "summary": {
        "stock_name": "高雄銀",
        "stock_id": "2836",
        "category": "金融",
        "main_business": "代理市庫,存款,授信,外匯,信託,投資等金融業務",
        "website_url": "http://www.bok.com.tw/",
        "ceo": "徐翠梅",
        "pe_ratio": 17,
        "report_year_from": 2001,
        "report_year_to": 2023,
        "age": 22,
        "eps_negative_percentage": 7,
        "eps_growth_avg": {
            "last_all": -3.79,
            "last_2y": 1.58,
            "last_4y": 10.45,
            "last_8y": 5.66,
            "last_12y": null,
            "last_16y": null,
            "last_20y": null,
            "at_2006_last_3y": null,
            "at_2007_last_3y": null,
            "at_2008_last_3y": null,
            "at_2009_last_3y": null,
            "at_2010_last_3y": null,
            "at_2011_last_3y": null,
            "at_2012_last_3y": null,
            "at_2013_last_3y": null,
            "at_2014_last_3y": -24.54,
            "at_2015_last_3y": 12.66,
            "at_2016_last_3y": 10.79,
            "at_2017_last_3y": -0.32,
            "at_2018_last_3y": -7.02,
            "at_2019_last_3y": 3.91,
            "at_2020_last_3y": 1.58,
            "at_2021_last_3y": 13.7,
            "at_2022_last_3y": 15.02,
            "at_2023_last_3y": 15.02,
            "at_2006_last_all": null,
            "at_2007_last_all": null,
            "at_2008_last_all": null,
            "at_2009_last_all": null,
            "at_2010_last_all": null,
            "at_2011_last_all": null,
            "at_2012_last_all": -100,
            "at_2013_last_all": -46.3,
            "at_2014_last_all": -24.54,
            "at_2015_last_all": -15.51,
            "at_2016_last_all": -11.37,
            "at_2017_last_all": -15.65,
            "at_2018_last_all": -14.53,
            "at_2019_last_all": -5.8,
            "at_2020_last_all": -5.61,
            "at_2021_last_all": -3.91,
            "at_2022_last_all": -3.79,
            "at_2023_last_all": -3.79
        },
        "latest_eps": 0.67,
        "latest_price": 11.65,
        "latest_roe": 5.03,
        "latest_gross_margin": null,
        "latest_equity": 17256686,
        "latest_revenue": 1047355,
        "latest_gross_profit": null,
        "latest_net_income": 258609,
        "latest_debt_ratio": 94.07,
        "latest_current_ratio": null,
        "latest_account_receivable_turnover_ratio": null,
        "latest_inventory_turnover_ratio": null,
        "latest_reinvestment_rate": 4.89,
        "latest_research_to_sale_ratio": null
    },
    "eps_dividends": {
        "1992": {
            "cash": 0.6,
            "stock": 0,
            "eps": 0
        },
        "1993": {
            "cash": 0.6,
            "stock": 0,
            "eps": 0
        },
        "1994": {
            "cash": 0.6,
            "stock": 1.81,
            "eps": 0
        },
        "1995": {
            "cash": 0.6,
            "stock": 0,
            "eps": 0
        },
        "1996": {
            "cash": 0.6,
            "stock": 0,
            "eps": 0
        },
        "1998": {
            "cash": 0.6,
            "stock": 1.6,
            "eps": 0
        },
        "2001": {
            "cash": 0,
            "stock": 0,
            "eps": 0
        },
        "2002": {
            "cash": 1.3,
            "stock": 0.2,
            "eps": 0
        },
        "2003": {
            "cash": 0.5,
            "stock": 0,
            "eps": 0
        },
        "2004": {
            "cash": 0.5,
            "stock": 1,
            "eps": 0
        },
        "2005": {
            "cash": 0.5,
            "stock": 0,
            "eps": 0
        },
        "2006": {
            "cash": 0.5,
            "stock": 0,
            "eps": 0
        },
        "2007": {
            "cash": 0.6,
            "stock": 0,
            "eps": 0
        },
        "2008": {
            "cash": 0.1,
            "stock": 0.4,
            "eps": 0
        },
        "2009": {
            "cash": 0,
            "stock": 0,
            "eps": 0
        },
        "2010": {
            "cash": 0,
            "stock": 0,
            "eps": 0.24
        },
        "2011": {
            "cash": 0.02,
            "stock": 1.15,
            "eps": -0.88
        },
        "2012": {
            "cash": 0,
            "stock": 0,
            "eps": 0.54
        },
        "2013": {
            "cash": 0.02,
            "stock": 0.18,
            "eps": 0.58
        },
        "2014": {
            "cash": 0.02,
            "stock": 0.26,
            "eps": 0.69
        },
        "2015": {
            "cash": 0.03,
            "stock": 0.47,
            "eps": 0.77
        },
        "2016": {
            "cash": 0.03,
            "stock": 0.52,
            "eps": 0.81
        },
        "2017": {
            "cash": 0.6,
            "stock": 0,
            "eps": 0.51
        },
        "2018": {
            "cash": 0.13,
            "stock": 0.37,
            "eps": 0.47
        },
        "2019": {
            "cash": 0.11,
            "stock": 0.39,
            "eps": 0.73
        },
        "2020": {
            "cash": 0,
            "stock": 0,
            "eps": 0.7
        },
        "2021": {
            "cash": 0.44999999999999996,
            "stock": 0.75,
            "eps": 0.78
        },
        "2022": {
            "cash": 0.4,
            "stock": 0.3,
            "eps": 0.76
        },
        "2023": {
            "cash": 0,
            "stock": 0.3,
            "eps": 0.39
        }
    },
    "dividends": {
        "1992-10-20": {
            "cash": 0.6,
            "stock": 0
        },
        "1993-10-29": {
            "cash": 0.6,
            "stock": 0
        },
        "1994-10-26": {
            "cash": 0.6,
            "stock": 1.81
        },
        "1995-10-12": {
            "cash": 0.6,
            "stock": 0
        },
        "1996-10-17": {
            "cash": 0.6,
            "stock": 0
        },
        "1998-11-27": {
            "cash": 0.6,
            "stock": 1.6
        },
        "2002-06-20": {
            "cash": 1.3,
            "stock": 0.2
        },
        "2003-03-27": {
            "cash": 0.5,
            "stock": 0
        },
        "2004-03-18": {
            "cash": 0.5,
            "stock": 1
        },
        "2005-03-24": {
            "cash": 0.5,
            "stock": 0
        },
        "2006-03-30": {
            "cash": 0.5,
            "stock": 0
        },
        "2007-03-22": {
            "cash": 0.6,
            "stock": 0
        },
        "2008-03-27": {
            "cash": 0.1,
            "stock": 0.4
        },
        "2011-04-21": {
            "cash": 0.02,
            "stock": 1.15
        },
        "2013-04-26": {
            "cash": 0.02,
            "stock": 0.18
        },
        "2014-10-06": {
            "cash": 0.02,
            "stock": 0.26
        },
        "2015-10-01": {
            "cash": 0.03,
            "stock": 0.47
        },
        "2016-10-14": {
            "cash": 0.03,
            "stock": 0.52
        },
        "2017-08-31": {
            "cash": 0.6,
            "stock": 0
        },
        "2018-10-09": {
            "cash": 0.13,
            "stock": 0.37
        },
        "2019-10-16": {
            "cash": 0.11,
            "stock": 0.39
        },
        "2021-02-04": {
            "cash": 0.15,
            "stock": 0.45
        },
        "2021-10-13": {
            "cash": 0.3,
            "stock": 0.3
        },
        "2022-08-31": {
            "cash": 0.4,
            "stock": 0.3
        },
        "2023-03-24": {
            "cash": 0,
            "stock": 0.3
        }
    },
    "prices": {
        "200101": "11.33",
        "200102": "14.12",
        "200103": "14.68",
        "200104": "13.52",
        "200105": "12.69",
        "200106": "13.60",
        "200107": "11.83",
        "200108": "13.35",
        "200109": "14.69",
        "200110": "14.91",
        "200111": "14.40",
        "200112": "16.44",
        "200201": "16.80",
        "200202": "16.35",
        "200203": "15.66",
        "200204": "17.40",
        "200205": "17.14",
        "200206": "17.75",
        "200207": "17.22",
        "200208": "16.64",
        "200209": "14.93",
        "200210": "13.90",
        "200211": "15.84",
        "200212": "17.36",
        "200301": "20.92",
        "200302": "17.57",
        "200303": "16.70",
        "200304": "16.25",
        "200305": "15.22",
        "200306": "15.96",
        "200307": "15.12",
        "200308": "14.71",
        "200309": "15.30",
        "200310": "17.96",
        "200311": "17.88",
        "200312": "18.49",
        "200401": "18.97",
        "200402": "23.76",
        "200403": "23.93",
        "200404": "24.16",
        "200405": "22.72",
        "200406": "23.93",
        "200407": "23.69",
        "200408": "21.56",
        "200409": "22.29",
        "200410": "24.64",
        "200411": "24.50",
        "200412": "24.67",
        "200501": "24.16",
        "200502": "23.38",
        "200503": "22.29",
        "200504": "21.36",
        "200505": "21.32",
        "200506": "21.98",
        "200507": "22.44",
        "200508": "22.13",
        "200509": "20.10",
        "200510": "18.89",
        "200511": "18.12",
        "200512": "18.02",
        "200601": "16.69",
        "200602": "15.83",
        "200603": "14.36",
        "200604": "15.31",
        "200605": "15.63",
        "200606": "14.06",
        "200607": "13.79",
        "200608": "13.36",
        "200609": "13.37",
        "200610": "15.44",
        "200611": "15.10",
        "200612": "17.31",
        "200701": "19.33",
        "200702": "19.10",
        "200703": "16.97",
        "200704": "17.41",
        "200705": "17.10",
        "200706": "17.42",
        "200707": "20.50",
        "200708": "20.60",
        "200709": "19.51",
        "200710": "18.63",
        "200711": "17.05",
        "200712": "16.36",
        "200801": "14.88",
        "200802": "14.75",
        "200803": "16.55",
        "200804": "18.59",
        "200805": "17.56",
        "200806": "15.67",
        "200807": "13.32",
        "200808": "12.97",
        "200809": "10.59",
        "200810": "7.38",
        "200811": "6.44",
        "200812": "6.95",
        "200901": "6.74",
        "200902": "6.38",
        "200903": "6.71",
        "200904": "8.19",
        "200905": "9.62",
        "200906": "10.23",
        "200907": "10.38",
        "200908": "9.78",
        "200909": "9.93",
        "200910": "10.39",
        "200911": "10.10",
        "200912": "10.06",
        "201001": "11.38",
        "201002": "10.33",
        "201003": "10.82",
        "201004": "10.97",
        "201005": "10.29",
        "201006": "10.27",
        "201007": "11.66",
        "201008": "13.10",
        "201009": "12.36",
        "201010": "12.53",
        "201011": "13.11",
        "201012": "14.27",
        "201101": "15.48",
        "201102": "13.64",
        "201103": "12.57",
        "201104": "13.22",
        "201105": "13.65",
        "201106": "13.19",
        "201107": "13.71",
        "201108": "11.39",
        "201109": "10.30",
        "201110": "9.91",
        "201111": "9.01",
        "201112": "8.96",
        "201201": "8.65",
        "201202": "9.62",
        "201203": "9.68",
        "201204": "8.83",
        "201205": "8.52",
        "201206": "8.30",
        "201207": "8.44",
        "201208": "8.86",
        "201209": "9.16",
        "201210": "8.83",
        "201211": "8.52",
        "201212": "9.04",
        "201301": "9.27",
        "201302": "9.58",
        "201303": "9.62",
        "201304": "9.48",
        "201305": "9.62",
        "201306": "9.41",
        "201307": "9.66",
        "201308": "9.43",
        "201309": "9.48",
        "201310": "9.50",
        "201311": "9.40",
        "201312": "9.40",
        "201401": "9.55",
        "201402": "9.54",
        "201403": "9.63",
        "201404": "9.64",
        "201405": "9.48",
        "201406": "9.52",
        "201407": "9.70",
        "201408": "9.41",
        "201409": "9.24",
        "201410": "8.99",
        "201411": "9.07",
        "201412": "9.03",
        "201501": "9.01",
        "201502": "9.07",
        "201503": "9.16",
        "201504": "9.45",
        "201505": "9.75",
        "201506": "9.35",
        "201507": "9.26",
        "201508": "8.70",
        "201509": "8.53",
        "201510": "8.80",
        "201511": "8.80",
        "201512": "8.69",
        "201601": "8.59",
        "201602": "8.53",
        "201603": "8.82",
        "201604": "8.70",
        "201605": "8.62",
        "201606": "8.95",
        "201607": "9.04",
        "201608": "9.19",
        "201609": "9.06",
        "201610": "8.88",
        "201611": "8.92",
        "201612": "9.07",
        "201701": "9.10",
        "201702": "9.57",
        "201703": "9.84",
        "201704": "9.72",
        "201705": "9.82",
        "201706": "9.90",
        "201707": "10.09",
        "201708": "9.63",
        "201709": "9.45",
        "201710": "9.36",
        "201711": "9.12",
        "201712": "9.15",
        "201801": "9.61",
        "201802": "9.43",
        "201803": "9.45",
        "201804": "9.36",
        "201805": "9.35",
        "201806": "9.39",
        "201807": "9.31",
        "201808": "9.60",
        "201809": "9.40",
        "201810": "9.06",
        "201811": "9.10",
        "201812": "9.29",
        "201901": "9.34",
        "201902": "9.56",
        "201903": "9.60",
        "201904": "9.60",
        "201905": "9.63",
        "201906": "9.66",
        "201907": "9.73",
        "201908": "9.59",
        "201909": "9.68",
        "201910": "9.60",
        "201911": "9.69",
        "201912": "9.80",
        "202001": "9.87",
        "202002": "9.83",
        "202003": "9.06",
        "202004": "9.28",
        "202005": "9.47",
        "202006": "9.78",
        "202007": "9.84",
        "202008": "10.03",
        "202009": "9.99",
        "202010": "10.06",
        "202011": "10.21",
        "202012": "10.28",
        "202101": "10.05",
        "202102": "9.79",
        "202103": "10.12",
        "202104": "10.98",
        "202105": "11.03",
        "202106": "10.90",
        "202107": "11.11",
        "202108": "11.27",
        "202109": "11.24",
        "202110": "11.10",
        "202111": "11.57",
        "202112": "11.81",
        "202201": "13.35",
        "202202": "13.98",
        "202203": "13.96",
        "202204": "14.84",
        "202205": "13.44",
        "202206": "13.52",
        "202207": "13.63",
        "202208": "13.49",
        "202209": "13.34",
        "202210": "12.34",
        "202211": "12.65",
        "202212": "12.57",
        "202301": "12.60",
        "202302": "12.80",
        "202303": "12.48",
        "202304": "12.28",
        "202305": "12.37",
        "202306": "12.37",
        "202307": "12.45",
        "202308": "12.25",
        "202309": "12.22",
        "202310": "11.88"
    },
    "quarters": {
        "20011": {
            "year_quarter": 20011,
            "year": 2001,
            "quarter": 1,
            "eps": null,
            "eps_growth_year": null,
            "eps_4q": null,
            "eps_4q_growth_year": null,
            "roe": null,
            "roe_4q": 0,
            "gross_profit": null,
            "gross_margin": null,
            "gross_margin_4q_avg": 0,
            "net_income": null,
            "net_income_4q": null,
            "revenue": null,
            "revenue_4q": null,
            "common_shares": null,
            "book_valuer_per_share": null,
            "book_valuer_per_share_4q_avg": 0,
            "equity": null,
            "current_ratio": null,
            "debt_ratio": null,
            "inventory_turnover_ratio": null,
            "account_receivable_turnover_ratio": null,
            "reinvestment_rate": null,
            "research_to_sale_ratio": null,
            "price_fair": 0,
            "eps_avg_yearly": 0,
            "eps_latest_yearly": 0,
            "eps_growth_yearly": 0
        },
        "20012": {
            "year_quarter": 20012,
            "year": 2001,
            "quarter": 2,
            "eps": null,
            "eps_growth_year": null,
            "eps_4q": null,
            "eps_4q_growth_year": null,
            "roe": null,
            "roe_4q": 0,
            "gross_profit": null,
            "gross_margin": null,
            "gross_margin_4q_avg": 0,
            "net_income": null,
            "net_income_4q": null,
            "revenue": null,
            "revenue_4q": null,
            "common_shares": null,
            "book_valuer_per_share": null,
            "book_valuer_per_share_4q_avg": 0,
            "equity": null,
            "current_ratio": null,
            "debt_ratio": null,
            "inventory_turnover_ratio": null,
            "account_receivable_turnover_ratio": null,
            "reinvestment_rate": null,
            "research_to_sale_ratio": null,
            "price_fair": 0,
            "eps_avg_yearly": 0,
            "eps_latest_yearly": 0,
            "eps_growth_yearly": 0
        },
        "20013": {
            "year_quarter": 20013,
            "year": 2001,
            "quarter": 3,
            "eps": null,
            "eps_growth_year": null,
            "eps_4q": null,
            "eps_4q_growth_year": null,
            "roe": null,
            "roe_4q": 0,
            "gross_profit": null,
            "gross_margin": null,
            "gross_margin_4q_avg": 0,
            "net_income": null,
            "net_income_4q": null,
            "revenue": null,
            "revenue_4q": null,
            "common_shares": null,
            "book_valuer_per_share": null,
            "book_valuer_per_share_4q_avg": 0,
            "equity": null,
            "current_ratio": null,
            "debt_ratio": null,
            "inventory_turnover_ratio": null,
            "account_receivable_turnover_ratio": null,
            "reinvestment_rate": null,
            "research_to_sale_ratio": null,
            "price_fair": 0,
            "eps_avg_yearly": 0,
            "eps_latest_yearly": 0,
            "eps_growth_yearly": 0
        },
        "20014": {
            "year_quarter": 20014,
            "year": 2001,
            "quarter": 4,
            "eps": null,
            "eps_growth_year": null,
            "eps_4q": null,
            "eps_4q_growth_year": null,
            "roe": null,
            "roe_4q": 0,
            "gross_profit": null,
            "gross_margin": null,
            "gross_margin_4q_avg": 0,
            "net_income": null,
            "net_income_4q": null,
            "revenue": null,
            "revenue_4q": null,
            "common_shares": null,
            "book_valuer_per_share": null,
            "book_valuer_per_share_4q_avg": 0,
            "equity": null,
            "current_ratio": null,
            "debt_ratio": null,
            "inventory_turnover_ratio": null,
            "account_receivable_turnover_ratio": null,
            "reinvestment_rate": null,
            "research_to_sale_ratio": null,
            "price_fair": 0,
            "eps_avg_yearly": 0,
            "eps_latest_yearly": 0,
            "eps_growth_yearly": 0
        },
        "20021": {
            "year_quarter": 20021,
            "year": 2002,
            "quarter": 1,
            "eps": null,
            "eps_growth_year": null,
            "eps_4q": null,
            "eps_4q_growth_year": null,
            "roe": null,
            "roe_4q": 0,
            "gross_profit": null,
            "gross_margin": null,
            "gross_margin_4q_avg": 0,
            "net_income": null,
            "net_income_4q": null,
            "revenue": null,
            "revenue_4q": null,
            "common_shares": null,
            "book_valuer_per_share": null,
            "book_valuer_per_share_4q_avg": 0,
            "equity": null,
            "current_ratio": null,
            "debt_ratio": null,
            "inventory_turnover_ratio": null,
            "account_receivable_turnover_ratio": null,
            "reinvestment_rate": null,
            "research_to_sale_ratio": null,
            "price_fair": 0,
            "eps_avg_yearly": 0,
            "eps_latest_yearly": 0,
            "eps_growth_yearly": 0
        },
        "20022": {
            "year_quarter": 20022,
            "year": 2002,
            "quarter": 2,
            "eps": null,
            "eps_growth_year": null,
            "eps_4q": null,
            "eps_4q_growth_year": null,
            "roe": null,
            "roe_4q": 0,
            "gross_profit": null,
            "gross_margin": null,
            "gross_margin_4q_avg": 0,
            "net_income": null,
            "net_income_4q": null,
            "revenue": null,
            "revenue_4q": null,
            "common_shares": null,
            "book_valuer_per_share": null,
            "book_valuer_per_share_4q_avg": 0,
            "equity": null,
            "current_ratio": null,
            "debt_ratio": null,
            "inventory_turnover_ratio": null,
            "account_receivable_turnover_ratio": null,
            "reinvestment_rate": null,
            "research_to_sale_ratio": null,
            "price_fair": 0,
            "eps_avg_yearly": 0,
            "eps_latest_yearly": 0,
            "eps_growth_yearly": 0
        },
        "20023": {
            "year_quarter": 20023,
            "year": 2002,
            "quarter": 3,
            "eps": null,
            "eps_growth_year": null,
            "eps_4q": null,
            "eps_4q_growth_year": null,
            "roe": null,
            "roe_4q": 0,
            "gross_profit": null,
            "gross_margin": null,
            "gross_margin_4q_avg": 0,
            "net_income": null,
            "net_income_4q": null,
            "revenue": null,
            "revenue_4q": null,
            "common_shares": null,
            "book_valuer_per_share": null,
            "book_valuer_per_share_4q_avg": 0,
            "equity": null,
            "current_ratio": null,
            "debt_ratio": null,
            "inventory_turnover_ratio": null,
            "account_receivable_turnover_ratio": null,
            "reinvestment_rate": null,
            "research_to_sale_ratio": null,
            "price_fair": 0,
            "eps_avg_yearly": 0,
            "eps_latest_yearly": 0,
            "eps_growth_yearly": 0
        },
        "20024": {
            "year_quarter": 20024,
            "year": 2002,
            "quarter": 4,
            "eps": null,
            "eps_growth_year": null,
            "eps_4q": null,
            "eps_4q_growth_year": null,
            "roe": null,
            "roe_4q": 0,
            "gross_profit": null,
            "gross_margin": null,
            "gross_margin_4q_avg": 0,
            "net_income": null,
            "net_income_4q": null,
            "revenue": null,
            "revenue_4q": null,
            "common_shares": null,
            "book_valuer_per_share": null,
            "book_valuer_per_share_4q_avg": 0,
            "equity": null,
            "current_ratio": null,
            "debt_ratio": null,
            "inventory_turnover_ratio": null,
            "account_receivable_turnover_ratio": null,
            "reinvestment_rate": null,
            "research_to_sale_ratio": null,
            "price_fair": 0,
            "eps_avg_yearly": 0,
            "eps_latest_yearly": 0,
            "eps_growth_yearly": 0
        },
        "20031": {
            "year_quarter": 20031,
            "year": 2003,
            "quarter": 1,
            "eps": null,
            "eps_growth_year": null,
            "eps_4q": null,
            "eps_4q_growth_year": null,
            "roe": null,
            "roe_4q": 0,
            "gross_profit": null,
            "gross_margin": null,
            "gross_margin_4q_avg": 0,
            "net_income": null,
            "net_income_4q": null,
            "revenue": null,
            "revenue_4q": null,
            "common_shares": null,
            "book_valuer_per_share": null,
            "book_valuer_per_share_4q_avg": 0,
            "equity": null,
            "current_ratio": null,
            "debt_ratio": null,
            "inventory_turnover_ratio": null,
            "account_receivable_turnover_ratio": null,
            "reinvestment_rate": null,
            "research_to_sale_ratio": null,
            "price_fair": 0,
            "eps_avg_yearly": 0,
            "eps_latest_yearly": 0,
            "eps_growth_yearly": 0
        },
        "20032": {
            "year_quarter": 20032,
            "year": 2003,
            "quarter": 2,
            "eps": null,
            "eps_growth_year": null,
            "eps_4q": null,
            "eps_4q_growth_year": null,
            "roe": null,
            "roe_4q": 0,
            "gross_profit": null,
            "gross_margin": null,
            "gross_margin_4q_avg": 0,
            "net_income": null,
            "net_income_4q": null,
            "revenue": null,
            "revenue_4q": null,
            "common_shares": null,
            "book_valuer_per_share": null,
            "book_valuer_per_share_4q_avg": 0,
            "equity": null,
            "current_ratio": null,
            "debt_ratio": null,
            "inventory_turnover_ratio": null,
            "account_receivable_turnover_ratio": null,
            "reinvestment_rate": null,
            "research_to_sale_ratio": null,
            "price_fair": 0,
            "eps_avg_yearly": 0,
            "eps_latest_yearly": 0,
            "eps_growth_yearly": 0
        },
        "20033": {
            "year_quarter": 20033,
            "year": 2003,
            "quarter": 3,
            "eps": null,
            "eps_growth_year": null,
            "eps_4q": null,
            "eps_4q_growth_year": null,
            "roe": null,
            "roe_4q": 0,
            "gross_profit": null,
            "gross_margin": null,
            "gross_margin_4q_avg": 0,
            "net_income": null,
            "net_income_4q": null,
            "revenue": null,
            "revenue_4q": null,
            "common_shares": null,
            "book_valuer_per_share": null,
            "book_valuer_per_share_4q_avg": 0,
            "equity": null,
            "current_ratio": null,
            "debt_ratio": null,
            "inventory_turnover_ratio": null,
            "account_receivable_turnover_ratio": null,
            "reinvestment_rate": null,
            "research_to_sale_ratio": null,
            "price_fair": 0,
            "eps_avg_yearly": 0,
            "eps_latest_yearly": 0,
            "eps_growth_yearly": 0
        },
        "20034": {
            "year_quarter": 20034,
            "year": 2003,
            "quarter": 4,
            "eps": null,
            "eps_growth_year": null,
            "eps_4q": null,
            "eps_4q_growth_year": null,
            "roe": null,
            "roe_4q": 0,
            "gross_profit": null,
            "gross_margin": null,
            "gross_margin_4q_avg": 0,
            "net_income": null,
            "net_income_4q": null,
            "revenue": null,
            "revenue_4q": null,
            "common_shares": null,
            "book_valuer_per_share": null,
            "book_valuer_per_share_4q_avg": 0,
            "equity": null,
            "current_ratio": null,
            "debt_ratio": null,
            "inventory_turnover_ratio": null,
            "account_receivable_turnover_ratio": null,
            "reinvestment_rate": null,
            "research_to_sale_ratio": null,
            "price_fair": 0,
            "eps_avg_yearly": 0,
            "eps_latest_yearly": 0,
            "eps_growth_yearly": 0
        },
        "20041": {
            "year_quarter": 20041,
            "year": 2004,
            "quarter": 1,
            "eps": null,
            "eps_growth_year": null,
            "eps_4q": null,
            "eps_4q_growth_year": null,
            "roe": null,
            "roe_4q": 0,
            "gross_profit": null,
            "gross_margin": null,
            "gross_margin_4q_avg": 0,
            "net_income": null,
            "net_income_4q": null,
            "revenue": null,
            "revenue_4q": null,
            "common_shares": null,
            "book_valuer_per_share": null,
            "book_valuer_per_share_4q_avg": 0,
            "equity": null,
            "current_ratio": null,
            "debt_ratio": null,
            "inventory_turnover_ratio": null,
            "account_receivable_turnover_ratio": null,
            "reinvestment_rate": null,
            "research_to_sale_ratio": null,
            "price_fair": 0,
            "eps_avg_yearly": 0,
            "eps_latest_yearly": 0,
            "eps_growth_yearly": 0
        },
        "20042": {
            "year_quarter": 20042,
            "year": 2004,
            "quarter": 2,
            "eps": null,
            "eps_growth_year": null,
            "eps_4q": null,
            "eps_4q_growth_year": null,
            "roe": null,
            "roe_4q": 0,
            "gross_profit": null,
            "gross_margin": null,
            "gross_margin_4q_avg": 0,
            "net_income": null,
            "net_income_4q": null,
            "revenue": null,
            "revenue_4q": null,
            "common_shares": null,
            "book_valuer_per_share": null,
            "book_valuer_per_share_4q_avg": 0,
            "equity": null,
            "current_ratio": null,
            "debt_ratio": null,
            "inventory_turnover_ratio": null,
            "account_receivable_turnover_ratio": null,
            "reinvestment_rate": null,
            "research_to_sale_ratio": null,
            "price_fair": 0,
            "eps_avg_yearly": 0,
            "eps_latest_yearly": 0,
            "eps_growth_yearly": 0
        },
        "20043": {
            "year_quarter": 20043,
            "year": 2004,
            "quarter": 3,
            "eps": null,
            "eps_growth_year": null,
            "eps_4q": null,
            "eps_4q_growth_year": null,
            "roe": null,
            "roe_4q": 0,
            "gross_profit": null,
            "gross_margin": null,
            "gross_margin_4q_avg": 0,
            "net_income": null,
            "net_income_4q": null,
            "revenue": null,
            "revenue_4q": null,
            "common_shares": null,
            "book_valuer_per_share": null,
            "book_valuer_per_share_4q_avg": 0,
            "equity": null,
            "current_ratio": null,
            "debt_ratio": null,
            "inventory_turnover_ratio": null,
            "account_receivable_turnover_ratio": null,
            "reinvestment_rate": null,
            "research_to_sale_ratio": null,
            "price_fair": 0,
            "eps_avg_yearly": 0,
            "eps_latest_yearly": 0,
            "eps_growth_yearly": 0
        },
        "20044": {
            "year_quarter": 20044,
            "year": 2004,
            "quarter": 4,
            "eps": null,
            "eps_growth_year": null,
            "eps_4q": null,
            "eps_4q_growth_year": null,
            "roe": null,
            "roe_4q": 0,
            "gross_profit": null,
            "gross_margin": null,
            "gross_margin_4q_avg": 0,
            "net_income": null,
            "net_income_4q": null,
            "revenue": null,
            "revenue_4q": null,
            "common_shares": null,
            "book_valuer_per_share": null,
            "book_valuer_per_share_4q_avg": 0,
            "equity": null,
            "current_ratio": null,
            "debt_ratio": null,
            "inventory_turnover_ratio": null,
            "account_receivable_turnover_ratio": null,
            "reinvestment_rate": null,
            "research_to_sale_ratio": null,
            "price_fair": 0,
            "eps_avg_yearly": 0,
            "eps_latest_yearly": 0,
            "eps_growth_yearly": 0
        },
        "20051": {
            "year_quarter": 20051,
            "year": 2005,
            "quarter": 1,
            "eps": null,
            "eps_growth_year": null,
            "eps_4q": null,
            "eps_4q_growth_year": null,
            "roe": null,
            "roe_4q": 0,
            "gross_profit": null,
            "gross_margin": null,
            "gross_margin_4q_avg": 0,
            "net_income": null,
            "net_income_4q": null,
            "revenue": null,
            "revenue_4q": null,
            "common_shares": null,
            "book_valuer_per_share": null,
            "book_valuer_per_share_4q_avg": 0,
            "equity": null,
            "current_ratio": null,
            "debt_ratio": null,
            "inventory_turnover_ratio": null,
            "account_receivable_turnover_ratio": null,
            "reinvestment_rate": null,
            "research_to_sale_ratio": null,
            "price_fair": 0,
            "eps_avg_yearly": 0,
            "eps_latest_yearly": 0,
            "eps_growth_yearly": 0
        },
        "20052": {
            "year_quarter": 20052,
            "year": 2005,
            "quarter": 2,
            "eps": null,
            "eps_growth_year": null,
            "eps_4q": null,
            "eps_4q_growth_year": null,
            "roe": null,
            "roe_4q": 0,
            "gross_profit": null,
            "gross_margin": null,
            "gross_margin_4q_avg": 0,
            "net_income": null,
            "net_income_4q": null,
            "revenue": null,
            "revenue_4q": null,
            "common_shares": null,
            "book_valuer_per_share": null,
            "book_valuer_per_share_4q_avg": 0,
            "equity": null,
            "current_ratio": null,
            "debt_ratio": null,
            "inventory_turnover_ratio": null,
            "account_receivable_turnover_ratio": null,
            "reinvestment_rate": null,
            "research_to_sale_ratio": null,
            "price_fair": 0,
            "eps_avg_yearly": 0,
            "eps_latest_yearly": 0,
            "eps_growth_yearly": 0
        },
        "20053": {
            "year_quarter": 20053,
            "year": 2005,
            "quarter": 3,
            "eps": null,
            "eps_growth_year": null,
            "eps_4q": null,
            "eps_4q_growth_year": null,
            "roe": null,
            "roe_4q": 0,
            "gross_profit": null,
            "gross_margin": null,
            "gross_margin_4q_avg": 0,
            "net_income": null,
            "net_income_4q": null,
            "revenue": null,
            "revenue_4q": null,
            "common_shares": null,
            "book_valuer_per_share": null,
            "book_valuer_per_share_4q_avg": 0,
            "equity": null,
            "current_ratio": null,
            "debt_ratio": null,
            "inventory_turnover_ratio": null,
            "account_receivable_turnover_ratio": null,
            "reinvestment_rate": null,
            "research_to_sale_ratio": null,
            "price_fair": 0,
            "eps_avg_yearly": 0,
            "eps_latest_yearly": 0,
            "eps_growth_yearly": 0
        },
        "20054": {
            "year_quarter": 20054,
            "year": 2005,
            "quarter": 4,
            "eps": null,
            "eps_growth_year": null,
            "eps_4q": null,
            "eps_4q_growth_year": null,
            "roe": null,
            "roe_4q": 0,
            "gross_profit": null,
            "gross_margin": null,
            "gross_margin_4q_avg": 0,
            "net_income": null,
            "net_income_4q": null,
            "revenue": null,
            "revenue_4q": null,
            "common_shares": null,
            "book_valuer_per_share": null,
            "book_valuer_per_share_4q_avg": 0,
            "equity": null,
            "current_ratio": null,
            "debt_ratio": null,
            "inventory_turnover_ratio": null,
            "account_receivable_turnover_ratio": null,
            "reinvestment_rate": null,
            "research_to_sale_ratio": null,
            "price_fair": 0,
            "eps_avg_yearly": 0,
            "eps_latest_yearly": 0,
            "eps_growth_yearly": 0
        },
        "20061": {
            "year_quarter": 20061,
            "year": 2006,
            "quarter": 1,
            "eps": null,
            "eps_growth_year": null,
            "eps_4q": null,
            "eps_4q_growth_year": null,
            "roe": null,
            "roe_4q": 0,
            "gross_profit": null,
            "gross_margin": null,
            "gross_margin_4q_avg": 0,
            "net_income": null,
            "net_income_4q": null,
            "revenue": null,
            "revenue_4q": null,
            "common_shares": null,
            "book_valuer_per_share": null,
            "book_valuer_per_share_4q_avg": 0,
            "equity": null,
            "current_ratio": null,
            "debt_ratio": null,
            "inventory_turnover_ratio": null,
            "account_receivable_turnover_ratio": null,
            "reinvestment_rate": null,
            "research_to_sale_ratio": null,
            "price_fair": 0,
            "eps_avg_yearly": 0,
            "eps_latest_yearly": 0,
            "eps_growth_yearly": 0
        },
        "20062": {
            "year_quarter": 20062,
            "year": 2006,
            "quarter": 2,
            "eps": null,
            "eps_growth_year": null,
            "eps_4q": null,
            "eps_4q_growth_year": null,
            "roe": null,
            "roe_4q": 0,
            "gross_profit": null,
            "gross_margin": null,
            "gross_margin_4q_avg": 0,
            "net_income": null,
            "net_income_4q": null,
            "revenue": null,
            "revenue_4q": null,
            "common_shares": null,
            "book_valuer_per_share": null,
            "book_valuer_per_share_4q_avg": 0,
            "equity": null,
            "current_ratio": null,
            "debt_ratio": null,
            "inventory_turnover_ratio": null,
            "account_receivable_turnover_ratio": null,
            "reinvestment_rate": null,
            "research_to_sale_ratio": null,
            "price_fair": 0,
            "eps_avg_yearly": 0,
            "eps_latest_yearly": 0,
            "eps_growth_yearly": 0
        },
        "20063": {
            "year_quarter": 20063,
            "year": 2006,
            "quarter": 3,
            "eps": null,
            "eps_growth_year": null,
            "eps_4q": null,
            "eps_4q_growth_year": null,
            "roe": null,
            "roe_4q": 0,
            "gross_profit": null,
            "gross_margin": null,
            "gross_margin_4q_avg": 0,
            "net_income": null,
            "net_income_4q": null,
            "revenue": null,
            "revenue_4q": null,
            "common_shares": null,
            "book_valuer_per_share": null,
            "book_valuer_per_share_4q_avg": 0,
            "equity": null,
            "current_ratio": null,
            "debt_ratio": null,
            "inventory_turnover_ratio": null,
            "account_receivable_turnover_ratio": null,
            "reinvestment_rate": null,
            "research_to_sale_ratio": null,
            "price_fair": 0,
            "eps_avg_yearly": 0,
            "eps_latest_yearly": 0,
            "eps_growth_yearly": 0
        },
        "20064": {
            "year_quarter": 20064,
            "year": 2006,
            "quarter": 4,
            "eps": null,
            "eps_growth_year": null,
            "eps_4q": null,
            "eps_4q_growth_year": null,
            "roe": null,
            "roe_4q": 0,
            "gross_profit": null,
            "gross_margin": null,
            "gross_margin_4q_avg": 0,
            "net_income": null,
            "net_income_4q": null,
            "revenue": null,
            "revenue_4q": null,
            "common_shares": null,
            "book_valuer_per_share": null,
            "book_valuer_per_share_4q_avg": 0,
            "equity": null,
            "current_ratio": null,
            "debt_ratio": null,
            "inventory_turnover_ratio": null,
            "account_receivable_turnover_ratio": null,
            "reinvestment_rate": null,
            "research_to_sale_ratio": null,
            "price_fair": 0,
            "eps_avg_yearly": 0,
            "eps_latest_yearly": 0,
            "eps_growth_yearly": 0
        },
        "20071": {
            "year_quarter": 20071,
            "year": 2007,
            "quarter": 1,
            "eps": null,
            "eps_growth_year": null,
            "eps_4q": null,
            "eps_4q_growth_year": null,
            "roe": null,
            "roe_4q": 0,
            "gross_profit": null,
            "gross_margin": null,
            "gross_margin_4q_avg": 0,
            "net_income": null,
            "net_income_4q": null,
            "revenue": null,
            "revenue_4q": null,
            "common_shares": null,
            "book_valuer_per_share": null,
            "book_valuer_per_share_4q_avg": 0,
            "equity": null,
            "current_ratio": null,
            "debt_ratio": null,
            "inventory_turnover_ratio": null,
            "account_receivable_turnover_ratio": null,
            "reinvestment_rate": null,
            "research_to_sale_ratio": null,
            "price_fair": 0,
            "eps_avg_yearly": 0,
            "eps_latest_yearly": 0,
            "eps_growth_yearly": 0
        },
        "20072": {
            "year_quarter": 20072,
            "year": 2007,
            "quarter": 2,
            "eps": null,
            "eps_growth_year": null,
            "eps_4q": null,
            "eps_4q_growth_year": null,
            "roe": null,
            "roe_4q": 0,
            "gross_profit": null,
            "gross_margin": null,
            "gross_margin_4q_avg": 0,
            "net_income": null,
            "net_income_4q": null,
            "revenue": null,
            "revenue_4q": null,
            "common_shares": null,
            "book_valuer_per_share": null,
            "book_valuer_per_share_4q_avg": 0,
            "equity": null,
            "current_ratio": null,
            "debt_ratio": null,
            "inventory_turnover_ratio": null,
            "account_receivable_turnover_ratio": null,
            "reinvestment_rate": null,
            "research_to_sale_ratio": null,
            "price_fair": 0,
            "eps_avg_yearly": 0,
            "eps_latest_yearly": 0,
            "eps_growth_yearly": 0
        },
        "20073": {
            "year_quarter": 20073,
            "year": 2007,
            "quarter": 3,
            "eps": null,
            "eps_growth_year": null,
            "eps_4q": null,
            "eps_4q_growth_year": null,
            "roe": null,
            "roe_4q": 0,
            "gross_profit": null,
            "gross_margin": null,
            "gross_margin_4q_avg": 0,
            "net_income": null,
            "net_income_4q": null,
            "revenue": null,
            "revenue_4q": null,
            "common_shares": null,
            "book_valuer_per_share": null,
            "book_valuer_per_share_4q_avg": 0,
            "equity": null,
            "current_ratio": null,
            "debt_ratio": null,
            "inventory_turnover_ratio": null,
            "account_receivable_turnover_ratio": null,
            "reinvestment_rate": null,
            "research_to_sale_ratio": null,
            "price_fair": 0,
            "eps_avg_yearly": 0,
            "eps_latest_yearly": 0,
            "eps_growth_yearly": 0
        },
        "20074": {
            "year_quarter": 20074,
            "year": 2007,
            "quarter": 4,
            "eps": null,
            "eps_growth_year": null,
            "eps_4q": null,
            "eps_4q_growth_year": null,
            "roe": null,
            "roe_4q": 0,
            "gross_profit": null,
            "gross_margin": null,
            "gross_margin_4q_avg": 0,
            "net_income": null,
            "net_income_4q": null,
            "revenue": null,
            "revenue_4q": null,
            "common_shares": null,
            "book_valuer_per_share": null,
            "book_valuer_per_share_4q_avg": 0,
            "equity": null,
            "current_ratio": null,
            "debt_ratio": null,
            "inventory_turnover_ratio": null,
            "account_receivable_turnover_ratio": null,
            "reinvestment_rate": null,
            "research_to_sale_ratio": null,
            "price_fair": 0,
            "eps_avg_yearly": 0,
            "eps_latest_yearly": 0,
            "eps_growth_yearly": 0
        },
        "20081": {
            "year_quarter": 20081,
            "year": 2008,
            "quarter": 1,
            "eps": null,
            "eps_growth_year": null,
            "eps_4q": null,
            "eps_4q_growth_year": null,
            "roe": null,
            "roe_4q": 0,
            "gross_profit": null,
            "gross_margin": null,
            "gross_margin_4q_avg": 0,
            "net_income": null,
            "net_income_4q": null,
            "revenue": null,
            "revenue_4q": null,
            "common_shares": null,
            "book_valuer_per_share": null,
            "book_valuer_per_share_4q_avg": 0,
            "equity": null,
            "current_ratio": null,
            "debt_ratio": null,
            "inventory_turnover_ratio": null,
            "account_receivable_turnover_ratio": null,
            "reinvestment_rate": null,
            "research_to_sale_ratio": null,
            "price_fair": 0,
            "eps_avg_yearly": 0,
            "eps_latest_yearly": 0,
            "eps_growth_yearly": 0
        },
        "20082": {
            "year_quarter": 20082,
            "year": 2008,
            "quarter": 2,
            "eps": null,
            "eps_growth_year": null,
            "eps_4q": null,
            "eps_4q_growth_year": null,
            "roe": null,
            "roe_4q": 0,
            "gross_profit": null,
            "gross_margin": null,
            "gross_margin_4q_avg": 0,
            "net_income": null,
            "net_income_4q": null,
            "revenue": null,
            "revenue_4q": null,
            "common_shares": null,
            "book_valuer_per_share": null,
            "book_valuer_per_share_4q_avg": 0,
            "equity": null,
            "current_ratio": null,
            "debt_ratio": null,
            "inventory_turnover_ratio": null,
            "account_receivable_turnover_ratio": null,
            "reinvestment_rate": null,
            "research_to_sale_ratio": null,
            "price_fair": 0,
            "eps_avg_yearly": 0,
            "eps_latest_yearly": 0,
            "eps_growth_yearly": 0
        },
        "20083": {
            "year_quarter": 20083,
            "year": 2008,
            "quarter": 3,
            "eps": null,
            "eps_growth_year": null,
            "eps_4q": null,
            "eps_4q_growth_year": null,
            "roe": null,
            "roe_4q": 0,
            "gross_profit": null,
            "gross_margin": null,
            "gross_margin_4q_avg": 0,
            "net_income": null,
            "net_income_4q": null,
            "revenue": null,
            "revenue_4q": null,
            "common_shares": null,
            "book_valuer_per_share": null,
            "book_valuer_per_share_4q_avg": 0,
            "equity": null,
            "current_ratio": null,
            "debt_ratio": null,
            "inventory_turnover_ratio": null,
            "account_receivable_turnover_ratio": null,
            "reinvestment_rate": null,
            "research_to_sale_ratio": null,
            "price_fair": 0,
            "eps_avg_yearly": 0,
            "eps_latest_yearly": 0,
            "eps_growth_yearly": 0
        },
        "20084": {
            "year_quarter": 20084,
            "year": 2008,
            "quarter": 4,
            "eps": null,
            "eps_growth_year": null,
            "eps_4q": null,
            "eps_4q_growth_year": null,
            "roe": null,
            "roe_4q": 0,
            "gross_profit": null,
            "gross_margin": null,
            "gross_margin_4q_avg": 0,
            "net_income": null,
            "net_income_4q": null,
            "revenue": null,
            "revenue_4q": null,
            "common_shares": 5257982,
            "book_valuer_per_share": null,
            "book_valuer_per_share_4q_avg": 0,
            "equity": 9355294,
            "current_ratio": null,
            "debt_ratio": null,
            "inventory_turnover_ratio": null,
            "account_receivable_turnover_ratio": null,
            "reinvestment_rate": null,
            "research_to_sale_ratio": null,
            "price_fair": 0,
            "eps_avg_yearly": 0,
            "eps_latest_yearly": 0,
            "eps_growth_yearly": 0
        },
        "20091": {
            "year_quarter": 20091,
            "year": 2009,
            "quarter": 1,
            "eps": null,
            "eps_growth_year": null,
            "eps_4q": null,
            "eps_4q_growth_year": null,
            "roe": null,
            "roe_4q": 0,
            "gross_profit": null,
            "gross_margin": null,
            "gross_margin_4q_avg": 0,
            "net_income": -99111,
            "net_income_4q": null,
            "revenue": 344732,
            "revenue_4q": null,
            "common_shares": 5257982,
            "book_valuer_per_share": null,
            "book_valuer_per_share_4q_avg": 0,
            "equity": 9242140,
            "current_ratio": null,
            "debt_ratio": null,
            "inventory_turnover_ratio": null,
            "account_receivable_turnover_ratio": null,
            "reinvestment_rate": null,
            "research_to_sale_ratio": null,
            "price_fair": 0,
            "eps_avg_yearly": 0,
            "eps_latest_yearly": 0,
            "eps_growth_yearly": 0
        },
        "20092": {
            "year_quarter": 20092,
            "year": 2009,
            "quarter": 2,
            "eps": null,
            "eps_growth_year": null,
            "eps_4q": null,
            "eps_4q_growth_year": null,
            "roe": null,
            "roe_4q": 0,
            "gross_profit": null,
            "gross_margin": null,
            "gross_margin_4q_avg": 0,
            "net_income": -57275,
            "net_income_4q": null,
            "revenue": 452782,
            "revenue_4q": null,
            "common_shares": 5257982,
            "book_valuer_per_share": null,
            "book_valuer_per_share_4q_avg": 0,
            "equity": 9212229,
            "current_ratio": null,
            "debt_ratio": null,
            "inventory_turnover_ratio": null,
            "account_receivable_turnover_ratio": null,
            "reinvestment_rate": null,
            "research_to_sale_ratio": null,
            "price_fair": 0,
            "eps_avg_yearly": 0,
            "eps_latest_yearly": 0,
            "eps_growth_yearly": 0
        },
        "20093": {
            "year_quarter": 20093,
            "year": 2009,
            "quarter": 3,
            "eps": null,
            "eps_growth_year": null,
            "eps_4q": null,
            "eps_4q_growth_year": null,
            "roe": null,
            "roe_4q": 0,
            "gross_profit": null,
            "gross_margin": null,
            "gross_margin_4q_avg": 0,
            "net_income": 71148,
            "net_income_4q": null,
            "revenue": 542723,
            "revenue_4q": null,
            "common_shares": 5257982,
            "book_valuer_per_share": null,
            "book_valuer_per_share_4q_avg": 0,
            "equity": 9313073,
            "current_ratio": null,
            "debt_ratio": null,
            "inventory_turnover_ratio": null,
            "account_receivable_turnover_ratio": null,
            "reinvestment_rate": null,
            "research_to_sale_ratio": null,
            "price_fair": 0,
            "eps_avg_yearly": 0,
            "eps_latest_yearly": 0,
            "eps_growth_yearly": 0
        },
        "20094": {
            "year_quarter": 20094,
            "year": 2009,
            "quarter": 4,
            "eps": null,
            "eps_growth_year": null,
            "eps_4q": null,
            "eps_4q_growth_year": null,
            "roe": null,
            "roe_4q": 0,
            "gross_profit": null,
            "gross_margin": null,
            "gross_margin_4q_avg": 0,
            "net_income": 161654,
            "net_income_4q": null,
            "revenue": 495086,
            "revenue_4q": null,
            "common_shares": 5257982,
            "book_valuer_per_share": 17.94,
            "book_valuer_per_share_4q_avg": 4.49,
            "equity": 9433555,
            "current_ratio": null,
            "debt_ratio": 94.93,
            "inventory_turnover_ratio": null,
            "account_receivable_turnover_ratio": null,
            "reinvestment_rate": null,
            "research_to_sale_ratio": null,
            "price_fair": 0,
            "eps_avg_yearly": 0,
            "eps_latest_yearly": 0,
            "eps_growth_yearly": 0
        },
        "20101": {
            "year_quarter": 20101,
            "year": 2010,
            "quarter": 1,
            "eps": 0.14,
            "eps_growth_year": null,
            "eps_4q": 0.14,
            "eps_4q_growth_year": null,
            "roe": 0.78,
            "roe_4q": 0.78,
            "gross_profit": null,
            "gross_margin": null,
            "gross_margin_4q_avg": 0,
            "net_income": 73842,
            "net_income_4q": null,
            "revenue": 578729,
            "revenue_4q": null,
            "common_shares": 5257982,
            "book_valuer_per_share": 18.12,
            "book_valuer_per_share_4q_avg": 9.02,
            "equity": 9528459,
            "current_ratio": null,
            "debt_ratio": 95.09,
            "inventory_turnover_ratio": null,
            "account_receivable_turnover_ratio": null,
            "reinvestment_rate": null,
            "research_to_sale_ratio": null,
            "price_fair": 0,
            "eps_avg_yearly": 0,
            "eps_latest_yearly": 0,
            "eps_growth_yearly": 0
        },
        "20102": {
            "year_quarter": 20102,
            "year": 2010,
            "quarter": 2,
            "eps": 0.07,
            "eps_growth_year": null,
            "eps_4q": 0.21,
            "eps_4q_growth_year": null,
            "roe": 0.37,
            "roe_4q": 1.15,
            "gross_profit": null,
            "gross_margin": null,
            "gross_margin_4q_avg": 0,
            "net_income": 35630,
            "net_income_4q": null,
            "revenue": 600482,
            "revenue_4q": null,
            "common_shares": 5257982,
            "book_valuer_per_share": 18.23,
            "book_valuer_per_share_4q_avg": 13.57,
            "equity": 9584776,
            "current_ratio": null,
            "debt_ratio": 95.16,
            "inventory_turnover_ratio": null,
            "account_receivable_turnover_ratio": null,
            "reinvestment_rate": null,
            "research_to_sale_ratio": null,
            "price_fair": 0.84,
            "eps_avg_yearly": 0.28,
            "eps_latest_yearly": 0.28,
            "eps_growth_yearly": -200
        },
        "20103": {
            "year_quarter": 20103,
            "year": 2010,
            "quarter": 3,
            "eps": 0.13,
            "eps_growth_year": null,
            "eps_4q": 0.34,
            "eps_4q_growth_year": null,
            "roe": 0.72,
            "roe_4q": 1.8699999999999999,
            "gross_profit": null,
            "gross_margin": null,
            "gross_margin_4q_avg": 0,
            "net_income": 69181,
            "net_income_4q": null,
            "revenue": 654794,
            "revenue_4q": null,
            "common_shares": 5257982,
            "book_valuer_per_share": 18.42,
            "book_valuer_per_share_4q_avg": 18.18,
            "equity": 9685572,
            "current_ratio": null,
            "debt_ratio": 95.22,
            "inventory_turnover_ratio": null,
            "account_receivable_turnover_ratio": null,
            "reinvestment_rate": null,
            "research_to_sale_ratio": null,
            "price_fair": 14,
            "eps_avg_yearly": 0.4,
            "eps_latest_yearly": 0.52,
            "eps_growth_yearly": 71.43
        },
        "20104": {
            "year_quarter": 20104,
            "year": 2010,
            "quarter": 4,
            "eps": -0.1,
            "eps_growth_year": null,
            "eps_4q": 0.24,
            "eps_4q_growth_year": null,
            "roe": -0.54,
            "roe_4q": 1.33,
            "gross_profit": null,
            "gross_margin": null,
            "gross_margin_4q_avg": 0,
            "net_income": -51559,
            "net_income_4q": null,
            "revenue": 517466,
            "revenue_4q": null,
            "common_shares": 5257982,
            "book_valuer_per_share": 18.18,
            "book_valuer_per_share_4q_avg": 18.24,
            "equity": 9559072,
            "current_ratio": null,
            "debt_ratio": 95.55,
            "inventory_turnover_ratio": null,
            "account_receivable_turnover_ratio": null,
            "reinvestment_rate": null,
            "research_to_sale_ratio": null,
            "price_fair": 14,
            "eps_avg_yearly": 0.4,
            "eps_latest_yearly": 0.52,
            "eps_growth_yearly": 71.43
        },
        "20111": {
            "year_quarter": 20111,
            "year": 2011,
            "quarter": 1,
            "eps": -1.41,
            "eps_growth_year": -1107.14,
            "eps_4q": -1.31,
            "eps_4q_growth_year": -1033.12,
            "roe": -8.06,
            "roe_4q": -7.510000000000002,
            "gross_profit": null,
            "gross_margin": null,
            "gross_margin_4q_avg": 0,
            "net_income": -742289,
            "net_income_4q": null,
            "revenue": 601340,
            "revenue_4q": null,
            "common_shares": 5257982,
            "book_valuer_per_share": 16.84,
            "book_valuer_per_share_4q_avg": 17.92,
            "equity": 8852182,
            "current_ratio": null,
            "debt_ratio": 95.88,
            "inventory_turnover_ratio": null,
            "account_receivable_turnover_ratio": null,
            "reinvestment_rate": null,
            "research_to_sale_ratio": null,
            "price_fair": 14,
            "eps_avg_yearly": 0.4,
            "eps_latest_yearly": 0.52,
            "eps_growth_yearly": 71.43
        },
        "20112": {
            "year_quarter": 20112,
            "year": 2011,
            "quarter": 2,
            "eps": 0.22,
            "eps_growth_year": 222.9,
            "eps_4q": -1.02,
            "eps_4q_growth_year": -587.9,
            "roe": 1.44,
            "roe_4q": -6.440000000000001,
            "gross_profit": null,
            "gross_margin": null,
            "gross_margin_4q_avg": 0,
            "net_income": 128432,
            "net_income_4q": null,
            "revenue": 535162,
            "revenue_4q": null,
            "common_shares": 5257982,
            "book_valuer_per_share": 17.1,
            "book_valuer_per_share_4q_avg": 17.64,
            "equity": 8993513,
            "current_ratio": null,
            "debt_ratio": 95.79,
            "inventory_turnover_ratio": null,
            "account_receivable_turnover_ratio": null,
            "reinvestment_rate": null,
            "research_to_sale_ratio": null,
            "price_fair": 14,
            "eps_avg_yearly": 0.4,
            "eps_latest_yearly": 0.52,
            "eps_growth_yearly": 71.43
        },
        "20113": {
            "year_quarter": 20113,
            "year": 2011,
            "quarter": 3,
            "eps": 0.34,
            "eps_growth_year": 157.14,
            "eps_4q": -0.8,
            "eps_4q_growth_year": -334.09,
            "roe": 2.19,
            "roe_4q": -4.970000000000001,
            "gross_profit": null,
            "gross_margin": null,
            "gross_margin_4q_avg": 0,
            "net_income": 198579,
            "net_income_4q": null,
            "revenue": 704105,
            "revenue_4q": null,
            "common_shares": 5869476,
            "book_valuer_per_share": 15.62,
            "book_valuer_per_share_4q_avg": 16.94,
            "equity": 9167935,
            "current_ratio": null,
            "debt_ratio": 95.78,
            "inventory_turnover_ratio": null,
            "account_receivable_turnover_ratio": null,
            "reinvestment_rate": null,
            "research_to_sale_ratio": null,
            "price_fair": 25.2,
            "eps_avg_yearly": 0.72,
            "eps_latest_yearly": 1.36,
            "eps_growth_yearly": 120.35
        },
        "20114": {
            "year_quarter": 20114,
            "year": 2011,
            "quarter": 4,
            "eps": -0.03,
            "eps_growth_year": null,
            "eps_4q": -0.61,
            "eps_4q_growth_year": -353.59,
            "roe": -0.18,
            "roe_4q": -4.610000000000001,
            "gross_profit": null,
            "gross_margin": null,
            "gross_margin_4q_avg": 0,
            "net_income": -18065,
            "net_income_4q": null,
            "revenue": 490919,
            "revenue_4q": null,
            "common_shares": 7069476,
            "book_valuer_per_share": 14.66,
            "book_valuer_per_share_4q_avg": 16.06,
            "equity": 10363232,
            "current_ratio": null,
            "debt_ratio": 95.37,
            "inventory_turnover_ratio": null,
            "account_receivable_turnover_ratio": null,
            "reinvestment_rate": null,
            "research_to_sale_ratio": null,
            "price_fair": 25.2,
            "eps_avg_yearly": 0.72,
            "eps_latest_yearly": 1.36,
            "eps_growth_yearly": 120.35
        },
        "20121": {
            "year_quarter": 20121,
            "year": 2012,
            "quarter": 1,
            "eps": 0.17,
            "eps_growth_year": null,
            "eps_4q": 0.61,
            "eps_4q_growth_year": null,
            "roe": 1.17,
            "roe_4q": 4.619999999999999,
            "gross_profit": null,
            "gross_margin": null,
            "gross_margin_4q_avg": 0,
            "net_income": 122055,
            "net_income_4q": null,
            "revenue": 659279,
            "revenue_4q": null,
            "common_shares": 7069476,
            "book_valuer_per_share": 14.87,
            "book_valuer_per_share_4q_avg": 15.56,
            "equity": 10511013,
            "current_ratio": null,
            "debt_ratio": 95.19,
            "inventory_turnover_ratio": null,
            "account_receivable_turnover_ratio": null,
            "reinvestment_rate": null,
            "research_to_sale_ratio": null,
            "price_fair": 25.2,
            "eps_avg_yearly": 0.72,
            "eps_latest_yearly": 1.36,
            "eps_growth_yearly": 120.35
        },
        "20122": {
            "year_quarter": 20122,
            "year": 2012,
            "quarter": 2,
            "eps": 0.13,
            "eps_growth_year": -38.7,
            "eps_4q": 0.56,
            "eps_4q_growth_year": null,
            "roe": 0.9,
            "roe_4q": 4.08,
            "gross_profit": null,
            "gross_margin": null,
            "gross_margin_4q_avg": 0,
            "net_income": 94820,
            "net_income_4q": null,
            "revenue": 774121,
            "revenue_4q": null,
            "common_shares": 7069476,
            "book_valuer_per_share": 15.03,
            "book_valuer_per_share_4q_avg": 15.05,
            "equity": 10622674,
            "current_ratio": null,
            "debt_ratio": 95.15,
            "inventory_turnover_ratio": null,
            "account_receivable_turnover_ratio": null,
            "reinvestment_rate": null,
            "research_to_sale_ratio": null,
            "price_fair": 23.45,
            "eps_avg_yearly": 0.67,
            "eps_latest_yearly": 0.52,
            "eps_growth_yearly": 66.73
        },
        "20123": {
            "year_quarter": 20123,
            "year": 2012,
            "quarter": 3,
            "eps": 0.13,
            "eps_growth_year": -62.49,
            "eps_4q": 0.41,
            "eps_4q_growth_year": null,
            "roe": 0.84,
            "roe_4q": 2.73,
            "gross_profit": null,
            "gross_margin": null,
            "gross_margin_4q_avg": 0,
            "net_income": 89719,
            "net_income_4q": null,
            "revenue": 723393,
            "revenue_4q": null,
            "common_shares": 7069476,
            "book_valuer_per_share": 15.33,
            "book_valuer_per_share_4q_avg": 14.97,
            "equity": 10836929,
            "current_ratio": null,
            "debt_ratio": 94.96,
            "inventory_turnover_ratio": null,
            "account_receivable_turnover_ratio": null,
            "reinvestment_rate": null,
            "research_to_sale_ratio": null,
            "price_fair": 22.4,
            "eps_avg_yearly": 0.64,
            "eps_latest_yearly": 0.52,
            "eps_growth_yearly": 53.38
        },
        "20124": {
            "year_quarter": 20124,
            "year": 2012,
            "quarter": 4,
            "eps": 0.11,
            "eps_growth_year": null,
            "eps_4q": 0.55,
            "eps_4q_growth_year": null,
            "roe": 0.73,
            "roe_4q": 3.6399999999999997,
            "gross_profit": null,
            "gross_margin": null,
            "gross_margin_4q_avg": 0,
            "net_income": 79608,
            "net_income_4q": null,
            "revenue": 848590,
            "revenue_4q": null,
            "common_shares": 7069476,
            "book_valuer_per_share": 15.43,
            "book_valuer_per_share_4q_avg": 15.17,
            "equity": 10906185,
            "current_ratio": null,
            "debt_ratio": 95.07,
            "inventory_turnover_ratio": null,
            "account_receivable_turnover_ratio": null,
            "reinvestment_rate": -84.22,
            "research_to_sale_ratio": null,
            "price_fair": 21.23,
            "eps_avg_yearly": 0.61,
            "eps_latest_yearly": 0.44,
            "eps_growth_yearly": 34.23
        },
        "20131": {
            "year_quarter": 20131,
            "year": 2013,
            "quarter": 1,
            "eps": 0.16,
            "eps_growth_year": -5.88,
            "eps_4q": 0.53,
            "eps_4q_growth_year": -13.03,
            "roe": 1.03,
            "roe_4q": 3.5,
            "gross_profit": null,
            "gross_margin": null,
            "gross_margin_4q_avg": 0,
            "net_income": 110709,
            "net_income_4q": null,
            "revenue": 700000,
            "revenue_4q": null,
            "common_shares": 7069476,
            "book_valuer_per_share": 14.98,
            "book_valuer_per_share_4q_avg": 15.19,
            "equity": 10593447,
            "current_ratio": null,
            "debt_ratio": 95.17,
            "inventory_turnover_ratio": null,
            "account_receivable_turnover_ratio": null,
            "reinvestment_rate": 115.65,
            "research_to_sale_ratio": null,
            "price_fair": 21.4,
            "eps_avg_yearly": 0.61,
            "eps_latest_yearly": 0.64,
            "eps_growth_yearly": 55.31
        },
        "20132": {
            "year_quarter": 20132,
            "year": 2013,
            "quarter": 2,
            "eps": 0.11,
            "eps_growth_year": -17.99,
            "eps_4q": 0.5,
            "eps_4q_growth_year": -10.57,
            "roe": 0.78,
            "roe_4q": 3.38,
            "gross_profit": null,
            "gross_margin": null,
            "gross_margin_4q_avg": 0,
            "net_income": 82456,
            "net_income_4q": null,
            "revenue": 786996,
            "revenue_4q": null,
            "common_shares": 7069476,
            "book_valuer_per_share": 14.86,
            "book_valuer_per_share_4q_avg": 15.15,
            "equity": 10505427,
            "current_ratio": null,
            "debt_ratio": 95.28,
            "inventory_turnover_ratio": null,
            "account_receivable_turnover_ratio": null,
            "reinvestment_rate": 88.61,
            "research_to_sale_ratio": null,
            "price_fair": 20.65,
            "eps_avg_yearly": 0.59,
            "eps_latest_yearly": 0.44,
            "eps_growth_yearly": 32.78
        },
        "20133": {
            "year_quarter": 20133,
            "year": 2013,
            "quarter": 3,
            "eps": 0.15,
            "eps_growth_year": 18.19,
            "eps_4q": 0.53,
            "eps_4q_growth_year": 29.36,
            "roe": 1.02,
            "roe_4q": 3.56,
            "gross_profit": null,
            "gross_margin": null,
            "gross_margin_4q_avg": 0,
            "net_income": 107928,
            "net_income_4q": null,
            "revenue": 725970,
            "revenue_4q": null,
            "common_shares": 7210492,
            "book_valuer_per_share": 14.77,
            "book_valuer_per_share_4q_avg": 15.01,
            "equity": 10652935,
            "current_ratio": null,
            "debt_ratio": 95.35,
            "inventory_turnover_ratio": null,
            "account_receivable_turnover_ratio": null,
            "reinvestment_rate": 83.59,
            "research_to_sale_ratio": null,
            "price_fair": 20.69,
            "eps_avg_yearly": 0.59,
            "eps_latest_yearly": 0.6,
            "eps_growth_yearly": 45.3
        },
        "20134": {
            "year_quarter": 20134,
            "year": 2013,
            "quarter": 4,
            "eps": 0.16,
            "eps_growth_year": 45.34,
            "eps_4q": 0.58,
            "eps_4q_growth_year": 6.4,
            "roe": 1.1,
            "roe_4q": 3.9300000000000006,
            "gross_profit": null,
            "gross_margin": null,
            "gross_margin_4q_avg": 0,
            "net_income": 118012,
            "net_income_4q": null,
            "revenue": 724299,
            "revenue_4q": null,
            "common_shares": 7210492,
            "book_valuer_per_share": 14.91,
            "book_valuer_per_share_4q_avg": 14.88,
            "equity": 10749042,
            "current_ratio": null,
            "debt_ratio": 95.41,
            "inventory_turnover_ratio": null,
            "account_receivable_turnover_ratio": null,
            "reinvestment_rate": 83,
            "research_to_sale_ratio": null,
            "price_fair": 20.86,
            "eps_avg_yearly": 0.6,
            "eps_latest_yearly": 0.64,
            "eps_growth_yearly": 43.43
        },
        "20141": {
            "year_quarter": 20141,
            "year": 2014,
            "quarter": 1,
            "eps": 0.19,
            "eps_growth_year": 18.75,
            "eps_4q": 0.61,
            "eps_4q_growth_year": 15.91,
            "roe": 1.24,
            "roe_4q": 4.14,
            "gross_profit": null,
            "gross_margin": null,
            "gross_margin_4q_avg": 0,
            "net_income": 134782,
            "net_income_4q": null,
            "revenue": 770874,
            "revenue_4q": null,
            "common_shares": 7210492,
            "book_valuer_per_share": 15.13,
            "book_valuer_per_share_4q_avg": 14.92,
            "equity": 10910921,
            "current_ratio": null,
            "debt_ratio": 95.38,
            "inventory_turnover_ratio": null,
            "account_receivable_turnover_ratio": null,
            "reinvestment_rate": 82.81,
            "research_to_sale_ratio": null,
            "price_fair": 21.38,
            "eps_avg_yearly": 0.61,
            "eps_latest_yearly": 0.76,
            "eps_growth_yearly": 46.3
        },
        "20142": {
            "year_quarter": 20142,
            "year": 2014,
            "quarter": 2,
            "eps": 0.1,
            "eps_growth_year": -9.09,
            "eps_4q": 0.59,
            "eps_4q_growth_year": 17.52,
            "roe": 0.7,
            "roe_4q": 4.0600000000000005,
            "gross_profit": null,
            "gross_margin": null,
            "gross_margin_4q_avg": 0,
            "net_income": 76701,
            "net_income_4q": null,
            "revenue": 876951,
            "revenue_4q": null,
            "common_shares": 7210492,
            "book_valuer_per_share": 15.26,
            "book_valuer_per_share_4q_avg": 15.02,
            "equity": 11002736,
            "current_ratio": null,
            "debt_ratio": 95.58,
            "inventory_turnover_ratio": null,
            "account_receivable_turnover_ratio": null,
            "reinvestment_rate": 79.53,
            "research_to_sale_ratio": null,
            "price_fair": 21.76,
            "eps_avg_yearly": 0.62,
            "eps_latest_yearly": 0.4,
            "eps_growth_yearly": 47.26
        },
        "20143": {
            "year_quarter": 20143,
            "year": 2014,
            "quarter": 3,
            "eps": 0.19,
            "eps_growth_year": 26.67,
            "eps_4q": 0.64,
            "eps_4q_growth_year": 20.91,
            "roe": 1.29,
            "roe_4q": 4.33,
            "gross_profit": null,
            "gross_margin": null,
            "gross_margin_4q_avg": 0,
            "net_income": 143124,
            "net_income_4q": null,
            "revenue": 821596,
            "revenue_4q": null,
            "common_shares": 7403514,
            "book_valuer_per_share": 15.04,
            "book_valuer_per_share_4q_avg": 15.09,
            "equity": 11132906,
            "current_ratio": null,
            "debt_ratio": 95.7,
            "inventory_turnover_ratio": null,
            "account_receivable_turnover_ratio": null,
            "reinvestment_rate": 72.48,
            "research_to_sale_ratio": null,
            "price_fair": 22.53,
            "eps_avg_yearly": 0.64,
            "eps_latest_yearly": 0.76,
            "eps_growth_yearly": 48.82
        },
        "20144": {
            "year_quarter": 20144,
            "year": 2014,
            "quarter": 4,
            "eps": 0.21,
            "eps_growth_year": 28.15,
            "eps_4q": 0.69,
            "eps_4q_growth_year": 18.49,
            "roe": 1.38,
            "roe_4q": 4.61,
            "gross_profit": null,
            "gross_margin": null,
            "gross_margin_4q_avg": 0,
            "net_income": 155284,
            "net_income_4q": null,
            "revenue": 930598,
            "revenue_4q": null,
            "common_shares": 7403514,
            "book_valuer_per_share": 15.3,
            "book_valuer_per_share_4q_avg": 15.18,
            "equity": 11330722,
            "current_ratio": null,
            "debt_ratio": 95.79,
            "inventory_turnover_ratio": null,
            "account_receivable_turnover_ratio": null,
            "reinvestment_rate": 77.87,
            "research_to_sale_ratio": null,
            "price_fair": 23.1,
            "eps_avg_yearly": 0.66,
            "eps_latest_yearly": 0.84,
            "eps_growth_yearly": 48.26
        },
        "20151": {
            "year_quarter": 20151,
            "year": 2015,
            "quarter": 1,
            "eps": 0.22,
            "eps_growth_year": 15.79,
            "eps_4q": 0.73,
            "eps_4q_growth_year": 18.95,
            "roe": 1.46,
            "roe_4q": 4.83,
            "gross_profit": null,
            "gross_margin": null,
            "gross_margin_4q_avg": 0,
            "net_income": 166144,
            "net_income_4q": null,
            "revenue": 841695,
            "revenue_4q": null,
            "common_shares": 7403514,
            "book_valuer_per_share": 15.53,
            "book_valuer_per_share_4q_avg": 15.28,
            "equity": 11497770,
            "current_ratio": null,
            "debt_ratio": 95.69,
            "inventory_turnover_ratio": null,
            "account_receivable_turnover_ratio": null,
            "reinvestment_rate": 38.3,
            "research_to_sale_ratio": null,
            "price_fair": 23.69,
            "eps_avg_yearly": 0.68,
            "eps_latest_yearly": 0.88,
            "eps_growth_yearly": 46.01
        },
        "20152": {
            "year_quarter": 20152,
            "year": 2015,
            "quarter": 2,
            "eps": 0.19,
            "eps_growth_year": 90,
            "eps_4q": 0.78,
            "eps_4q_growth_year": 32.44,
            "roe": 1.25,
            "roe_4q": 5.38,
            "gross_profit": null,
            "gross_margin": null,
            "gross_margin_4q_avg": 0,
            "net_income": 144888,
            "net_income_4q": null,
            "revenue": 851800,
            "revenue_4q": null,
            "common_shares": 7403514,
            "book_valuer_per_share": 15.73,
            "book_valuer_per_share_4q_avg": 15.4,
            "equity": 11647412,
            "current_ratio": null,
            "debt_ratio": 95.55,
            "inventory_turnover_ratio": null,
            "account_receivable_turnover_ratio": null,
            "reinvestment_rate": 39.35,
            "research_to_sale_ratio": null,
            "price_fair": 23.9,
            "eps_avg_yearly": 0.68,
            "eps_latest_yearly": 0.76,
            "eps_growth_yearly": 38.83
        },
        "20153": {
            "year_quarter": 20153,
            "year": 2015,
            "quarter": 3,
            "eps": 0.21,
            "eps_growth_year": 10.53,
            "eps_4q": 0.8,
            "eps_4q_growth_year": 26.09,
            "roe": 1.37,
            "roe_4q": 5.46,
            "gross_profit": null,
            "gross_margin": null,
            "gross_margin_4q_avg": 0,
            "net_income": 160590,
            "net_income_4q": null,
            "revenue": 812687,
            "revenue_4q": null,
            "common_shares": 7788659,
            "book_valuer_per_share": 15.16,
            "book_valuer_per_share_4q_avg": 15.43,
            "equity": 11805013,
            "current_ratio": null,
            "debt_ratio": 95.57,
            "inventory_turnover_ratio": null,
            "account_receivable_turnover_ratio": null,
            "reinvestment_rate": 39.45,
            "research_to_sale_ratio": null,
            "price_fair": 22.6,
            "eps_avg_yearly": 0.65,
            "eps_latest_yearly": 0.84,
            "eps_growth_yearly": 26.25
        },
        "20154": {
            "year_quarter": 20154,
            "year": 2015,
            "quarter": 4,
            "eps": 0.15,
            "eps_growth_year": -26.72,
            "eps_4q": 0.76,
            "eps_4q_growth_year": 10.24,
            "roe": 1.01,
            "roe_4q": 5.09,
            "gross_profit": null,
            "gross_margin": null,
            "gross_margin_4q_avg": 0,
            "net_income": 119709,
            "net_income_4q": null,
            "revenue": 808422,
            "revenue_4q": null,
            "common_shares": 7788659,
            "book_valuer_per_share": 15.28,
            "book_valuer_per_share_4q_avg": 15.43,
            "equity": 11901743,
            "current_ratio": null,
            "debt_ratio": 95.48,
            "inventory_turnover_ratio": null,
            "account_receivable_turnover_ratio": null,
            "reinvestment_rate": 35.66,
            "research_to_sale_ratio": null,
            "price_fair": 17.28,
            "eps_avg_yearly": 0.64,
            "eps_latest_yearly": 0.6,
            "eps_growth_yearly": 16.88
        },
        "20161": {
            "year_quarter": 20161,
            "year": 2016,
            "quarter": 1,
            "eps": 0.21,
            "eps_growth_year": -4.55,
            "eps_4q": 0.76,
            "eps_4q_growth_year": 3.56,
            "roe": 1.37,
            "roe_4q": 5,
            "gross_profit": null,
            "gross_margin": null,
            "gross_margin_4q_avg": 0,
            "net_income": 164495,
            "net_income_4q": null,
            "revenue": 844476,
            "revenue_4q": null,
            "common_shares": 7788659,
            "book_valuer_per_share": 15.53,
            "book_valuer_per_share_4q_avg": 15.43,
            "equity": 12093219,
            "current_ratio": null,
            "debt_ratio": 95.19,
            "inventory_turnover_ratio": null,
            "account_receivable_turnover_ratio": null,
            "reinvestment_rate": 34.46,
            "research_to_sale_ratio": null,
            "price_fair": 22.93,
            "eps_avg_yearly": 0.66,
            "eps_latest_yearly": 0.84,
            "eps_growth_yearly": 25.83
        },
        "20162": {
            "year_quarter": 20162,
            "year": 2016,
            "quarter": 2,
            "eps": 0.2,
            "eps_growth_year": 5.26,
            "eps_4q": 0.73,
            "eps_4q_growth_year": -6.76,
            "roe": 1.28,
            "roe_4q": 5.03,
            "gross_profit": null,
            "gross_margin": null,
            "gross_margin_4q_avg": 0,
            "net_income": 155823,
            "net_income_4q": null,
            "revenue": 879211,
            "revenue_4q": null,
            "common_shares": 7788659,
            "book_valuer_per_share": 15.78,
            "book_valuer_per_share_4q_avg": 15.44,
            "equity": 12290284,
            "current_ratio": null,
            "debt_ratio": 95.1,
            "inventory_turnover_ratio": null,
            "account_receivable_turnover_ratio": null,
            "reinvestment_rate": 34.5,
            "research_to_sale_ratio": null,
            "price_fair": 23.54,
            "eps_avg_yearly": 0.67,
            "eps_latest_yearly": 0.8,
            "eps_growth_yearly": 30.52
        },
        "20163": {
            "year_quarter": 20163,
            "year": 2016,
            "quarter": 3,
            "eps": 0.21,
            "eps_growth_year": 0,
            "eps_4q": 0.74,
            "eps_4q_growth_year": -7.56,
            "roe": 1.39,
            "roe_4q": 5.05,
            "gross_profit": null,
            "gross_margin": null,
            "gross_margin_4q_avg": 0,
            "net_income": 172488,
            "net_income_4q": null,
            "revenue": 830689,
            "revenue_4q": null,
            "common_shares": 8232238,
            "book_valuer_per_share": 15.16,
            "book_valuer_per_share_4q_avg": 15.44,
            "equity": 12483506,
            "current_ratio": null,
            "debt_ratio": 95.12,
            "inventory_turnover_ratio": null,
            "account_receivable_turnover_ratio": null,
            "reinvestment_rate": 32.87,
            "research_to_sale_ratio": null,
            "price_fair": 24.24,
            "eps_avg_yearly": 0.69,
            "eps_latest_yearly": 0.84,
            "eps_growth_yearly": 31.77
        },
        "20164": {
            "year_quarter": 20164,
            "year": 2016,
            "quarter": 4,
            "eps": 0.19,
            "eps_growth_year": 22.9,
            "eps_4q": 0.79,
            "eps_4q_growth_year": 3.73,
            "roe": 1.25,
            "roe_4q": 5.29,
            "gross_profit": null,
            "gross_margin": null,
            "gross_margin_4q_avg": 0,
            "net_income": 155498,
            "net_income_4q": null,
            "revenue": 809252,
            "revenue_4q": null,
            "common_shares": 8232238,
            "book_valuer_per_share": 15.14,
            "book_valuer_per_share_4q_avg": 15.4,
            "equity": 12465034,
            "current_ratio": null,
            "debt_ratio": 95.13,
            "inventory_turnover_ratio": null,
            "account_receivable_turnover_ratio": null,
            "reinvestment_rate": 31.93,
            "research_to_sale_ratio": null,
            "price_fair": 24.94,
            "eps_avg_yearly": 0.71,
            "eps_latest_yearly": 0.76,
            "eps_growth_yearly": 33.23
        },
        "20171": {
            "year_quarter": 20171,
            "year": 2017,
            "quarter": 1,
            "eps": 0.22,
            "eps_growth_year": 4.76,
            "eps_4q": 0.67,
            "eps_4q_growth_year": -11.67,
            "roe": 1.39,
            "roe_4q": 5.31,
            "gross_profit": null,
            "gross_margin": null,
            "gross_margin_4q_avg": 0,
            "net_income": 187092,
            "net_income_4q": null,
            "revenue": 822406,
            "revenue_4q": null,
            "common_shares": 10032238,
            "book_valuer_per_share": 14.4,
            "book_valuer_per_share_4q_avg": 15.12,
            "equity": 14444217,
            "current_ratio": null,
            "debt_ratio": 94.18,
            "inventory_turnover_ratio": null,
            "account_receivable_turnover_ratio": null,
            "reinvestment_rate": 6.8,
            "research_to_sale_ratio": null,
            "price_fair": 25.46,
            "eps_avg_yearly": 0.73,
            "eps_latest_yearly": 0.88,
            "eps_growth_yearly": 25.82
        },
        "20172": {
            "year_quarter": 20172,
            "year": 2017,
            "quarter": 2,
            "eps": 0.19,
            "eps_growth_year": -5,
            "eps_4q": 0.69,
            "eps_4q_growth_year": -5.55,
            "roe": 1.24,
            "roe_4q": 5.27,
            "gross_profit": null,
            "gross_margin": null,
            "gross_margin_4q_avg": 0,
            "net_income": 176227,
            "net_income_4q": null,
            "revenue": 830920,
            "revenue_4q": null,
            "common_shares": 10032238,
            "book_valuer_per_share": 13.97,
            "book_valuer_per_share_4q_avg": 14.67,
            "equity": 14015326,
            "current_ratio": null,
            "debt_ratio": 94.3,
            "inventory_turnover_ratio": null,
            "account_receivable_turnover_ratio": null,
            "reinvestment_rate": 7.89,
            "research_to_sale_ratio": null,
            "price_fair": 26.16,
            "eps_avg_yearly": 0.75,
            "eps_latest_yearly": 0.76,
            "eps_growth_yearly": 30.22
        },
        "20173": {
            "year_quarter": 20173,
            "year": 2017,
            "quarter": 3,
            "eps": 0.18,
            "eps_growth_year": -14.29,
            "eps_4q": 0.68,
            "eps_4q_growth_year": -7.99,
            "roe": 1.19,
            "roe_4q": 5.069999999999999,
            "gross_profit": null,
            "gross_margin": null,
            "gross_margin_4q_avg": 0,
            "net_income": 167985,
            "net_income_4q": null,
            "revenue": 802108,
            "revenue_4q": null,
            "common_shares": 10032238,
            "book_valuer_per_share": 14.13,
            "book_valuer_per_share_4q_avg": 14.41,
            "equity": 14177724,
            "current_ratio": null,
            "debt_ratio": 94.42,
            "inventory_turnover_ratio": null,
            "account_receivable_turnover_ratio": null,
            "reinvestment_rate": 7.87,
            "research_to_sale_ratio": null,
            "price_fair": 22.51,
            "eps_avg_yearly": 0.76,
            "eps_latest_yearly": 0.72,
            "eps_growth_yearly": 19.81
        },
        "20174": {
            "year_quarter": 20174,
            "year": 2017,
            "quarter": 4,
            "eps": -0.08,
            "eps_growth_year": -141.63,
            "eps_4q": 0.45,
            "eps_4q_growth_year": -42.74,
            "roe": -0.56,
            "roe_4q": 3.26,
            "gross_profit": null,
            "gross_margin": null,
            "gross_margin_4q_avg": 0,
            "net_income": -78888,
            "net_income_4q": null,
            "revenue": 836922,
            "revenue_4q": null,
            "common_shares": 10032238,
            "book_valuer_per_share": 14.14,
            "book_valuer_per_share_4q_avg": 14.16,
            "equity": 14187046,
            "current_ratio": null,
            "debt_ratio": 94.61,
            "inventory_turnover_ratio": null,
            "account_receivable_turnover_ratio": null,
            "reinvestment_rate": 8.91,
            "research_to_sale_ratio": null,
            "price_fair": 22.39,
            "eps_avg_yearly": 0.76,
            "eps_latest_yearly": 0.72,
            "eps_growth_yearly": 19.36
        },
        "20181": {
            "year_quarter": 20181,
            "year": 2018,
            "quarter": 1,
            "eps": 0.01,
            "eps_growth_year": -95.45,
            "eps_4q": 0.27,
            "eps_4q_growth_year": -59.15,
            "roe": 0.06,
            "roe_4q": 1.93,
            "gross_profit": null,
            "gross_margin": null,
            "gross_margin_4q_avg": 0,
            "net_income": 8761,
            "net_income_4q": null,
            "revenue": 898413,
            "revenue_4q": null,
            "common_shares": 10032238,
            "book_valuer_per_share": 14.26,
            "book_valuer_per_share_4q_avg": 14.13,
            "equity": 14302527,
            "current_ratio": null,
            "debt_ratio": 94.64,
            "inventory_turnover_ratio": null,
            "account_receivable_turnover_ratio": null,
            "reinvestment_rate": 7.22,
            "research_to_sale_ratio": null,
            "price_fair": 19.36,
            "eps_avg_yearly": 0.76,
            "eps_latest_yearly": 0.72,
            "eps_growth_yearly": 15.38
        },
        "20182": {
            "year_quarter": 20182,
            "year": 2018,
            "quarter": 2,
            "eps": 0.2,
            "eps_growth_year": 5.26,
            "eps_4q": 0.29,
            "eps_4q_growth_year": -58.08,
            "roe": 1.42,
            "roe_4q": 2.11,
            "gross_profit": null,
            "gross_margin": null,
            "gross_margin_4q_avg": 0,
            "net_income": 202677,
            "net_income_4q": null,
            "revenue": 911588,
            "revenue_4q": null,
            "common_shares": 10032238,
            "book_valuer_per_share": 14.27,
            "book_valuer_per_share_4q_avg": 14.2,
            "equity": 14314420,
            "current_ratio": null,
            "debt_ratio": 94.77,
            "inventory_turnover_ratio": null,
            "account_receivable_turnover_ratio": null,
            "reinvestment_rate": 6.45,
            "research_to_sale_ratio": null,
            "price_fair": 27.7,
            "eps_avg_yearly": 0.79,
            "eps_latest_yearly": 0.8,
            "eps_growth_yearly": 571.77
        },
        "20183": {
            "year_quarter": 20183,
            "year": 2018,
            "quarter": 3,
            "eps": 0.15,
            "eps_growth_year": -16.67,
            "eps_4q": 0.28,
            "eps_4q_growth_year": -59.63,
            "roe": 1.08,
            "roe_4q": 2,
            "gross_profit": null,
            "gross_margin": null,
            "gross_margin_4q_avg": 0,
            "net_income": 154942,
            "net_income_4q": null,
            "revenue": 856020,
            "revenue_4q": null,
            "common_shares": 10403431,
            "book_valuer_per_share": 13.93,
            "book_valuer_per_share_4q_avg": 14.15,
            "equity": 14488795,
            "current_ratio": null,
            "debt_ratio": 94.64,
            "inventory_turnover_ratio": null,
            "account_receivable_turnover_ratio": null,
            "reinvestment_rate": 5.39,
            "research_to_sale_ratio": null,
            "price_fair": 27.3,
            "eps_avg_yearly": 0.78,
            "eps_latest_yearly": 0.6,
            "eps_growth_yearly": 538.92
        },
        "20184": {
            "year_quarter": 20184,
            "year": 2018,
            "quarter": 4,
            "eps": 0.11,
            "eps_growth_year": null,
            "eps_4q": 0.46,
            "eps_4q_growth_year": 2.23,
            "roe": 0.78,
            "roe_4q": 3.3400000000000003,
            "gross_profit": null,
            "gross_margin": null,
            "gross_margin_4q_avg": 0,
            "net_income": 113223,
            "net_income_4q": null,
            "revenue": 833599,
            "revenue_4q": null,
            "common_shares": 10403431,
            "book_valuer_per_share": 13.88,
            "book_valuer_per_share_4q_avg": 14.09,
            "equity": 14445012,
            "current_ratio": null,
            "debt_ratio": 94.61,
            "inventory_turnover_ratio": null,
            "account_receivable_turnover_ratio": null,
            "reinvestment_rate": -4.18,
            "research_to_sale_ratio": null,
            "price_fair": 26.3,
            "eps_avg_yearly": 0.75,
            "eps_latest_yearly": 0.44,
            "eps_growth_yearly": 528.29
        },
        "20191": {
            "year_quarter": 20191,
            "year": 2019,
            "quarter": 1,
            "eps": 0.17,
            "eps_growth_year": 1600,
            "eps_4q": 0.62,
            "eps_4q_growth_year": 127.61,
            "roe": 1.2,
            "roe_4q": 4.48,
            "gross_profit": null,
            "gross_margin": null,
            "gross_margin_4q_avg": 0,
            "net_income": 176084,
            "net_income_4q": null,
            "revenue": 941438,
            "revenue_4q": null,
            "common_shares": 10403431,
            "book_valuer_per_share": 14.29,
            "book_valuer_per_share_4q_avg": 14.09,
            "equity": 14867555,
            "current_ratio": null,
            "debt_ratio": 94.38,
            "inventory_turnover_ratio": null,
            "account_receivable_turnover_ratio": null,
            "reinvestment_rate": -4.81,
            "research_to_sale_ratio": null,
            "price_fair": 25.8,
            "eps_avg_yearly": 0.74,
            "eps_latest_yearly": 0.68,
            "eps_growth_yearly": 542.51
        },
        "20192": {
            "year_quarter": 20192,
            "year": 2019,
            "quarter": 2,
            "eps": 0.18,
            "eps_growth_year": -10,
            "eps_4q": 0.59,
            "eps_4q_growth_year": 102.87,
            "roe": 1.26,
            "roe_4q": 4.32,
            "gross_profit": null,
            "gross_margin": null,
            "gross_margin_4q_avg": 0,
            "net_income": 189220,
            "net_income_4q": null,
            "revenue": 990692,
            "revenue_4q": null,
            "common_shares": 10403431,
            "book_valuer_per_share": 14.49,
            "book_valuer_per_share_4q_avg": 14.15,
            "equity": 15079207,
            "current_ratio": null,
            "debt_ratio": 94.34,
            "inventory_turnover_ratio": null,
            "account_receivable_turnover_ratio": null,
            "reinvestment_rate": -4.87,
            "research_to_sale_ratio": null,
            "price_fair": 25.7,
            "eps_avg_yearly": 0.73,
            "eps_latest_yearly": 0.72,
            "eps_growth_yearly": 548.09
        },
        "20193": {
            "year_quarter": 20193,
            "year": 2019,
            "quarter": 3,
            "eps": 0.19,
            "eps_growth_year": 26.67,
            "eps_4q": 0.63,
            "eps_4q_growth_year": 129.26,
            "roe": 1.36,
            "roe_4q": 4.6000000000000005,
            "gross_profit": null,
            "gross_margin": null,
            "gross_margin_4q_avg": 0,
            "net_income": 206288,
            "net_income_4q": null,
            "revenue": 865974,
            "revenue_4q": null,
            "common_shares": 10809165,
            "book_valuer_per_share": 14.15,
            "book_valuer_per_share_4q_avg": 14.2,
            "equity": 15295721,
            "current_ratio": null,
            "debt_ratio": 94.32,
            "inventory_turnover_ratio": null,
            "account_receivable_turnover_ratio": null,
            "reinvestment_rate": -4.95,
            "research_to_sale_ratio": null,
            "price_fair": 25.5,
            "eps_avg_yearly": 0.73,
            "eps_latest_yearly": 0.76,
            "eps_growth_yearly": 546.67
        },
        "20194": {
            "year_quarter": 20194,
            "year": 2019,
            "quarter": 4,
            "eps": 0.19,
            "eps_growth_year": 72.45,
            "eps_4q": 0.72,
            "eps_4q_growth_year": 55.42,
            "roe": 1.32,
            "roe_4q": 5.140000000000001,
            "gross_profit": null,
            "gross_margin": null,
            "gross_margin_4q_avg": 0,
            "net_income": 202864,
            "net_income_4q": null,
            "revenue": 921336,
            "revenue_4q": null,
            "common_shares": 10809165,
            "book_valuer_per_share": 14.27,
            "book_valuer_per_share_4q_avg": 14.3,
            "equity": 15429610,
            "current_ratio": null,
            "debt_ratio": 94.3,
            "inventory_turnover_ratio": null,
            "account_receivable_turnover_ratio": null,
            "reinvestment_rate": -4.74,
            "research_to_sale_ratio": null,
            "price_fair": 25.9,
            "eps_avg_yearly": 0.74,
            "eps_latest_yearly": 0.76,
            "eps_growth_yearly": 554.83
        },
        "20201": {
            "year_quarter": 20201,
            "year": 2020,
            "quarter": 1,
            "eps": 0.2,
            "eps_growth_year": 17.65,
            "eps_4q": 0.75,
            "eps_4q_growth_year": 21.08,
            "roe": 1.41,
            "roe_4q": 5.35,
            "gross_profit": null,
            "gross_margin": null,
            "gross_margin_4q_avg": 0,
            "net_income": 215482,
            "net_income_4q": null,
            "revenue": 997184,
            "revenue_4q": null,
            "common_shares": 10809165,
            "book_valuer_per_share": 14.05,
            "book_valuer_per_share_4q_avg": 14.24,
            "equity": 15185239,
            "current_ratio": null,
            "debt_ratio": 94.24,
            "inventory_turnover_ratio": null,
            "account_receivable_turnover_ratio": null,
            "reinvestment_rate": -0.38,
            "research_to_sale_ratio": null,
            "price_fair": 25.8,
            "eps_avg_yearly": 0.74,
            "eps_latest_yearly": 0.8,
            "eps_growth_yearly": 544.91
        },
        "20202": {
            "year_quarter": 20202,
            "year": 2020,
            "quarter": 2,
            "eps": 0.17,
            "eps_growth_year": -5.56,
            "eps_4q": 0.74,
            "eps_4q_growth_year": 26.83,
            "roe": 1.15,
            "roe_4q": 5.24,
            "gross_profit": null,
            "gross_margin": null,
            "gross_margin_4q_avg": 0,
            "net_income": 178768,
            "net_income_4q": null,
            "revenue": 900023,
            "revenue_4q": null,
            "common_shares": 10809165,
            "book_valuer_per_share": 14.7,
            "book_valuer_per_share_4q_avg": 14.29,
            "equity": 15890785,
            "current_ratio": null,
            "debt_ratio": 94.15,
            "inventory_turnover_ratio": null,
            "account_receivable_turnover_ratio": null,
            "reinvestment_rate": -0.15,
            "research_to_sale_ratio": null,
            "price_fair": 25.5,
            "eps_avg_yearly": 0.73,
            "eps_latest_yearly": 0.68,
            "eps_growth_yearly": 541.98
        },
        "20203": {
            "year_quarter": 20203,
            "year": 2020,
            "quarter": 3,
            "eps": 0.17,
            "eps_growth_year": -10.53,
            "eps_4q": 0.72,
            "eps_4q_growth_year": 13.98,
            "roe": 1.15,
            "roe_4q": 5.03,
            "gross_profit": null,
            "gross_margin": null,
            "gross_margin_4q_avg": 0,
            "net_income": 183439,
            "net_income_4q": null,
            "revenue": 927030,
            "revenue_4q": null,
            "common_shares": 10809165,
            "book_valuer_per_share": 14.87,
            "book_valuer_per_share_4q_avg": 14.47,
            "equity": 16075116,
            "current_ratio": null,
            "debt_ratio": 94.03,
            "inventory_turnover_ratio": null,
            "account_receivable_turnover_ratio": null,
            "reinvestment_rate": 8.97,
            "research_to_sale_ratio": null,
            "price_fair": 25.1,
            "eps_avg_yearly": 0.72,
            "eps_latest_yearly": 0.68,
            "eps_growth_yearly": 540.56
        },
        "20204": {
            "year_quarter": 20204,
            "year": 2020,
            "quarter": 4,
            "eps": 0.16,
            "eps_growth_year": -12.44,
            "eps_4q": 0.68,
            "eps_4q_growth_year": -5.68,
            "roe": 1.15,
            "roe_4q": 4.859999999999999,
            "gross_profit": null,
            "gross_margin": null,
            "gross_margin_4q_avg": 0,
            "net_income": 185626,
            "net_income_4q": null,
            "revenue": 901118,
            "revenue_4q": null,
            "common_shares": 10809165,
            "book_valuer_per_share": 15,
            "book_valuer_per_share_4q_avg": 14.66,
            "equity": 16214624,
            "current_ratio": null,
            "debt_ratio": 94.13,
            "inventory_turnover_ratio": null,
            "account_receivable_turnover_ratio": null,
            "reinvestment_rate": 9.27,
            "research_to_sale_ratio": null,
            "price_fair": 24.8,
            "eps_avg_yearly": 0.71,
            "eps_latest_yearly": 0.64,
            "eps_growth_yearly": 541.6
        },
        "20211": {
            "year_quarter": 20211,
            "year": 2021,
            "quarter": 1,
            "eps": 0.2,
            "eps_growth_year": 0,
            "eps_4q": 0.69,
            "eps_4q_growth_year": -8.73,
            "roe": 1.37,
            "roe_4q": 4.82,
            "gross_profit": null,
            "gross_margin": null,
            "gross_margin_4q_avg": 0,
            "net_income": 228402,
            "net_income_4q": null,
            "revenue": 1120802,
            "revenue_4q": null,
            "common_shares": 11295577,
            "book_valuer_per_share": 14.71,
            "book_valuer_per_share_4q_avg": 14.82,
            "equity": 17202364,
            "current_ratio": null,
            "debt_ratio": 93.71,
            "inventory_turnover_ratio": null,
            "account_receivable_turnover_ratio": null,
            "reinvestment_rate": 9.32,
            "research_to_sale_ratio": null,
            "price_fair": 24.6,
            "eps_avg_yearly": 0.7,
            "eps_latest_yearly": 0.8,
            "eps_growth_yearly": 544.23
        },
        "20212": {
            "year_quarter": 20212,
            "year": 2021,
            "quarter": 2,
            "eps": 0.2,
            "eps_growth_year": 17.65,
            "eps_4q": 0.71,
            "eps_4q_growth_year": -4.17,
            "roe": 1.34,
            "roe_4q": 5.01,
            "gross_profit": null,
            "gross_margin": null,
            "gross_margin_4q_avg": 0,
            "net_income": 231220,
            "net_income_4q": null,
            "revenue": 956187,
            "revenue_4q": null,
            "common_shares": 11295577,
            "book_valuer_per_share": 14.81,
            "book_valuer_per_share_4q_avg": 14.85,
            "equity": 17326862,
            "current_ratio": null,
            "debt_ratio": 93.9,
            "inventory_turnover_ratio": null,
            "account_receivable_turnover_ratio": null,
            "reinvestment_rate": 7.23,
            "research_to_sale_ratio": null,
            "price_fair": 24.7,
            "eps_avg_yearly": 0.71,
            "eps_latest_yearly": 0.8,
            "eps_growth_yearly": 548.12
        },
        "20213": {
            "year_quarter": 20213,
            "year": 2021,
            "quarter": 3,
            "eps": 0.2,
            "eps_growth_year": 17.65,
            "eps_4q": 0.76,
            "eps_4q_growth_year": 4.91,
            "roe": 1.35,
            "roe_4q": 5.210000000000001,
            "gross_profit": null,
            "gross_margin": null,
            "gross_margin_4q_avg": 0,
            "net_income": 236121,
            "net_income_4q": null,
            "revenue": 982886,
            "revenue_4q": null,
            "common_shares": 11634444,
            "book_valuer_per_share": 14.59,
            "book_valuer_per_share_4q_avg": 14.78,
            "equity": 17553486,
            "current_ratio": null,
            "debt_ratio": 93.77,
            "inventory_turnover_ratio": null,
            "account_receivable_turnover_ratio": null,
            "reinvestment_rate": 7.11,
            "research_to_sale_ratio": null,
            "price_fair": 24.9,
            "eps_avg_yearly": 0.71,
            "eps_latest_yearly": 0.8,
            "eps_growth_yearly": 549.63
        },
        "20214": {
            "year_quarter": 20214,
            "year": 2021,
            "quarter": 4,
            "eps": 0.18,
            "eps_growth_year": 11.89,
            "eps_4q": 0.78,
            "eps_4q_growth_year": 15.7,
            "roe": 1.21,
            "roe_4q": 5.2700000000000005,
            "gross_profit": null,
            "gross_margin": null,
            "gross_margin_4q_avg": 0,
            "net_income": 213929,
            "net_income_4q": null,
            "revenue": 953869,
            "revenue_4q": null,
            "common_shares": 11634444,
            "book_valuer_per_share": 14.69,
            "book_valuer_per_share_4q_avg": 14.7,
            "equity": 17675147,
            "current_ratio": null,
            "debt_ratio": 93.78,
            "inventory_turnover_ratio": null,
            "account_receivable_turnover_ratio": null,
            "reinvestment_rate": 5.88,
            "research_to_sale_ratio": null,
            "price_fair": 24.92,
            "eps_avg_yearly": 0.71,
            "eps_latest_yearly": 0.72,
            "eps_growth_yearly": 510.32
        },
        "20221": {
            "year_quarter": 20221,
            "year": 2022,
            "quarter": 1,
            "eps": 0.24,
            "eps_growth_year": 20,
            "eps_4q": 0.83,
            "eps_4q_growth_year": 20.17,
            "roe": 1.6,
            "roe_4q": 5.5,
            "gross_profit": null,
            "gross_margin": null,
            "gross_margin_4q_avg": 0,
            "net_income": 279529,
            "net_income_4q": null,
            "revenue": 1035279,
            "revenue_4q": null,
            "common_shares": 11634444,
            "book_valuer_per_share": 14.36,
            "book_valuer_per_share_4q_avg": 14.61,
            "equity": 17278405,
            "current_ratio": null,
            "debt_ratio": 93.71,
            "inventory_turnover_ratio": null,
            "account_receivable_turnover_ratio": null,
            "reinvestment_rate": 5.21,
            "research_to_sale_ratio": null,
            "price_fair": 25.46,
            "eps_avg_yearly": 0.73,
            "eps_latest_yearly": 0.96,
            "eps_growth_yearly": 486.76
        },
        "20222": {
            "year_quarter": 20222,
            "year": 2022,
            "quarter": 2,
            "eps": 0.22,
            "eps_growth_year": 10,
            "eps_4q": 0.85,
            "eps_4q_growth_year": 19.83,
            "roe": 1.77,
            "roe_4q": 5.93,
            "gross_profit": null,
            "gross_margin": null,
            "gross_margin_4q_avg": 0,
            "net_income": 293259,
            "net_income_4q": null,
            "revenue": 1031529,
            "revenue_4q": null,
            "common_shares": 11634444,
            "book_valuer_per_share": 13.16,
            "book_valuer_per_share_4q_avg": 14.2,
            "equity": 15832436,
            "current_ratio": null,
            "debt_ratio": 94.23,
            "inventory_turnover_ratio": null,
            "account_receivable_turnover_ratio": null,
            "reinvestment_rate": 5.28,
            "research_to_sale_ratio": null,
            "price_fair": 14.41,
            "eps_avg_yearly": 0.73,
            "eps_latest_yearly": 0.88,
            "eps_growth_yearly": 9.67
        },
        "20223": {
            "year_quarter": 20223,
            "year": 2022,
            "quarter": 3,
            "eps": 0.18,
            "eps_growth_year": -10,
            "eps_4q": 0.83,
            "eps_4q_growth_year": 10.03,
            "roe": 1.35,
            "roe_4q": 5.930000000000001,
            "gross_profit": null,
            "gross_margin": null,
            "gross_margin_4q_avg": 0,
            "net_income": 212155,
            "net_income_4q": null,
            "revenue": 910070,
            "revenue_4q": null,
            "common_shares": 11983477,
            "book_valuer_per_share": 12.6,
            "book_valuer_per_share_4q_avg": 13.7,
            "equity": 15604687,
            "current_ratio": null,
            "debt_ratio": 94.33,
            "inventory_turnover_ratio": null,
            "account_receivable_turnover_ratio": null,
            "reinvestment_rate": 5.14,
            "research_to_sale_ratio": null,
            "price_fair": 15.82,
            "eps_avg_yearly": 0.74,
            "eps_latest_yearly": 0.72,
            "eps_growth_yearly": 11.38
        },
        "20224": {
            "year_quarter": 20224,
            "year": 2022,
            "quarter": 4,
            "eps": 0.12,
            "eps_growth_year": -32.13,
            "eps_4q": 0.78,
            "eps_4q_growth_year": -0.26,
            "roe": 0.94,
            "roe_4q": 5.66,
            "gross_profit": null,
            "gross_margin": null,
            "gross_margin_4q_avg": 0,
            "net_income": 149557,
            "net_income_4q": null,
            "revenue": 922200,
            "revenue_4q": null,
            "common_shares": 11983477,
            "book_valuer_per_share": 12.98,
            "book_valuer_per_share_4q_avg": 13.28,
            "equity": 16072723,
            "current_ratio": null,
            "debt_ratio": 94.24,
            "inventory_turnover_ratio": null,
            "account_receivable_turnover_ratio": null,
            "reinvestment_rate": 5.07,
            "research_to_sale_ratio": null,
            "price_fair": 14.64,
            "eps_avg_yearly": 0.74,
            "eps_latest_yearly": 0.48,
            "eps_growth_yearly": 9.71
        },
        "20231": {
            "year_quarter": 20231,
            "year": 2023,
            "quarter": 1,
            "eps": 0.18,
            "eps_growth_year": -25,
            "eps_4q": 0.72,
            "eps_4q_growth_year": -12.38,
            "roe": 1.28,
            "roe_4q": 5.34,
            "gross_profit": null,
            "gross_margin": null,
            "gross_margin_4q_avg": 0,
            "net_income": 212092,
            "net_income_4q": null,
            "revenue": 899410,
            "revenue_4q": null,
            "common_shares": 11983477,
            "book_valuer_per_share": 13.8,
            "book_valuer_per_share_4q_avg": 13.14,
            "equity": 17094327,
            "current_ratio": null,
            "debt_ratio": 93.91,
            "inventory_turnover_ratio": null,
            "account_receivable_turnover_ratio": null,
            "reinvestment_rate": 4.96,
            "research_to_sale_ratio": null,
            "price_fair": 13.84,
            "eps_avg_yearly": 0.75,
            "eps_latest_yearly": 0.72,
            "eps_growth_yearly": 8.58
        },
        "20232": {
            "year_quarter": 20232,
            "year": 2023,
            "quarter": 2,
            "eps": 0.21,
            "eps_growth_year": -4.55,
            "eps_4q": 0.67,
            "eps_4q_growth_year": -20.99,
            "roe": 1.51,
            "roe_4q": 5.08,
            "gross_profit": null,
            "gross_margin": null,
            "gross_margin_4q_avg": 0,
            "net_income": 258609,
            "net_income_4q": null,
            "revenue": 1047355,
            "revenue_4q": null,
            "common_shares": 11983477,
            "book_valuer_per_share": 13.94,
            "book_valuer_per_share_4q_avg": 13.33,
            "equity": 17256686,
            "current_ratio": null,
            "debt_ratio": 94.07,
            "inventory_turnover_ratio": null,
            "account_receivable_turnover_ratio": null,
            "reinvestment_rate": 4.89,
            "research_to_sale_ratio": null,
            "price_fair": 16.01,
            "eps_avg_yearly": 0.75,
            "eps_latest_yearly": 0.84,
            "eps_growth_yearly": 11.27
        }
    },
    "months": {
        "2001-06": {
            "month": "2001-06",
            "price": "13.60",
            "revenue": 1079173
        },
        "2001-07": {
            "month": "2001-07",
            "price": "11.83",
            "revenue": 1023447
        },
        "2001-08": {
            "month": "2001-08",
            "price": "13.35",
            "revenue": 1019879
        },
        "2001-09": {
            "month": "2001-09",
            "price": "14.69",
            "revenue": 1016637
        },
        "2001-10": {
            "month": "2001-10",
            "price": "14.91",
            "revenue": 1149897
        },
        "2001-11": {
            "month": "2001-11",
            "price": "14.40",
            "revenue": 971444
        },
        "2001-12": {
            "month": "2001-12",
            "price": "16.44",
            "revenue": 1193174
        },
        "2002-01": {
            "month": "2002-01",
            "price": "16.80",
            "revenue": 883692
        },
        "2002-02": {
            "month": "2002-02",
            "price": "16.35",
            "revenue": 837815
        },
        "2002-03": {
            "month": "2002-03",
            "price": "15.66",
            "revenue": 903227
        },
        "2002-04": {
            "month": "2002-04",
            "price": "17.40",
            "revenue": 831510
        },
        "2002-05": {
            "month": "2002-05",
            "price": "17.14",
            "revenue": 739482
        },
        "2002-06": {
            "month": "2002-06",
            "price": "17.75",
            "revenue": 730446
        },
        "2002-07": {
            "month": "2002-07",
            "price": "17.22",
            "revenue": 715298
        },
        "2002-08": {
            "month": "2002-08",
            "price": "16.64",
            "revenue": 691918
        },
        "2002-09": {
            "month": "2002-09",
            "price": "14.93",
            "revenue": 665629
        },
        "2002-10": {
            "month": "2002-10",
            "price": "13.90",
            "revenue": 657004
        },
        "2002-11": {
            "month": "2002-11",
            "price": "15.84",
            "revenue": 699956
        },
        "2002-12": {
            "month": "2002-12",
            "price": "17.36",
            "revenue": 957584
        },
        "2003-01": {
            "month": "2003-01",
            "price": "20.92",
            "revenue": 531909
        },
        "2003-02": {
            "month": "2003-02",
            "price": "17.57",
            "revenue": 458377
        },
        "2003-03": {
            "month": "2003-03",
            "price": "16.70",
            "revenue": 454962
        },
        "2003-04": {
            "month": "2003-04",
            "price": "16.25",
            "revenue": 482010
        },
        "2003-05": {
            "month": "2003-05",
            "price": "15.22",
            "revenue": 476512
        },
        "2003-06": {
            "month": "2003-06",
            "price": "15.96",
            "revenue": 448548
        },
        "2003-07": {
            "month": "2003-07",
            "price": "15.12",
            "revenue": 476944
        },
        "2003-08": {
            "month": "2003-08",
            "price": "14.71",
            "revenue": 434491
        },
        "2003-09": {
            "month": "2003-09",
            "price": "15.30",
            "revenue": 447679
        },
        "2003-10": {
            "month": "2003-10",
            "price": "17.96",
            "revenue": 416129
        },
        "2003-11": {
            "month": "2003-11",
            "price": "17.88",
            "revenue": 466187
        },
        "2003-12": {
            "month": "2003-12",
            "price": "18.49",
            "revenue": 439688
        },
        "2004-01": {
            "month": "2004-01",
            "price": "18.97",
            "revenue": 405376
        },
        "2004-02": {
            "month": "2004-02",
            "price": "23.76",
            "revenue": 389564
        },
        "2004-03": {
            "month": "2004-03",
            "price": "23.93",
            "revenue": 352257
        },
        "2004-04": {
            "month": "2004-04",
            "price": "24.16",
            "revenue": 370993
        },
        "2004-05": {
            "month": "2004-05",
            "price": "22.72",
            "revenue": 360274
        },
        "2004-06": {
            "month": "2004-06",
            "price": "23.93",
            "revenue": 379184
        },
        "2004-07": {
            "month": "2004-07",
            "price": "23.69",
            "revenue": 360361
        },
        "2004-08": {
            "month": "2004-08",
            "price": "21.56",
            "revenue": 374443
        },
        "2004-09": {
            "month": "2004-09",
            "price": "22.29",
            "revenue": 345692
        },
        "2004-10": {
            "month": "2004-10",
            "price": "24.64",
            "revenue": 341381
        },
        "2004-11": {
            "month": "2004-11",
            "price": "24.50",
            "revenue": 360741
        },
        "2004-12": {
            "month": "2004-12",
            "price": "24.67",
            "revenue": 383083
        },
        "2005-01": {
            "month": "2005-01",
            "price": "24.16",
            "revenue": 335255
        },
        "2005-02": {
            "month": "2005-02",
            "price": "23.38",
            "revenue": 332856
        },
        "2005-03": {
            "month": "2005-03",
            "price": "22.29",
            "revenue": 352624
        },
        "2005-04": {
            "month": "2005-04",
            "price": "21.36",
            "revenue": 343336
        },
        "2005-05": {
            "month": "2005-05",
            "price": "21.32",
            "revenue": 350048
        },
        "2005-06": {
            "month": "2005-06",
            "price": "21.98",
            "revenue": 359189
        },
        "2005-07": {
            "month": "2005-07",
            "price": "22.44",
            "revenue": 376155
        },
        "2005-08": {
            "month": "2005-08",
            "price": "22.13",
            "revenue": 401543
        },
        "2005-09": {
            "month": "2005-09",
            "price": "20.10",
            "revenue": 367525
        },
        "2005-10": {
            "month": "2005-10",
            "price": "18.89",
            "revenue": 363630
        },
        "2005-11": {
            "month": "2005-11",
            "price": "18.12",
            "revenue": 370263
        },
        "2005-12": {
            "month": "2005-12",
            "price": "18.02",
            "revenue": 375090
        },
        "2006-01": {
            "month": "2006-01",
            "price": "16.69",
            "revenue": 226616
        },
        "2006-02": {
            "month": "2006-02",
            "price": "15.83",
            "revenue": 240186
        },
        "2006-03": {
            "month": "2006-03",
            "price": "14.36",
            "revenue": 91113
        },
        "2006-04": {
            "month": "2006-04",
            "price": "15.31",
            "revenue": 188035
        },
        "2006-05": {
            "month": "2006-05",
            "price": "15.63",
            "revenue": 193017
        },
        "2006-06": {
            "month": "2006-06",
            "price": "14.06",
            "revenue": 223111
        },
        "2006-07": {
            "month": "2006-07",
            "price": "13.79",
            "revenue": 198620
        },
        "2006-08": {
            "month": "2006-08",
            "price": "13.36",
            "revenue": 201198
        },
        "2006-09": {
            "month": "2006-09",
            "price": "13.37",
            "revenue": 215806
        },
        "2006-10": {
            "month": "2006-10",
            "price": "15.44",
            "revenue": 208415
        },
        "2006-11": {
            "month": "2006-11",
            "price": "15.10",
            "revenue": 192551
        },
        "2006-12": {
            "month": "2006-12",
            "price": "17.31",
            "revenue": 199732
        },
        "2007-01": {
            "month": "2007-01",
            "price": "19.33",
            "revenue": 203492
        },
        "2007-02": {
            "month": "2007-02",
            "price": "19.10",
            "revenue": 197333
        },
        "2007-03": {
            "month": "2007-03",
            "price": "16.97",
            "revenue": 197832
        },
        "2007-04": {
            "month": "2007-04",
            "price": "17.41",
            "revenue": 210653
        },
        "2007-05": {
            "month": "2007-05",
            "price": "17.10",
            "revenue": 210420
        },
        "2007-06": {
            "month": "2007-06",
            "price": "17.42",
            "revenue": 203514
        },
        "2007-07": {
            "month": "2007-07",
            "price": "20.50",
            "revenue": 207429
        },
        "2007-08": {
            "month": "2007-08",
            "price": "20.60",
            "revenue": 216782
        },
        "2007-09": {
            "month": "2007-09",
            "price": "19.51",
            "revenue": 255301
        },
        "2007-10": {
            "month": "2007-10",
            "price": "18.63",
            "revenue": 236492
        },
        "2007-11": {
            "month": "2007-11",
            "price": "17.05",
            "revenue": 184277
        },
        "2007-12": {
            "month": "2007-12",
            "price": "16.36",
            "revenue": -246685
        },
        "2008-01": {
            "month": "2008-01",
            "price": "14.88",
            "revenue": 145841
        },
        "2008-02": {
            "month": "2008-02",
            "price": "14.75",
            "revenue": 202307
        },
        "2008-03": {
            "month": "2008-03",
            "price": "16.55",
            "revenue": 200549
        },
        "2008-04": {
            "month": "2008-04",
            "price": "18.59",
            "revenue": 105823
        },
        "2008-05": {
            "month": "2008-05",
            "price": "17.56",
            "revenue": 230162
        },
        "2008-06": {
            "month": "2008-06",
            "price": "15.67",
            "revenue": 240529
        },
        "2008-07": {
            "month": "2008-07",
            "price": "13.32",
            "revenue": 203010
        },
        "2008-08": {
            "month": "2008-08",
            "price": "12.97",
            "revenue": 216881
        },
        "2008-09": {
            "month": "2008-09",
            "price": "10.59",
            "revenue": -116535
        },
        "2008-10": {
            "month": "2008-10",
            "price": "7.38",
            "revenue": 213013
        },
        "2008-11": {
            "month": "2008-11",
            "price": "6.44",
            "revenue": 192363
        },
        "2008-12": {
            "month": "2008-12",
            "price": "6.95",
            "revenue": -149868
        },
        "2009-01": {
            "month": "2009-01",
            "price": "6.74",
            "revenue": 156314
        },
        "2009-02": {
            "month": "2009-02",
            "price": "6.38",
            "revenue": 148941
        },
        "2009-03": {
            "month": "2009-03",
            "price": "6.71",
            "revenue": 112116
        },
        "2009-04": {
            "month": "2009-04",
            "price": "8.19",
            "revenue": 15684
        },
        "2009-05": {
            "month": "2009-05",
            "price": "9.62",
            "revenue": 134539
        },
        "2009-06": {
            "month": "2009-06",
            "price": "10.23",
            "revenue": 151999
        },
        "2009-07": {
            "month": "2009-07",
            "price": "10.38",
            "revenue": 153671
        },
        "2009-08": {
            "month": "2009-08",
            "price": "9.78",
            "revenue": 179925
        },
        "2009-09": {
            "month": "2009-09",
            "price": "9.93",
            "revenue": 174273
        },
        "2009-10": {
            "month": "2009-10",
            "price": "10.39",
            "revenue": 187993
        },
        "2009-11": {
            "month": "2009-11",
            "price": "10.10",
            "revenue": 191452
        },
        "2009-12": {
            "month": "2009-12",
            "price": "10.06",
            "revenue": 215760
        },
        "2010-01": {
            "month": "2010-01",
            "price": "11.38",
            "revenue": 195017
        },
        "2010-02": {
            "month": "2010-02",
            "price": "10.33",
            "revenue": 190535
        },
        "2010-03": {
            "month": "2010-03",
            "price": "10.82",
            "revenue": 196333
        },
        "2010-04": {
            "month": "2010-04",
            "price": "10.97",
            "revenue": 191194
        },
        "2010-05": {
            "month": "2010-05",
            "price": "10.29",
            "revenue": 191535
        },
        "2010-06": {
            "month": "2010-06",
            "price": "10.27",
            "revenue": 210740
        },
        "2010-07": {
            "month": "2010-07",
            "price": "11.66",
            "revenue": 210998
        },
        "2010-08": {
            "month": "2010-08",
            "price": "13.10",
            "revenue": 242850
        },
        "2010-09": {
            "month": "2010-09",
            "price": "12.36",
            "revenue": 203285
        },
        "2010-10": {
            "month": "2010-10",
            "price": "12.53",
            "revenue": 213662
        },
        "2010-11": {
            "month": "2010-11",
            "price": "13.11",
            "revenue": 223778
        },
        "2010-12": {
            "month": "2010-12",
            "price": "14.27",
            "revenue": 72618
        },
        "2011-01": {
            "month": "2011-01",
            "price": "15.48",
            "revenue": 204815
        },
        "2011-02": {
            "month": "2011-02",
            "price": "13.64",
            "revenue": 181778
        },
        "2011-03": {
            "month": "2011-03",
            "price": "12.57",
            "revenue": 211593
        },
        "2011-04": {
            "month": "2011-04",
            "price": "13.22",
            "revenue": 216106
        },
        "2011-05": {
            "month": "2011-05",
            "price": "13.65",
            "revenue": 213152
        },
        "2011-06": {
            "month": "2011-06",
            "price": "13.19",
            "revenue": 204865
        },
        "2011-07": {
            "month": "2011-07",
            "price": "13.71",
            "revenue": 224534
        },
        "2011-08": {
            "month": "2011-08",
            "price": "11.39",
            "revenue": 162396
        },
        "2011-09": {
            "month": "2011-09",
            "price": "10.30",
            "revenue": 211410
        },
        "2011-10": {
            "month": "2011-10",
            "price": "9.91",
            "revenue": 218938
        },
        "2011-11": {
            "month": "2011-11",
            "price": "9.01",
            "revenue": 227692
        },
        "2011-12": {
            "month": "2011-12",
            "price": "8.96",
            "revenue": 42756
        },
        "2012-01": {
            "month": "2012-01",
            "price": "8.65",
            "revenue": 220623
        },
        "2012-02": {
            "month": "2012-02",
            "price": "9.62",
            "revenue": 211382
        },
        "2012-03": {
            "month": "2012-03",
            "price": "9.68",
            "revenue": 221877
        },
        "2012-04": {
            "month": "2012-04",
            "price": "8.83",
            "revenue": 210685
        },
        "2012-05": {
            "month": "2012-05",
            "price": "8.52",
            "revenue": 295485
        },
        "2012-06": {
            "month": "2012-06",
            "price": "8.30",
            "revenue": 262230
        },
        "2012-07": {
            "month": "2012-07",
            "price": "8.44",
            "revenue": 215594
        },
        "2012-08": {
            "month": "2012-08",
            "price": "8.86",
            "revenue": 266359
        },
        "2012-09": {
            "month": "2012-09",
            "price": "9.16",
            "revenue": 236279
        },
        "2012-10": {
            "month": "2012-10",
            "price": "8.83",
            "revenue": 219693
        },
        "2012-11": {
            "month": "2012-11",
            "price": "8.52",
            "revenue": 348923
        },
        "2012-12": {
            "month": "2012-12",
            "price": "9.04",
            "revenue": 275203
        },
        "2013-01": {
            "month": "2013-01",
            "price": "9.27",
            "revenue": 275736
        },
        "2013-02": {
            "month": "2013-02",
            "price": "9.58",
            "revenue": 212688
        },
        "2013-03": {
            "month": "2013-03",
            "price": "9.62",
            "revenue": 230149
        },
        "2013-04": {
            "month": "2013-04",
            "price": "9.48",
            "revenue": 219834
        },
        "2013-05": {
            "month": "2013-05",
            "price": "9.62",
            "revenue": 247154
        },
        "2013-06": {
            "month": "2013-06",
            "price": "9.41",
            "revenue": 301437
        },
        "2013-07": {
            "month": "2013-07",
            "price": "9.66",
            "revenue": 239015
        },
        "2013-08": {
            "month": "2013-08",
            "price": "9.43",
            "revenue": 240972
        },
        "2013-09": {
            "month": "2013-09",
            "price": "9.48",
            "revenue": 245983
        },
        "2013-10": {
            "month": "2013-10",
            "price": "9.50",
            "revenue": 238850
        },
        "2013-11": {
            "month": "2013-11",
            "price": "9.40",
            "revenue": 238697
        },
        "2013-12": {
            "month": "2013-12",
            "price": "9.40",
            "revenue": 246737
        },
        "2014-01": {
            "month": "2014-01",
            "price": "9.55",
            "revenue": 256670
        },
        "2014-02": {
            "month": "2014-02",
            "price": "9.54",
            "revenue": 239261
        },
        "2014-03": {
            "month": "2014-03",
            "price": "9.63",
            "revenue": 274958
        },
        "2014-04": {
            "month": "2014-04",
            "price": "9.64",
            "revenue": 299259
        },
        "2014-05": {
            "month": "2014-05",
            "price": "9.48",
            "revenue": 251541
        },
        "2014-06": {
            "month": "2014-06",
            "price": "9.52",
            "revenue": 326149
        },
        "2014-07": {
            "month": "2014-07",
            "price": "9.70",
            "revenue": 256887
        },
        "2014-08": {
            "month": "2014-08",
            "price": "9.41",
            "revenue": 260402
        },
        "2014-09": {
            "month": "2014-09",
            "price": "9.24",
            "revenue": 304308
        },
        "2014-10": {
            "month": "2014-10",
            "price": "8.99",
            "revenue": 270179
        },
        "2014-11": {
            "month": "2014-11",
            "price": "9.07",
            "revenue": 392035
        },
        "2014-12": {
            "month": "2014-12",
            "price": "9.03",
            "revenue": 268817
        },
        "2015-01": {
            "month": "2015-01",
            "price": "9.01",
            "revenue": 283270
        },
        "2015-02": {
            "month": "2015-02",
            "price": "9.07",
            "revenue": 283435
        },
        "2015-03": {
            "month": "2015-03",
            "price": "9.16",
            "revenue": 275071
        },
        "2015-04": {
            "month": "2015-04",
            "price": "9.45",
            "revenue": 272306
        },
        "2015-05": {
            "month": "2015-05",
            "price": "9.75",
            "revenue": 266298
        },
        "2015-06": {
            "month": "2015-06",
            "price": "9.35",
            "revenue": 313084
        },
        "2015-07": {
            "month": "2015-07",
            "price": "9.26",
            "revenue": 266839
        },
        "2015-08": {
            "month": "2015-08",
            "price": "8.70",
            "revenue": 278338
        },
        "2015-09": {
            "month": "2015-09",
            "price": "8.53",
            "revenue": 267507
        },
        "2015-10": {
            "month": "2015-10",
            "price": "8.80",
            "revenue": 281746
        },
        "2015-11": {
            "month": "2015-11",
            "price": "8.80",
            "revenue": 262322
        },
        "2015-12": {
            "month": "2015-12",
            "price": "8.69",
            "revenue": 263760
        },
        "2016-01": {
            "month": "2016-01",
            "price": "8.59",
            "revenue": 287581
        },
        "2016-02": {
            "month": "2016-02",
            "price": "8.53",
            "revenue": 274750
        },
        "2016-03": {
            "month": "2016-03",
            "price": "8.82",
            "revenue": 281741
        },
        "2016-04": {
            "month": "2016-04",
            "price": "8.70",
            "revenue": 257119
        },
        "2016-05": {
            "month": "2016-05",
            "price": "8.62",
            "revenue": 268315
        },
        "2016-06": {
            "month": "2016-06",
            "price": "8.95",
            "revenue": 354216
        },
        "2016-07": {
            "month": "2016-07",
            "price": "9.04",
            "revenue": 278443
        },
        "2016-08": {
            "month": "2016-08",
            "price": "9.19",
            "revenue": 269233
        },
        "2016-09": {
            "month": "2016-09",
            "price": "9.06",
            "revenue": 283313
        },
        "2016-10": {
            "month": "2016-10",
            "price": "8.88",
            "revenue": 263976
        },
        "2016-11": {
            "month": "2016-11",
            "price": "8.92",
            "revenue": 255573
        },
        "2016-12": {
            "month": "2016-12",
            "price": "9.07",
            "revenue": 289654
        },
        "2017-01": {
            "month": "2017-01",
            "price": "9.10",
            "revenue": 283099
        },
        "2017-02": {
            "month": "2017-02",
            "price": "9.57",
            "revenue": 262036
        },
        "2017-03": {
            "month": "2017-03",
            "price": "9.84",
            "revenue": 275544
        },
        "2017-04": {
            "month": "2017-04",
            "price": "9.72",
            "revenue": 260237
        },
        "2017-05": {
            "month": "2017-05",
            "price": "9.82",
            "revenue": 255773
        },
        "2017-06": {
            "month": "2017-06",
            "price": "9.90",
            "revenue": 316638
        },
        "2017-07": {
            "month": "2017-07",
            "price": "10.09",
            "revenue": 260044
        },
        "2017-08": {
            "month": "2017-08",
            "price": "9.63",
            "revenue": 272560
        },
        "2017-09": {
            "month": "2017-09",
            "price": "9.45",
            "revenue": 269505
        },
        "2017-10": {
            "month": "2017-10",
            "price": "9.36",
            "revenue": 273060
        },
        "2017-11": {
            "month": "2017-11",
            "price": "9.12",
            "revenue": 285584
        },
        "2017-12": {
            "month": "2017-12",
            "price": "9.15",
            "revenue": 282719
        },
        "2018-01": {
            "month": "2018-01",
            "price": "9.61",
            "revenue": 352033
        },
        "2018-02": {
            "month": "2018-02",
            "price": "9.43",
            "revenue": 268153
        },
        "2018-03": {
            "month": "2018-03",
            "price": "9.45",
            "revenue": 278191
        },
        "2018-04": {
            "month": "2018-04",
            "price": "9.36",
            "revenue": 279097
        },
        "2018-05": {
            "month": "2018-05",
            "price": "9.35",
            "revenue": 284284
        },
        "2018-06": {
            "month": "2018-06",
            "price": "9.39",
            "revenue": 333671
        },
        "2018-07": {
            "month": "2018-07",
            "price": "9.31",
            "revenue": 315239
        },
        "2018-08": {
            "month": "2018-08",
            "price": "9.60",
            "revenue": 283672
        },
        "2018-09": {
            "month": "2018-09",
            "price": "9.40",
            "revenue": 271644
        },
        "2018-10": {
            "month": "2018-10",
            "price": "9.06",
            "revenue": 278662
        },
        "2018-11": {
            "month": "2018-11",
            "price": "9.10",
            "revenue": 269693
        },
        "2018-12": {
            "month": "2018-12",
            "price": "9.29",
            "revenue": 285925
        },
        "2019-01": {
            "month": "2019-01",
            "price": "9.34",
            "revenue": 369639
        },
        "2019-02": {
            "month": "2019-02",
            "price": "9.56",
            "revenue": 272102
        },
        "2019-03": {
            "month": "2019-03",
            "price": "9.60",
            "revenue": 299695
        },
        "2019-04": {
            "month": "2019-04",
            "price": "9.60",
            "revenue": 362610
        },
        "2019-05": {
            "month": "2019-05",
            "price": "9.63",
            "revenue": 279251
        },
        "2019-06": {
            "month": "2019-06",
            "price": "9.66",
            "revenue": 348822
        },
        "2019-07": {
            "month": "2019-07",
            "price": "9.73",
            "revenue": 300800
        },
        "2019-08": {
            "month": "2019-08",
            "price": "9.59",
            "revenue": 280363
        },
        "2019-09": {
            "month": "2019-09",
            "price": "9.68",
            "revenue": 284813
        },
        "2019-10": {
            "month": "2019-10",
            "price": "9.60",
            "revenue": 284710
        },
        "2019-11": {
            "month": "2019-11",
            "price": "9.69",
            "revenue": 280823
        },
        "2019-12": {
            "month": "2019-12",
            "price": "9.80",
            "revenue": 355743
        },
        "2020-01": {
            "month": "2020-01",
            "price": "9.87",
            "revenue": 390364
        },
        "2020-02": {
            "month": "2020-02",
            "price": "9.83",
            "revenue": 310855
        },
        "2020-03": {
            "month": "2020-03",
            "price": "9.06",
            "revenue": 295962
        },
        "2020-04": {
            "month": "2020-04",
            "price": "9.28",
            "revenue": 280218
        },
        "2020-05": {
            "month": "2020-05",
            "price": "9.47",
            "revenue": 286424
        },
        "2020-06": {
            "month": "2020-06",
            "price": "9.78",
            "revenue": 333564
        },
        "2020-07": {
            "month": "2020-07",
            "price": "9.84",
            "revenue": 304937
        },
        "2020-08": {
            "month": "2020-08",
            "price": "10.03",
            "revenue": 316417
        },
        "2020-09": {
            "month": "2020-09",
            "price": "9.99",
            "revenue": 305496
        },
        "2020-10": {
            "month": "2020-10",
            "price": "10.06",
            "revenue": 285896
        },
        "2020-11": {
            "month": "2020-11",
            "price": "10.21",
            "revenue": 293906
        },
        "2020-12": {
            "month": "2020-12",
            "price": "10.28",
            "revenue": 322212
        },
        "2021-01": {
            "month": "2021-01",
            "price": "10.05",
            "revenue": 336005
        },
        "2021-02": {
            "month": "2021-02",
            "price": "9.79",
            "revenue": 349635
        },
        "2021-03": {
            "month": "2021-03",
            "price": "10.12",
            "revenue": 435125
        },
        "2021-04": {
            "month": "2021-04",
            "price": "10.98",
            "revenue": 328407
        },
        "2021-05": {
            "month": "2021-05",
            "price": "11.03",
            "revenue": 306256
        },
        "2021-06": {
            "month": "2021-06",
            "price": "10.90",
            "revenue": 320998
        },
        "2021-07": {
            "month": "2021-07",
            "price": "11.11",
            "revenue": 331499
        },
        "2021-08": {
            "month": "2021-08",
            "price": "11.27",
            "revenue": 353014
        },
        "2021-09": {
            "month": "2021-09",
            "price": "11.24",
            "revenue": 298937
        },
        "2021-10": {
            "month": "2021-10",
            "price": "11.10",
            "revenue": 313099
        },
        "2021-11": {
            "month": "2021-11",
            "price": "11.57",
            "revenue": 302069
        },
        "2021-12": {
            "month": "2021-12",
            "price": "11.81",
            "revenue": 338701
        },
        "2022-01": {
            "month": "2022-01",
            "price": "13.35",
            "revenue": 400495
        },
        "2022-02": {
            "month": "2022-02",
            "price": "13.98",
            "revenue": 284285
        },
        "2022-03": {
            "month": "2022-03",
            "price": "13.96",
            "revenue": 350498
        },
        "2022-04": {
            "month": "2022-04",
            "price": "14.84",
            "revenue": 320651
        },
        "2022-05": {
            "month": "2022-05",
            "price": "13.44",
            "revenue": 315606
        },
        "2022-06": {
            "month": "2022-06",
            "price": "13.52",
            "revenue": 395859
        },
        "2022-07": {
            "month": "2022-07",
            "price": "13.63",
            "revenue": 309915
        },
        "2022-08": {
            "month": "2022-08",
            "price": "13.49",
            "revenue": 303639
        },
        "2022-09": {
            "month": "2022-09",
            "price": "13.34",
            "revenue": 295929
        },
        "2022-10": {
            "month": "2022-10",
            "price": "12.34",
            "revenue": 301110
        },
        "2022-11": {
            "month": "2022-11",
            "price": "12.65",
            "revenue": 312340
        },
        "2022-12": {
            "month": "2022-12",
            "price": "12.57",
            "revenue": 308750
        },
        "2023-01": {
            "month": "2023-01",
            "price": "12.60",
            "revenue": 305911
        },
        "2023-02": {
            "month": "2023-02",
            "price": "12.80",
            "revenue": 281012
        },
        "2023-03": {
            "month": "2023-03",
            "price": "12.48",
            "revenue": 312488
        },
        "2023-04": {
            "month": "2023-04",
            "price": "12.28",
            "revenue": 331965
        },
        "2023-05": {
            "month": "2023-05",
            "price": "12.37",
            "revenue": 307958
        },
        "2023-06": {
            "month": "2023-06",
            "price": "12.37",
            "revenue": 407431
        },
        "2023-07": {
            "month": "2023-07",
            "price": "12.45",
            "revenue": 363164
        },
        "2023-08": {
            "month": "2023-08",
            "price": "12.25",
            "revenue": 308489
        },
        "2023-09": {
            "month": "2023-09",
            "price": "12.22",
            "revenue": 309717
        }
    }
}
