{
    "summary": {
        "stock_name": "萬泰銀",
        "stock_id": "2837",
        "category": "金融",
        "main_business": "存款、放款、外匯、信託、保證、匯兌<br>代理、代收、信用狀<br>國際金融等各項有關金融業務",
        "website_url": "",
        "ceo": "張立荃",
        "pe_ratio": 18,
        "report_year_from": 2001,
        "report_year_to": 2018,
        "age": 22,
        "eps_negative_percentage": 29,
        "eps_growth_avg": {
            "last_all": -20.11,
            "last_2y": -30.5,
            "last_4y": -20.11,
            "last_8y": null,
            "last_12y": null,
            "last_16y": null,
            "last_20y": null,
            "at_2006_last_3y": null,
            "at_2007_last_3y": null,
            "at_2008_last_3y": null,
            "at_2009_last_3y": null,
            "at_2010_last_3y": null,
            "at_2011_last_3y": null,
            "at_2012_last_3y": null,
            "at_2013_last_3y": null,
            "at_2014_last_3y": -5.92,
            "at_2015_last_3y": -10.83,
            "at_2016_last_3y": -20.11,
            "at_2017_last_3y": -20.11,
            "at_2018_last_3y": -20.11,
            "at_2019_last_3y": -20.11,
            "at_2020_last_3y": -20.11,
            "at_2021_last_3y": -20.11,
            "at_2022_last_3y": -20.11,
            "at_2023_last_3y": -20.11,
            "at_2006_last_all": null,
            "at_2007_last_all": null,
            "at_2008_last_all": null,
            "at_2009_last_all": null,
            "at_2010_last_all": null,
            "at_2011_last_all": null,
            "at_2012_last_all": null,
            "at_2013_last_all": 11.05,
            "at_2014_last_all": -5.92,
            "at_2015_last_all": -10.83,
            "at_2016_last_all": -20.11,
            "at_2017_last_all": -20.11,
            "at_2018_last_all": -20.11,
            "at_2019_last_all": -20.11,
            "at_2020_last_all": -20.11,
            "at_2021_last_all": -20.11,
            "at_2022_last_all": -20.11,
            "at_2023_last_all": -20.11
        },
        "latest_eps": 0.88,
        "latest_price": 15.4,
        "latest_roe": 6.9,
        "latest_gross_margin": null,
        "latest_equity": 59434507,
        "latest_revenue": 2830399,
        "latest_gross_profit": null,
        "latest_net_income": 917880,
        "latest_debt_ratio": 89.3,
        "latest_current_ratio": null,
        "latest_account_receivable_turnover_ratio": null,
        "latest_inventory_turnover_ratio": null,
        "latest_reinvestment_rate": 4.36,
        "latest_research_to_sale_ratio": null
    },
    "eps_dividends": {
        "2001": {
            "cash": 0,
            "stock": 0,
            "eps": 0
        },
        "2002": {
            "cash": 0,
            "stock": 0,
            "eps": 0
        },
        "2003": {
            "cash": 0,
            "stock": 0,
            "eps": 0
        },
        "2004": {
            "cash": 0,
            "stock": 0,
            "eps": 0
        },
        "2005": {
            "cash": 0,
            "stock": 0,
            "eps": 0
        },
        "2006": {
            "cash": 0,
            "stock": 0,
            "eps": 0
        },
        "2007": {
            "cash": 0,
            "stock": 0,
            "eps": 0
        },
        "2008": {
            "cash": 0,
            "stock": 0,
            "eps": 0
        },
        "2009": {
            "cash": 0,
            "stock": 0,
            "eps": 0
        },
        "2010": {
            "cash": 0,
            "stock": 0,
            "eps": -2.09
        },
        "2011": {
            "cash": 0,
            "stock": 0,
            "eps": -0.16
        },
        "2012": {
            "cash": 0,
            "stock": 0,
            "eps": 1.81
        },
        "2013": {
            "cash": 0,
            "stock": 0,
            "eps": 2.01
        },
        "2014": {
            "cash": 0,
            "stock": 0,
            "eps": 1.55
        },
        "2015": {
            "cash": 0,
            "stock": 0,
            "eps": 1.23
        },
        "2016": {
            "cash": 0,
            "stock": 0,
            "eps": 0.64
        }
    },
    "dividends": [],
    "prices": {
        "200101": "4.82",
        "200102": "5.49",
        "200103": "5.26",
        "200104": "5.00",
        "200105": "4.92",
        "200106": "4.59",
        "200107": "4.49",
        "200108": "4.43",
        "200109": "4.62",
        "200110": "4.70",
        "200111": "5.03",
        "200112": "6.48",
        "200201": "7.06",
        "200202": "6.97",
        "200203": "6.90",
        "200204": "8.93",
        "200205": "9.51",
        "200206": "11.05",
        "200207": "10.51",
        "200208": "11.53",
        "200209": "10.91",
        "200210": "11.54",
        "200211": "12.78",
        "200212": "12.70",
        "200301": "14.69",
        "200302": "15.02",
        "200303": "12.67",
        "200304": "13.47",
        "200305": "13.03",
        "200306": "15.37",
        "200307": "14.98",
        "200308": "14.99",
        "200309": "15.22",
        "200310": "15.89",
        "200311": "17.98",
        "200312": "17.93",
        "200401": "19.12",
        "200402": "20.96",
        "200403": "21.53",
        "200404": "23.24",
        "200405": "16.24",
        "200406": "14.44",
        "200407": "13.72",
        "200408": "13.83",
        "200409": "15.70",
        "200410": "16.30",
        "200411": "15.40",
        "200412": "15.05",
        "200501": "15.05",
        "200502": "14.68",
        "200503": "14.61",
        "200504": "14.35",
        "200505": "14.47",
        "200506": "15.12",
        "200507": "15.64",
        "200508": "15.38",
        "200509": "14.44",
        "200510": "13.15",
        "200511": "12.85",
        "200512": "13.06",
        "200601": "13.98",
        "200602": "14.45",
        "200603": "13.37",
        "200604": "14.02",
        "200605": "14.58",
        "200606": "13.70",
        "200607": "13.67",
        "200608": "13.13",
        "200609": "12.32",
        "200610": "11.94",
        "200611": "12.21",
        "200612": "12.09",
        "200701": "12.88",
        "200702": "12.82",
        "200703": "12.90",
        "200704": "11.98",
        "200705": "7.27",
        "200706": "7.59",
        "200707": "10.97",
        "200708": "7.13",
        "200709": "3.23",
        "200710": "2.74",
        "200711": "2.46",
        "200712": "3.02",
        "200801": "3.38",
        "200802": "2.95",
        "200803": "2.95",
        "200804": "3.10",
        "200805": "2.95",
        "200806": "2.60",
        "200807": "2.21",
        "200808": "1.99",
        "200809": "3.94",
        "200810": "2.25",
        "200811": "2.36",
        "200812": "1.97",
        "200901": "1.92",
        "200902": "1.80",
        "200903": "1.57",
        "200904": "2.24",
        "200905": "3.83",
        "200906": "4.60",
        "200907": "4.08",
        "200908": "3.53",
        "200909": "3.81",
        "200910": "3.92",
        "200911": "3.71",
        "200912": "3.50",
        "201001": "5.25",
        "201002": "7.28",
        "201003": "6.98",
        "201004": "7.17",
        "201005": "6.19",
        "201006": "5.96",
        "201007": "6.89",
        "201008": "7.49",
        "201009": "6.83",
        "201010": "6.73",
        "201011": "6.71",
        "201012": "7.49",
        "201101": "9.00",
        "201102": "8.08",
        "201103": "7.39",
        "201104": "7.71",
        "201105": "7.76",
        "201106": "7.37",
        "201107": "7.30",
        "201108": "6.38",
        "201109": "5.60",
        "201110": "5.36",
        "201111": "5.82",
        "201112": "6.04",
        "201201": "5.93",
        "201202": "7.05",
        "201203": "8.12",
        "201204": "8.61",
        "201205": "8.12",
        "201206": "7.79",
        "201207": "8.19",
        "201208": "8.40",
        "201209": "8.91",
        "201210": "7.41",
        "201211": "7.52",
        "201212": "8.44",
        "201301": "10.29",
        "201302": "11.58",
        "201303": "17.56",
        "201304": "15.13",
        "201305": "14.87",
        "201306": "14.71",
        "201307": "15.27",
        "201308": "14.73",
        "201309": "14.49",
        "201310": "14.71",
        "201311": "14.65",
        "201312": "15.09",
        "201401": "15.53",
        "201402": "14.96",
        "201403": "14.85",
        "201404": "14.89",
        "201405": "14.90",
        "201406": "15.02",
        "201407": "15.23",
        "201408": "15.30",
        "201409": "15.40",
        "201410": "無",
        "201411": "無",
        "201412": "無",
        "201501": "無",
        "201502": "無",
        "201503": "無",
        "201504": "無",
        "201505": "無",
        "201506": "無",
        "201507": "無",
        "201508": "無",
        "201509": "無",
        "201510": "無",
        "201511": "無",
        "201512": "無",
        "201601": "無",
        "201602": "無",
        "201603": "無",
        "201604": "無",
        "201605": "無",
        "201606": "無",
        "201607": "無",
        "201608": "無",
        "201609": "無",
        "201610": "無",
        "201611": "無",
        "201612": "無",
        "201701": "無",
        "201702": "無",
        "201703": "無",
        "201704": "無",
        "201705": "無",
        "201706": "無",
        "201707": "無",
        "201708": "無",
        "201709": "無",
        "201710": "無",
        "201711": "無",
        "201712": "無",
        "201801": "無",
        "201802": "無",
        "201803": "無",
        "201804": "無",
        "201805": "無",
        "201806": "無",
        "201807": "無",
        "201808": "無",
        "201809": "無",
        "201810": "無",
        "201811": "無",
        "201812": "無",
        "201901": "無",
        "201902": "無",
        "201903": "無",
        "201904": "無",
        "201905": "無",
        "201906": "無",
        "201907": "無",
        "201908": "無",
        "201909": "無",
        "201910": "無",
        "201911": "無",
        "201912": "無",
        "202001": "無",
        "202002": "無",
        "202003": "無",
        "202004": "無",
        "202005": "無",
        "202006": "無",
        "202007": "無",
        "202008": "無",
        "202009": "無",
        "202010": "無",
        "202011": "無",
        "202012": "無",
        "202101": "無",
        "202102": "無",
        "202103": "無",
        "202104": "無",
        "202105": "無",
        "202106": "無",
        "202107": "無",
        "202108": "無",
        "202109": "無",
        "202110": "無",
        "202111": "無",
        "202112": "無",
        "202201": "無",
        "202202": "無",
        "202203": "無",
        "202204": "無",
        "202205": "無",
        "202206": "無",
        "202207": "無",
        "202208": "無",
        "202209": "無",
        "202210": "無",
        "202211": "無",
        "202212": "無",
        "202301": "無",
        "202302": "無",
        "202303": "無",
        "202304": "無",
        "202305": "無"
    },
    "quarters": {
        "20011": {
            "year_quarter": 20011,
            "year": 2001,
            "quarter": 1,
            "eps": null,
            "eps_growth_year": null,
            "eps_4q": null,
            "eps_4q_growth_year": null,
            "roe": null,
            "roe_4q": 0,
            "gross_profit": null,
            "gross_margin": null,
            "gross_margin_4q_avg": 0,
            "net_income": null,
            "revenue": null,
            "common_shares": null,
            "book_valuer_per_share": null,
            "book_valuer_per_share_4q_avg": 0,
            "equity": null,
            "current_ratio": null,
            "debt_ratio": null,
            "inventory_turnover_ratio": null,
            "account_receivable_turnover_ratio": null,
            "reinvestment_rate": null,
            "research_to_sale_ratio": null,
            "price_fair": 0,
            "eps_avg_yearly": 0,
            "eps_latest_yearly": 0,
            "eps_growth_yearly": 0
        },
        "20012": {
            "year_quarter": 20012,
            "year": 2001,
            "quarter": 2,
            "eps": null,
            "eps_growth_year": null,
            "eps_4q": null,
            "eps_4q_growth_year": null,
            "roe": null,
            "roe_4q": 0,
            "gross_profit": null,
            "gross_margin": null,
            "gross_margin_4q_avg": 0,
            "net_income": null,
            "revenue": null,
            "common_shares": null,
            "book_valuer_per_share": null,
            "book_valuer_per_share_4q_avg": 0,
            "equity": null,
            "current_ratio": null,
            "debt_ratio": null,
            "inventory_turnover_ratio": null,
            "account_receivable_turnover_ratio": null,
            "reinvestment_rate": null,
            "research_to_sale_ratio": null,
            "price_fair": 0,
            "eps_avg_yearly": 0,
            "eps_latest_yearly": 0,
            "eps_growth_yearly": 0
        },
        "20013": {
            "year_quarter": 20013,
            "year": 2001,
            "quarter": 3,
            "eps": null,
            "eps_growth_year": null,
            "eps_4q": null,
            "eps_4q_growth_year": null,
            "roe": null,
            "roe_4q": 0,
            "gross_profit": null,
            "gross_margin": null,
            "gross_margin_4q_avg": 0,
            "net_income": null,
            "revenue": null,
            "common_shares": null,
            "book_valuer_per_share": null,
            "book_valuer_per_share_4q_avg": 0,
            "equity": null,
            "current_ratio": null,
            "debt_ratio": null,
            "inventory_turnover_ratio": null,
            "account_receivable_turnover_ratio": null,
            "reinvestment_rate": null,
            "research_to_sale_ratio": null,
            "price_fair": 0,
            "eps_avg_yearly": 0,
            "eps_latest_yearly": 0,
            "eps_growth_yearly": 0
        },
        "20014": {
            "year_quarter": 20014,
            "year": 2001,
            "quarter": 4,
            "eps": null,
            "eps_growth_year": null,
            "eps_4q": null,
            "eps_4q_growth_year": null,
            "roe": null,
            "roe_4q": 0,
            "gross_profit": null,
            "gross_margin": null,
            "gross_margin_4q_avg": 0,
            "net_income": null,
            "revenue": null,
            "common_shares": null,
            "book_valuer_per_share": null,
            "book_valuer_per_share_4q_avg": 0,
            "equity": null,
            "current_ratio": null,
            "debt_ratio": null,
            "inventory_turnover_ratio": null,
            "account_receivable_turnover_ratio": null,
            "reinvestment_rate": null,
            "research_to_sale_ratio": null,
            "price_fair": 0,
            "eps_avg_yearly": 0,
            "eps_latest_yearly": 0,
            "eps_growth_yearly": 0
        },
        "20021": {
            "year_quarter": 20021,
            "year": 2002,
            "quarter": 1,
            "eps": null,
            "eps_growth_year": null,
            "eps_4q": null,
            "eps_4q_growth_year": null,
            "roe": null,
            "roe_4q": 0,
            "gross_profit": null,
            "gross_margin": null,
            "gross_margin_4q_avg": 0,
            "net_income": null,
            "revenue": null,
            "common_shares": null,
            "book_valuer_per_share": null,
            "book_valuer_per_share_4q_avg": 0,
            "equity": null,
            "current_ratio": null,
            "debt_ratio": null,
            "inventory_turnover_ratio": null,
            "account_receivable_turnover_ratio": null,
            "reinvestment_rate": null,
            "research_to_sale_ratio": null,
            "price_fair": 0,
            "eps_avg_yearly": 0,
            "eps_latest_yearly": 0,
            "eps_growth_yearly": 0
        },
        "20022": {
            "year_quarter": 20022,
            "year": 2002,
            "quarter": 2,
            "eps": null,
            "eps_growth_year": null,
            "eps_4q": null,
            "eps_4q_growth_year": null,
            "roe": null,
            "roe_4q": 0,
            "gross_profit": null,
            "gross_margin": null,
            "gross_margin_4q_avg": 0,
            "net_income": null,
            "revenue": null,
            "common_shares": null,
            "book_valuer_per_share": null,
            "book_valuer_per_share_4q_avg": 0,
            "equity": null,
            "current_ratio": null,
            "debt_ratio": null,
            "inventory_turnover_ratio": null,
            "account_receivable_turnover_ratio": null,
            "reinvestment_rate": null,
            "research_to_sale_ratio": null,
            "price_fair": 0,
            "eps_avg_yearly": 0,
            "eps_latest_yearly": 0,
            "eps_growth_yearly": 0
        },
        "20023": {
            "year_quarter": 20023,
            "year": 2002,
            "quarter": 3,
            "eps": null,
            "eps_growth_year": null,
            "eps_4q": null,
            "eps_4q_growth_year": null,
            "roe": null,
            "roe_4q": 0,
            "gross_profit": null,
            "gross_margin": null,
            "gross_margin_4q_avg": 0,
            "net_income": null,
            "revenue": null,
            "common_shares": null,
            "book_valuer_per_share": null,
            "book_valuer_per_share_4q_avg": 0,
            "equity": null,
            "current_ratio": null,
            "debt_ratio": null,
            "inventory_turnover_ratio": null,
            "account_receivable_turnover_ratio": null,
            "reinvestment_rate": null,
            "research_to_sale_ratio": null,
            "price_fair": 0,
            "eps_avg_yearly": 0,
            "eps_latest_yearly": 0,
            "eps_growth_yearly": 0
        },
        "20024": {
            "year_quarter": 20024,
            "year": 2002,
            "quarter": 4,
            "eps": null,
            "eps_growth_year": null,
            "eps_4q": null,
            "eps_4q_growth_year": null,
            "roe": null,
            "roe_4q": 0,
            "gross_profit": null,
            "gross_margin": null,
            "gross_margin_4q_avg": 0,
            "net_income": null,
            "revenue": null,
            "common_shares": null,
            "book_valuer_per_share": null,
            "book_valuer_per_share_4q_avg": 0,
            "equity": null,
            "current_ratio": null,
            "debt_ratio": null,
            "inventory_turnover_ratio": null,
            "account_receivable_turnover_ratio": null,
            "reinvestment_rate": null,
            "research_to_sale_ratio": null,
            "price_fair": 0,
            "eps_avg_yearly": 0,
            "eps_latest_yearly": 0,
            "eps_growth_yearly": 0
        },
        "20031": {
            "year_quarter": 20031,
            "year": 2003,
            "quarter": 1,
            "eps": null,
            "eps_growth_year": null,
            "eps_4q": null,
            "eps_4q_growth_year": null,
            "roe": null,
            "roe_4q": 0,
            "gross_profit": null,
            "gross_margin": null,
            "gross_margin_4q_avg": 0,
            "net_income": null,
            "revenue": null,
            "common_shares": null,
            "book_valuer_per_share": null,
            "book_valuer_per_share_4q_avg": 0,
            "equity": null,
            "current_ratio": null,
            "debt_ratio": null,
            "inventory_turnover_ratio": null,
            "account_receivable_turnover_ratio": null,
            "reinvestment_rate": null,
            "research_to_sale_ratio": null,
            "price_fair": 0,
            "eps_avg_yearly": 0,
            "eps_latest_yearly": 0,
            "eps_growth_yearly": 0
        },
        "20032": {
            "year_quarter": 20032,
            "year": 2003,
            "quarter": 2,
            "eps": null,
            "eps_growth_year": null,
            "eps_4q": null,
            "eps_4q_growth_year": null,
            "roe": null,
            "roe_4q": 0,
            "gross_profit": null,
            "gross_margin": null,
            "gross_margin_4q_avg": 0,
            "net_income": null,
            "revenue": null,
            "common_shares": null,
            "book_valuer_per_share": null,
            "book_valuer_per_share_4q_avg": 0,
            "equity": null,
            "current_ratio": null,
            "debt_ratio": null,
            "inventory_turnover_ratio": null,
            "account_receivable_turnover_ratio": null,
            "reinvestment_rate": null,
            "research_to_sale_ratio": null,
            "price_fair": 0,
            "eps_avg_yearly": 0,
            "eps_latest_yearly": 0,
            "eps_growth_yearly": 0
        },
        "20033": {
            "year_quarter": 20033,
            "year": 2003,
            "quarter": 3,
            "eps": null,
            "eps_growth_year": null,
            "eps_4q": null,
            "eps_4q_growth_year": null,
            "roe": null,
            "roe_4q": 0,
            "gross_profit": null,
            "gross_margin": null,
            "gross_margin_4q_avg": 0,
            "net_income": null,
            "revenue": null,
            "common_shares": null,
            "book_valuer_per_share": null,
            "book_valuer_per_share_4q_avg": 0,
            "equity": null,
            "current_ratio": null,
            "debt_ratio": null,
            "inventory_turnover_ratio": null,
            "account_receivable_turnover_ratio": null,
            "reinvestment_rate": null,
            "research_to_sale_ratio": null,
            "price_fair": 0,
            "eps_avg_yearly": 0,
            "eps_latest_yearly": 0,
            "eps_growth_yearly": 0
        },
        "20034": {
            "year_quarter": 20034,
            "year": 2003,
            "quarter": 4,
            "eps": null,
            "eps_growth_year": null,
            "eps_4q": null,
            "eps_4q_growth_year": null,
            "roe": null,
            "roe_4q": 0,
            "gross_profit": null,
            "gross_margin": null,
            "gross_margin_4q_avg": 0,
            "net_income": null,
            "revenue": null,
            "common_shares": null,
            "book_valuer_per_share": null,
            "book_valuer_per_share_4q_avg": 0,
            "equity": null,
            "current_ratio": null,
            "debt_ratio": null,
            "inventory_turnover_ratio": null,
            "account_receivable_turnover_ratio": null,
            "reinvestment_rate": null,
            "research_to_sale_ratio": null,
            "price_fair": 0,
            "eps_avg_yearly": 0,
            "eps_latest_yearly": 0,
            "eps_growth_yearly": 0
        },
        "20041": {
            "year_quarter": 20041,
            "year": 2004,
            "quarter": 1,
            "eps": null,
            "eps_growth_year": null,
            "eps_4q": null,
            "eps_4q_growth_year": null,
            "roe": null,
            "roe_4q": 0,
            "gross_profit": null,
            "gross_margin": null,
            "gross_margin_4q_avg": 0,
            "net_income": null,
            "revenue": null,
            "common_shares": null,
            "book_valuer_per_share": null,
            "book_valuer_per_share_4q_avg": 0,
            "equity": null,
            "current_ratio": null,
            "debt_ratio": null,
            "inventory_turnover_ratio": null,
            "account_receivable_turnover_ratio": null,
            "reinvestment_rate": null,
            "research_to_sale_ratio": null,
            "price_fair": 0,
            "eps_avg_yearly": 0,
            "eps_latest_yearly": 0,
            "eps_growth_yearly": 0
        },
        "20042": {
            "year_quarter": 20042,
            "year": 2004,
            "quarter": 2,
            "eps": null,
            "eps_growth_year": null,
            "eps_4q": null,
            "eps_4q_growth_year": null,
            "roe": null,
            "roe_4q": 0,
            "gross_profit": null,
            "gross_margin": null,
            "gross_margin_4q_avg": 0,
            "net_income": null,
            "revenue": null,
            "common_shares": null,
            "book_valuer_per_share": null,
            "book_valuer_per_share_4q_avg": 0,
            "equity": null,
            "current_ratio": null,
            "debt_ratio": null,
            "inventory_turnover_ratio": null,
            "account_receivable_turnover_ratio": null,
            "reinvestment_rate": null,
            "research_to_sale_ratio": null,
            "price_fair": 0,
            "eps_avg_yearly": 0,
            "eps_latest_yearly": 0,
            "eps_growth_yearly": 0
        },
        "20043": {
            "year_quarter": 20043,
            "year": 2004,
            "quarter": 3,
            "eps": null,
            "eps_growth_year": null,
            "eps_4q": null,
            "eps_4q_growth_year": null,
            "roe": null,
            "roe_4q": 0,
            "gross_profit": null,
            "gross_margin": null,
            "gross_margin_4q_avg": 0,
            "net_income": null,
            "revenue": null,
            "common_shares": null,
            "book_valuer_per_share": null,
            "book_valuer_per_share_4q_avg": 0,
            "equity": null,
            "current_ratio": null,
            "debt_ratio": null,
            "inventory_turnover_ratio": null,
            "account_receivable_turnover_ratio": null,
            "reinvestment_rate": null,
            "research_to_sale_ratio": null,
            "price_fair": 0,
            "eps_avg_yearly": 0,
            "eps_latest_yearly": 0,
            "eps_growth_yearly": 0
        },
        "20044": {
            "year_quarter": 20044,
            "year": 2004,
            "quarter": 4,
            "eps": null,
            "eps_growth_year": null,
            "eps_4q": null,
            "eps_4q_growth_year": null,
            "roe": null,
            "roe_4q": 0,
            "gross_profit": null,
            "gross_margin": null,
            "gross_margin_4q_avg": 0,
            "net_income": null,
            "revenue": null,
            "common_shares": null,
            "book_valuer_per_share": null,
            "book_valuer_per_share_4q_avg": 0,
            "equity": null,
            "current_ratio": null,
            "debt_ratio": null,
            "inventory_turnover_ratio": null,
            "account_receivable_turnover_ratio": null,
            "reinvestment_rate": null,
            "research_to_sale_ratio": null,
            "price_fair": 0,
            "eps_avg_yearly": 0,
            "eps_latest_yearly": 0,
            "eps_growth_yearly": 0
        },
        "20051": {
            "year_quarter": 20051,
            "year": 2005,
            "quarter": 1,
            "eps": null,
            "eps_growth_year": null,
            "eps_4q": null,
            "eps_4q_growth_year": null,
            "roe": null,
            "roe_4q": 0,
            "gross_profit": null,
            "gross_margin": null,
            "gross_margin_4q_avg": 0,
            "net_income": null,
            "revenue": null,
            "common_shares": null,
            "book_valuer_per_share": null,
            "book_valuer_per_share_4q_avg": 0,
            "equity": null,
            "current_ratio": null,
            "debt_ratio": null,
            "inventory_turnover_ratio": null,
            "account_receivable_turnover_ratio": null,
            "reinvestment_rate": null,
            "research_to_sale_ratio": null,
            "price_fair": 0,
            "eps_avg_yearly": 0,
            "eps_latest_yearly": 0,
            "eps_growth_yearly": 0
        },
        "20052": {
            "year_quarter": 20052,
            "year": 2005,
            "quarter": 2,
            "eps": null,
            "eps_growth_year": null,
            "eps_4q": null,
            "eps_4q_growth_year": null,
            "roe": null,
            "roe_4q": 0,
            "gross_profit": null,
            "gross_margin": null,
            "gross_margin_4q_avg": 0,
            "net_income": null,
            "revenue": null,
            "common_shares": null,
            "book_valuer_per_share": null,
            "book_valuer_per_share_4q_avg": 0,
            "equity": null,
            "current_ratio": null,
            "debt_ratio": null,
            "inventory_turnover_ratio": null,
            "account_receivable_turnover_ratio": null,
            "reinvestment_rate": null,
            "research_to_sale_ratio": null,
            "price_fair": 0,
            "eps_avg_yearly": 0,
            "eps_latest_yearly": 0,
            "eps_growth_yearly": 0
        },
        "20053": {
            "year_quarter": 20053,
            "year": 2005,
            "quarter": 3,
            "eps": null,
            "eps_growth_year": null,
            "eps_4q": null,
            "eps_4q_growth_year": null,
            "roe": null,
            "roe_4q": 0,
            "gross_profit": null,
            "gross_margin": null,
            "gross_margin_4q_avg": 0,
            "net_income": null,
            "revenue": null,
            "common_shares": null,
            "book_valuer_per_share": null,
            "book_valuer_per_share_4q_avg": 0,
            "equity": null,
            "current_ratio": null,
            "debt_ratio": null,
            "inventory_turnover_ratio": null,
            "account_receivable_turnover_ratio": null,
            "reinvestment_rate": null,
            "research_to_sale_ratio": null,
            "price_fair": 0,
            "eps_avg_yearly": 0,
            "eps_latest_yearly": 0,
            "eps_growth_yearly": 0
        },
        "20054": {
            "year_quarter": 20054,
            "year": 2005,
            "quarter": 4,
            "eps": null,
            "eps_growth_year": null,
            "eps_4q": null,
            "eps_4q_growth_year": null,
            "roe": null,
            "roe_4q": 0,
            "gross_profit": null,
            "gross_margin": null,
            "gross_margin_4q_avg": 0,
            "net_income": null,
            "revenue": null,
            "common_shares": null,
            "book_valuer_per_share": null,
            "book_valuer_per_share_4q_avg": 0,
            "equity": null,
            "current_ratio": null,
            "debt_ratio": null,
            "inventory_turnover_ratio": null,
            "account_receivable_turnover_ratio": null,
            "reinvestment_rate": null,
            "research_to_sale_ratio": null,
            "price_fair": 0,
            "eps_avg_yearly": 0,
            "eps_latest_yearly": 0,
            "eps_growth_yearly": 0
        },
        "20061": {
            "year_quarter": 20061,
            "year": 2006,
            "quarter": 1,
            "eps": null,
            "eps_growth_year": null,
            "eps_4q": null,
            "eps_4q_growth_year": null,
            "roe": null,
            "roe_4q": 0,
            "gross_profit": null,
            "gross_margin": null,
            "gross_margin_4q_avg": 0,
            "net_income": null,
            "revenue": null,
            "common_shares": null,
            "book_valuer_per_share": null,
            "book_valuer_per_share_4q_avg": 0,
            "equity": null,
            "current_ratio": null,
            "debt_ratio": null,
            "inventory_turnover_ratio": null,
            "account_receivable_turnover_ratio": null,
            "reinvestment_rate": null,
            "research_to_sale_ratio": null,
            "price_fair": 0,
            "eps_avg_yearly": 0,
            "eps_latest_yearly": 0,
            "eps_growth_yearly": 0
        },
        "20062": {
            "year_quarter": 20062,
            "year": 2006,
            "quarter": 2,
            "eps": null,
            "eps_growth_year": null,
            "eps_4q": null,
            "eps_4q_growth_year": null,
            "roe": null,
            "roe_4q": 0,
            "gross_profit": null,
            "gross_margin": null,
            "gross_margin_4q_avg": 0,
            "net_income": null,
            "revenue": null,
            "common_shares": null,
            "book_valuer_per_share": null,
            "book_valuer_per_share_4q_avg": 0,
            "equity": null,
            "current_ratio": null,
            "debt_ratio": null,
            "inventory_turnover_ratio": null,
            "account_receivable_turnover_ratio": null,
            "reinvestment_rate": null,
            "research_to_sale_ratio": null,
            "price_fair": 0,
            "eps_avg_yearly": 0,
            "eps_latest_yearly": 0,
            "eps_growth_yearly": 0
        },
        "20063": {
            "year_quarter": 20063,
            "year": 2006,
            "quarter": 3,
            "eps": null,
            "eps_growth_year": null,
            "eps_4q": null,
            "eps_4q_growth_year": null,
            "roe": null,
            "roe_4q": 0,
            "gross_profit": null,
            "gross_margin": null,
            "gross_margin_4q_avg": 0,
            "net_income": null,
            "revenue": null,
            "common_shares": null,
            "book_valuer_per_share": null,
            "book_valuer_per_share_4q_avg": 0,
            "equity": null,
            "current_ratio": null,
            "debt_ratio": null,
            "inventory_turnover_ratio": null,
            "account_receivable_turnover_ratio": null,
            "reinvestment_rate": null,
            "research_to_sale_ratio": null,
            "price_fair": 0,
            "eps_avg_yearly": 0,
            "eps_latest_yearly": 0,
            "eps_growth_yearly": 0
        },
        "20064": {
            "year_quarter": 20064,
            "year": 2006,
            "quarter": 4,
            "eps": null,
            "eps_growth_year": null,
            "eps_4q": null,
            "eps_4q_growth_year": null,
            "roe": null,
            "roe_4q": 0,
            "gross_profit": null,
            "gross_margin": null,
            "gross_margin_4q_avg": 0,
            "net_income": null,
            "revenue": null,
            "common_shares": null,
            "book_valuer_per_share": null,
            "book_valuer_per_share_4q_avg": 0,
            "equity": null,
            "current_ratio": null,
            "debt_ratio": null,
            "inventory_turnover_ratio": null,
            "account_receivable_turnover_ratio": null,
            "reinvestment_rate": null,
            "research_to_sale_ratio": null,
            "price_fair": 0,
            "eps_avg_yearly": 0,
            "eps_latest_yearly": 0,
            "eps_growth_yearly": 0
        },
        "20071": {
            "year_quarter": 20071,
            "year": 2007,
            "quarter": 1,
            "eps": null,
            "eps_growth_year": null,
            "eps_4q": null,
            "eps_4q_growth_year": null,
            "roe": null,
            "roe_4q": 0,
            "gross_profit": null,
            "gross_margin": null,
            "gross_margin_4q_avg": 0,
            "net_income": null,
            "revenue": null,
            "common_shares": null,
            "book_valuer_per_share": null,
            "book_valuer_per_share_4q_avg": 0,
            "equity": null,
            "current_ratio": null,
            "debt_ratio": null,
            "inventory_turnover_ratio": null,
            "account_receivable_turnover_ratio": null,
            "reinvestment_rate": null,
            "research_to_sale_ratio": null,
            "price_fair": 0,
            "eps_avg_yearly": 0,
            "eps_latest_yearly": 0,
            "eps_growth_yearly": 0
        },
        "20072": {
            "year_quarter": 20072,
            "year": 2007,
            "quarter": 2,
            "eps": null,
            "eps_growth_year": null,
            "eps_4q": null,
            "eps_4q_growth_year": null,
            "roe": null,
            "roe_4q": 0,
            "gross_profit": null,
            "gross_margin": null,
            "gross_margin_4q_avg": 0,
            "net_income": null,
            "revenue": null,
            "common_shares": null,
            "book_valuer_per_share": null,
            "book_valuer_per_share_4q_avg": 0,
            "equity": null,
            "current_ratio": null,
            "debt_ratio": null,
            "inventory_turnover_ratio": null,
            "account_receivable_turnover_ratio": null,
            "reinvestment_rate": null,
            "research_to_sale_ratio": null,
            "price_fair": 0,
            "eps_avg_yearly": 0,
            "eps_latest_yearly": 0,
            "eps_growth_yearly": 0
        },
        "20073": {
            "year_quarter": 20073,
            "year": 2007,
            "quarter": 3,
            "eps": null,
            "eps_growth_year": null,
            "eps_4q": null,
            "eps_4q_growth_year": null,
            "roe": null,
            "roe_4q": 0,
            "gross_profit": null,
            "gross_margin": null,
            "gross_margin_4q_avg": 0,
            "net_income": null,
            "revenue": null,
            "common_shares": null,
            "book_valuer_per_share": null,
            "book_valuer_per_share_4q_avg": 0,
            "equity": null,
            "current_ratio": null,
            "debt_ratio": null,
            "inventory_turnover_ratio": null,
            "account_receivable_turnover_ratio": null,
            "reinvestment_rate": null,
            "research_to_sale_ratio": null,
            "price_fair": 0,
            "eps_avg_yearly": 0,
            "eps_latest_yearly": 0,
            "eps_growth_yearly": 0
        },
        "20074": {
            "year_quarter": 20074,
            "year": 2007,
            "quarter": 4,
            "eps": null,
            "eps_growth_year": null,
            "eps_4q": null,
            "eps_4q_growth_year": null,
            "roe": null,
            "roe_4q": 0,
            "gross_profit": null,
            "gross_margin": null,
            "gross_margin_4q_avg": 0,
            "net_income": null,
            "revenue": null,
            "common_shares": null,
            "book_valuer_per_share": null,
            "book_valuer_per_share_4q_avg": 0,
            "equity": null,
            "current_ratio": null,
            "debt_ratio": null,
            "inventory_turnover_ratio": null,
            "account_receivable_turnover_ratio": null,
            "reinvestment_rate": null,
            "research_to_sale_ratio": null,
            "price_fair": 0,
            "eps_avg_yearly": 0,
            "eps_latest_yearly": 0,
            "eps_growth_yearly": 0
        },
        "20081": {
            "year_quarter": 20081,
            "year": 2008,
            "quarter": 1,
            "eps": null,
            "eps_growth_year": null,
            "eps_4q": null,
            "eps_4q_growth_year": null,
            "roe": null,
            "roe_4q": 0,
            "gross_profit": null,
            "gross_margin": null,
            "gross_margin_4q_avg": 0,
            "net_income": null,
            "revenue": null,
            "common_shares": null,
            "book_valuer_per_share": null,
            "book_valuer_per_share_4q_avg": 0,
            "equity": null,
            "current_ratio": null,
            "debt_ratio": null,
            "inventory_turnover_ratio": null,
            "account_receivable_turnover_ratio": null,
            "reinvestment_rate": null,
            "research_to_sale_ratio": null,
            "price_fair": 0,
            "eps_avg_yearly": 0,
            "eps_latest_yearly": 0,
            "eps_growth_yearly": 0
        },
        "20082": {
            "year_quarter": 20082,
            "year": 2008,
            "quarter": 2,
            "eps": null,
            "eps_growth_year": null,
            "eps_4q": null,
            "eps_4q_growth_year": null,
            "roe": null,
            "roe_4q": 0,
            "gross_profit": null,
            "gross_margin": null,
            "gross_margin_4q_avg": 0,
            "net_income": null,
            "revenue": null,
            "common_shares": null,
            "book_valuer_per_share": null,
            "book_valuer_per_share_4q_avg": 0,
            "equity": null,
            "current_ratio": null,
            "debt_ratio": null,
            "inventory_turnover_ratio": null,
            "account_receivable_turnover_ratio": null,
            "reinvestment_rate": null,
            "research_to_sale_ratio": null,
            "price_fair": 0,
            "eps_avg_yearly": 0,
            "eps_latest_yearly": 0,
            "eps_growth_yearly": 0
        },
        "20083": {
            "year_quarter": 20083,
            "year": 2008,
            "quarter": 3,
            "eps": null,
            "eps_growth_year": null,
            "eps_4q": null,
            "eps_4q_growth_year": null,
            "roe": null,
            "roe_4q": 0,
            "gross_profit": null,
            "gross_margin": null,
            "gross_margin_4q_avg": 0,
            "net_income": null,
            "revenue": null,
            "common_shares": null,
            "book_valuer_per_share": null,
            "book_valuer_per_share_4q_avg": 0,
            "equity": null,
            "current_ratio": null,
            "debt_ratio": null,
            "inventory_turnover_ratio": null,
            "account_receivable_turnover_ratio": null,
            "reinvestment_rate": null,
            "research_to_sale_ratio": null,
            "price_fair": 0,
            "eps_avg_yearly": 0,
            "eps_latest_yearly": 0,
            "eps_growth_yearly": 0
        },
        "20084": {
            "year_quarter": 20084,
            "year": 2008,
            "quarter": 4,
            "eps": null,
            "eps_growth_year": null,
            "eps_4q": null,
            "eps_4q_growth_year": null,
            "roe": null,
            "roe_4q": 0,
            "gross_profit": null,
            "gross_margin": null,
            "gross_margin_4q_avg": 0,
            "net_income": null,
            "revenue": null,
            "common_shares": 22347209,
            "book_valuer_per_share": null,
            "book_valuer_per_share_4q_avg": 0,
            "equity": 22122077,
            "current_ratio": null,
            "debt_ratio": null,
            "inventory_turnover_ratio": null,
            "account_receivable_turnover_ratio": null,
            "reinvestment_rate": null,
            "research_to_sale_ratio": null,
            "price_fair": 0,
            "eps_avg_yearly": 0,
            "eps_latest_yearly": 0,
            "eps_growth_yearly": 0
        },
        "20091": {
            "year_quarter": 20091,
            "year": 2009,
            "quarter": 1,
            "eps": null,
            "eps_growth_year": null,
            "eps_4q": null,
            "eps_4q_growth_year": null,
            "roe": null,
            "roe_4q": 0,
            "gross_profit": null,
            "gross_margin": null,
            "gross_margin_4q_avg": 0,
            "net_income": -2288778,
            "revenue": -2288778,
            "common_shares": 22347209,
            "book_valuer_per_share": null,
            "book_valuer_per_share_4q_avg": 0,
            "equity": 19848112,
            "current_ratio": null,
            "debt_ratio": null,
            "inventory_turnover_ratio": null,
            "account_receivable_turnover_ratio": null,
            "reinvestment_rate": null,
            "research_to_sale_ratio": null,
            "price_fair": 0,
            "eps_avg_yearly": 0,
            "eps_latest_yearly": 0,
            "eps_growth_yearly": 0
        },
        "20092": {
            "year_quarter": 20092,
            "year": 2009,
            "quarter": 2,
            "eps": null,
            "eps_growth_year": null,
            "eps_4q": null,
            "eps_4q_growth_year": null,
            "roe": null,
            "roe_4q": 0,
            "gross_profit": null,
            "gross_margin": null,
            "gross_margin_4q_avg": 0,
            "net_income": -2867521,
            "revenue": -2867521,
            "common_shares": 22347209,
            "book_valuer_per_share": null,
            "book_valuer_per_share_4q_avg": 0,
            "equity": 16988337,
            "current_ratio": null,
            "debt_ratio": null,
            "inventory_turnover_ratio": null,
            "account_receivable_turnover_ratio": null,
            "reinvestment_rate": null,
            "research_to_sale_ratio": null,
            "price_fair": 0,
            "eps_avg_yearly": 0,
            "eps_latest_yearly": 0,
            "eps_growth_yearly": 0
        },
        "20093": {
            "year_quarter": 20093,
            "year": 2009,
            "quarter": 3,
            "eps": null,
            "eps_growth_year": null,
            "eps_4q": null,
            "eps_4q_growth_year": null,
            "roe": null,
            "roe_4q": 0,
            "gross_profit": null,
            "gross_margin": null,
            "gross_margin_4q_avg": 0,
            "net_income": -1224762,
            "revenue": -1224762,
            "common_shares": 24056426,
            "book_valuer_per_share": null,
            "book_valuer_per_share_4q_avg": 0,
            "equity": 16320093,
            "current_ratio": null,
            "debt_ratio": null,
            "inventory_turnover_ratio": null,
            "account_receivable_turnover_ratio": null,
            "reinvestment_rate": null,
            "research_to_sale_ratio": null,
            "price_fair": 0,
            "eps_avg_yearly": 0,
            "eps_latest_yearly": 0,
            "eps_growth_yearly": 0
        },
        "20094": {
            "year_quarter": 20094,
            "year": 2009,
            "quarter": 4,
            "eps": null,
            "eps_growth_year": null,
            "eps_4q": null,
            "eps_4q_growth_year": null,
            "roe": null,
            "roe_4q": 0,
            "gross_profit": null,
            "gross_margin": null,
            "gross_margin_4q_avg": 0,
            "net_income": -783210,
            "revenue": -783210,
            "common_shares": 16234639,
            "book_valuer_per_share": 9.83,
            "book_valuer_per_share_4q_avg": 2.46,
            "equity": 15954309,
            "current_ratio": null,
            "debt_ratio": 88.31,
            "inventory_turnover_ratio": null,
            "account_receivable_turnover_ratio": null,
            "reinvestment_rate": null,
            "research_to_sale_ratio": null,
            "price_fair": 0,
            "eps_avg_yearly": 0,
            "eps_latest_yearly": 0,
            "eps_growth_yearly": 0
        },
        "20101": {
            "year_quarter": 20101,
            "year": 2010,
            "quarter": 1,
            "eps": -0.66,
            "eps_growth_year": null,
            "eps_4q": -0.66,
            "eps_4q_growth_year": null,
            "roe": -7,
            "roe_4q": -7,
            "gross_profit": null,
            "gross_margin": null,
            "gross_margin_4q_avg": 0,
            "net_income": -1078665,
            "revenue": -1078665,
            "common_shares": 16234639,
            "book_valuer_per_share": 9.16,
            "book_valuer_per_share_4q_avg": 4.75,
            "equity": 14876192,
            "current_ratio": null,
            "debt_ratio": 89.04,
            "inventory_turnover_ratio": null,
            "account_receivable_turnover_ratio": -0.32,
            "reinvestment_rate": null,
            "research_to_sale_ratio": 0,
            "price_fair": 0,
            "eps_avg_yearly": 0,
            "eps_latest_yearly": 0,
            "eps_growth_yearly": 0
        },
        "20102": {
            "year_quarter": 20102,
            "year": 2010,
            "quarter": 2,
            "eps": -0.92,
            "eps_growth_year": null,
            "eps_4q": -1.59,
            "eps_4q_growth_year": null,
            "roe": -10.62,
            "roe_4q": -17.619999999999997,
            "gross_profit": null,
            "gross_margin": null,
            "gross_margin_4q_avg": 0,
            "net_income": -1499804,
            "revenue": -1499804,
            "common_shares": 16234639,
            "book_valuer_per_share": 8.24,
            "book_valuer_per_share_4q_avg": 6.81,
            "equity": 13372888,
            "current_ratio": null,
            "debt_ratio": 89.91,
            "inventory_turnover_ratio": null,
            "account_receivable_turnover_ratio": -0.43,
            "reinvestment_rate": null,
            "research_to_sale_ratio": null,
            "price_fair": 0,
            "eps_avg_yearly": 0,
            "eps_latest_yearly": 0,
            "eps_growth_yearly": 0
        },
        "20103": {
            "year_quarter": 20103,
            "year": 2010,
            "quarter": 3,
            "eps": 0.05,
            "eps_growth_year": null,
            "eps_4q": -1.54,
            "eps_4q_growth_year": null,
            "roe": 0.63,
            "roe_4q": -16.99,
            "gross_profit": null,
            "gross_margin": null,
            "gross_margin_4q_avg": 0,
            "net_income": 84590,
            "revenue": 84590,
            "common_shares": 16234639,
            "book_valuer_per_share": 8.29,
            "book_valuer_per_share_4q_avg": 8.88,
            "equity": 13463271,
            "current_ratio": null,
            "debt_ratio": 89.9,
            "inventory_turnover_ratio": null,
            "account_receivable_turnover_ratio": 0.02,
            "reinvestment_rate": null,
            "research_to_sale_ratio": null,
            "price_fair": 0,
            "eps_avg_yearly": 0,
            "eps_latest_yearly": 0,
            "eps_growth_yearly": 0
        },
        "20104": {
            "year_quarter": 20104,
            "year": 2010,
            "quarter": 4,
            "eps": -0.56,
            "eps_growth_year": null,
            "eps_4q": -2.1,
            "eps_4q_growth_year": null,
            "roe": -7.03,
            "roe_4q": -24.02,
            "gross_profit": null,
            "gross_margin": null,
            "gross_margin_4q_avg": 0,
            "net_income": -914023,
            "revenue": -914023,
            "common_shares": 16234639,
            "book_valuer_per_share": 7.72,
            "book_valuer_per_share_4q_avg": 8.35,
            "equity": 12536940,
            "current_ratio": null,
            "debt_ratio": 90.27,
            "inventory_turnover_ratio": null,
            "account_receivable_turnover_ratio": -0.56,
            "reinvestment_rate": null,
            "research_to_sale_ratio": null,
            "price_fair": 0,
            "eps_avg_yearly": 0,
            "eps_latest_yearly": 0,
            "eps_growth_yearly": 0
        },
        "20111": {
            "year_quarter": 20111,
            "year": 2011,
            "quarter": 1,
            "eps": 0.02,
            "eps_growth_year": null,
            "eps_4q": -1.41,
            "eps_4q_growth_year": null,
            "roe": 0.29,
            "roe_4q": -16.73,
            "gross_profit": null,
            "gross_margin": null,
            "gross_margin_4q_avg": 0,
            "net_income": 36240,
            "revenue": 36240,
            "common_shares": 16234639,
            "book_valuer_per_share": 7.75,
            "book_valuer_per_share_4q_avg": 8,
            "equity": 12580197,
            "current_ratio": null,
            "debt_ratio": 90.71,
            "inventory_turnover_ratio": null,
            "account_receivable_turnover_ratio": null,
            "reinvestment_rate": null,
            "research_to_sale_ratio": null,
            "price_fair": 0,
            "eps_avg_yearly": 0,
            "eps_latest_yearly": 0,
            "eps_growth_yearly": 0
        },
        "20112": {
            "year_quarter": 20112,
            "year": 2011,
            "quarter": 2,
            "eps": -0.09,
            "eps_growth_year": null,
            "eps_4q": -0.58,
            "eps_4q_growth_year": null,
            "roe": -1.16,
            "roe_4q": -7.2700000000000005,
            "gross_profit": null,
            "gross_margin": null,
            "gross_margin_4q_avg": 0,
            "net_income": -145290,
            "revenue": -145290,
            "common_shares": 16234639,
            "book_valuer_per_share": 7.66,
            "book_valuer_per_share_4q_avg": 7.86,
            "equity": 12438929,
            "current_ratio": null,
            "debt_ratio": 90.86,
            "inventory_turnover_ratio": null,
            "account_receivable_turnover_ratio": null,
            "reinvestment_rate": null,
            "research_to_sale_ratio": null,
            "price_fair": 0,
            "eps_avg_yearly": 0,
            "eps_latest_yearly": 0,
            "eps_growth_yearly": 0
        },
        "20113": {
            "year_quarter": 20113,
            "year": 2011,
            "quarter": 3,
            "eps": -0.12,
            "eps_growth_year": -338.57,
            "eps_4q": -0.75,
            "eps_4q_growth_year": null,
            "roe": -1.63,
            "roe_4q": -9.530000000000001,
            "gross_profit": null,
            "gross_margin": null,
            "gross_margin_4q_avg": 0,
            "net_income": -201807,
            "revenue": -201807,
            "common_shares": 16234639,
            "book_valuer_per_share": 7.55,
            "book_valuer_per_share_4q_avg": 7.67,
            "equity": 12263319,
            "current_ratio": null,
            "debt_ratio": 91.14,
            "inventory_turnover_ratio": null,
            "account_receivable_turnover_ratio": null,
            "reinvestment_rate": null,
            "research_to_sale_ratio": null,
            "price_fair": 0,
            "eps_avg_yearly": 0,
            "eps_latest_yearly": 0,
            "eps_growth_yearly": 0
        },
        "20114": {
            "year_quarter": 20114,
            "year": 2011,
            "quarter": 4,
            "eps": 0.03,
            "eps_growth_year": null,
            "eps_4q": -0.16,
            "eps_4q_growth_year": null,
            "roe": 0.4,
            "roe_4q": -2.0999999999999996,
            "gross_profit": null,
            "gross_margin": null,
            "gross_margin_4q_avg": 0,
            "net_income": 49193,
            "revenue": 49193,
            "common_shares": 16234639,
            "book_valuer_per_share": 7.6,
            "book_valuer_per_share_4q_avg": 7.64,
            "equity": 12334384,
            "current_ratio": null,
            "debt_ratio": 91.19,
            "inventory_turnover_ratio": null,
            "account_receivable_turnover_ratio": null,
            "reinvestment_rate": null,
            "research_to_sale_ratio": null,
            "price_fair": 0,
            "eps_avg_yearly": 0,
            "eps_latest_yearly": 0,
            "eps_growth_yearly": 0
        },
        "20121": {
            "year_quarter": 20121,
            "year": 2012,
            "quarter": 1,
            "eps": 0.32,
            "eps_growth_year": 1500,
            "eps_4q": 0.13,
            "eps_4q_growth_year": null,
            "roe": 4.06,
            "roe_4q": 1.6700000000000002,
            "gross_profit": null,
            "gross_margin": null,
            "gross_margin_4q_avg": 0,
            "net_income": 511464,
            "revenue": 511464,
            "common_shares": 16234639,
            "book_valuer_per_share": 7.92,
            "book_valuer_per_share_4q_avg": 7.68,
            "equity": 12855702,
            "current_ratio": null,
            "debt_ratio": 90.91,
            "inventory_turnover_ratio": null,
            "account_receivable_turnover_ratio": null,
            "reinvestment_rate": null,
            "research_to_sale_ratio": null,
            "price_fair": 44.8,
            "eps_avg_yearly": 1.28,
            "eps_latest_yearly": 1.28,
            "eps_growth_yearly": 3866.67
        },
        "20122": {
            "year_quarter": 20122,
            "year": 2012,
            "quarter": 2,
            "eps": 0.44,
            "eps_growth_year": null,
            "eps_4q": 0.66,
            "eps_4q_growth_year": null,
            "roe": 5.37,
            "roe_4q": 8.2,
            "gross_profit": null,
            "gross_margin": null,
            "gross_margin_4q_avg": 0,
            "net_income": 710740,
            "revenue": 710740,
            "common_shares": 16234639,
            "book_valuer_per_share": 8.38,
            "book_valuer_per_share_4q_avg": 7.86,
            "equity": 13603756,
            "current_ratio": null,
            "debt_ratio": 90.53,
            "inventory_turnover_ratio": null,
            "account_receivable_turnover_ratio": null,
            "reinvestment_rate": null,
            "research_to_sale_ratio": null,
            "price_fair": 53.2,
            "eps_avg_yearly": 1.52,
            "eps_latest_yearly": 1.76,
            "eps_growth_yearly": 2008.33
        },
        "20123": {
            "year_quarter": 20123,
            "year": 2012,
            "quarter": 3,
            "eps": 0.79,
            "eps_growth_year": null,
            "eps_4q": 1.57,
            "eps_4q_growth_year": null,
            "roe": 8.95,
            "roe_4q": 18.779999999999998,
            "gross_profit": null,
            "gross_margin": null,
            "gross_margin_4q_avg": 0,
            "net_income": 1277180,
            "revenue": 1277180,
            "common_shares": 16234639,
            "book_valuer_per_share": 9.19,
            "book_valuer_per_share_4q_avg": 8.27,
            "equity": 14924987,
            "current_ratio": null,
            "debt_ratio": 89.95,
            "inventory_turnover_ratio": null,
            "account_receivable_turnover_ratio": null,
            "reinvestment_rate": null,
            "research_to_sale_ratio": null,
            "price_fair": 72.33,
            "eps_avg_yearly": 2.07,
            "eps_latest_yearly": 3.16,
            "eps_growth_yearly": 1444.95
        },
        "20124": {
            "year_quarter": 20124,
            "year": 2012,
            "quarter": 4,
            "eps": 0.26,
            "eps_growth_year": 751.61,
            "eps_4q": 1.9,
            "eps_4q_growth_year": null,
            "roe": 2.6,
            "roe_4q": 20.979999999999997,
            "gross_profit": null,
            "gross_margin": null,
            "gross_margin_4q_avg": 0,
            "net_income": 393676,
            "revenue": 393676,
            "common_shares": 15255976,
            "book_valuer_per_share": 10.06,
            "book_valuer_per_share_4q_avg": 8.89,
            "equity": 15352937,
            "current_ratio": null,
            "debt_ratio": 90.05,
            "inventory_turnover_ratio": null,
            "account_receivable_turnover_ratio": null,
            "reinvestment_rate": null,
            "research_to_sale_ratio": null,
            "price_fair": 63.35,
            "eps_avg_yearly": 1.81,
            "eps_latest_yearly": 1.04,
            "eps_growth_yearly": 1016.62
        },
        "20131": {
            "year_quarter": 20131,
            "year": 2013,
            "quarter": 1,
            "eps": 0.34,
            "eps_growth_year": 6.25,
            "eps_4q": 1.9,
            "eps_4q_growth_year": 1341.42,
            "roe": 3.27,
            "roe_4q": 20.19,
            "gross_profit": null,
            "gross_margin": null,
            "gross_margin_4q_avg": 0,
            "net_income": 511140,
            "revenue": 1411777,
            "common_shares": 15255976,
            "book_valuer_per_share": 10.43,
            "book_valuer_per_share_4q_avg": 9.52,
            "equity": 15910187,
            "current_ratio": null,
            "debt_ratio": 90.13,
            "inventory_turnover_ratio": null,
            "account_receivable_turnover_ratio": null,
            "reinvestment_rate": null,
            "research_to_sale_ratio": null,
            "price_fair": 60.2,
            "eps_avg_yearly": 1.72,
            "eps_latest_yearly": 1.36,
            "eps_growth_yearly": 837.91
        },
        "20132": {
            "year_quarter": 20132,
            "year": 2013,
            "quarter": 2,
            "eps": 0.41,
            "eps_growth_year": -6.35,
            "eps_4q": 1.84,
            "eps_4q_growth_year": 179.28,
            "roe": 3.86,
            "roe_4q": 18.68,
            "gross_profit": null,
            "gross_margin": null,
            "gross_margin_4q_avg": 0,
            "net_income": 625074,
            "revenue": 1581388,
            "common_shares": 15255976,
            "book_valuer_per_share": 10.81,
            "book_valuer_per_share_4q_avg": 10.12,
            "equity": 16497301,
            "current_ratio": null,
            "debt_ratio": 89.87,
            "inventory_turnover_ratio": null,
            "account_receivable_turnover_ratio": null,
            "reinvestment_rate": null,
            "research_to_sale_ratio": null,
            "price_fair": 59.73,
            "eps_avg_yearly": 1.71,
            "eps_latest_yearly": 1.64,
            "eps_growth_yearly": 711.99
        },
        "20133": {
            "year_quarter": 20133,
            "year": 2013,
            "quarter": 3,
            "eps": 0.56,
            "eps_growth_year": -28.82,
            "eps_4q": 1.56,
            "eps_4q_growth_year": -0.65,
            "roe": 5.04,
            "roe_4q": 14.77,
            "gross_profit": null,
            "gross_margin": null,
            "gross_margin_4q_avg": 0,
            "net_income": 849543,
            "revenue": 1461330,
            "common_shares": 15255976,
            "book_valuer_per_share": 11.27,
            "book_valuer_per_share_4q_avg": 10.64,
            "equity": 17188641,
            "current_ratio": null,
            "debt_ratio": 89.67,
            "inventory_turnover_ratio": null,
            "account_receivable_turnover_ratio": null,
            "reinvestment_rate": -25.32,
            "research_to_sale_ratio": null,
            "price_fair": 62.4,
            "eps_avg_yearly": 1.78,
            "eps_latest_yearly": 2.24,
            "eps_growth_yearly": 631.18
        },
        "20134": {
            "year_quarter": 20134,
            "year": 2013,
            "quarter": 4,
            "eps": 0.7,
            "eps_growth_year": 170.94,
            "eps_4q": 2,
            "eps_4q_growth_year": 5.5,
            "roe": 6.01,
            "roe_4q": 18.18,
            "gross_profit": null,
            "gross_margin": null,
            "gross_margin_4q_avg": 0,
            "net_income": 1066761,
            "revenue": 1950452,
            "common_shares": 15256136,
            "book_valuer_per_share": 12.01,
            "book_valuer_per_share_4q_avg": 11.13,
            "equity": 18318194,
            "current_ratio": null,
            "debt_ratio": 89.04,
            "inventory_turnover_ratio": null,
            "account_receivable_turnover_ratio": null,
            "reinvestment_rate": -12.16,
            "research_to_sale_ratio": null,
            "price_fair": 66.85,
            "eps_avg_yearly": 1.91,
            "eps_latest_yearly": 2.8,
            "eps_growth_yearly": 564.78
        },
        "20141": {
            "year_quarter": 20141,
            "year": 2014,
            "quarter": 1,
            "eps": 0.44,
            "eps_growth_year": 29.41,
            "eps_4q": 2.1,
            "eps_4q_growth_year": 10.86,
            "roe": 3.56,
            "roe_4q": 18.47,
            "gross_profit": null,
            "gross_margin": null,
            "gross_margin_4q_avg": 0,
            "net_income": 666858,
            "revenue": 1516602,
            "common_shares": 15257680,
            "book_valuer_per_share": 12.51,
            "book_valuer_per_share_4q_avg": 11.65,
            "equity": 19095708,
            "current_ratio": null,
            "debt_ratio": 88.7,
            "inventory_turnover_ratio": null,
            "account_receivable_turnover_ratio": null,
            "reinvestment_rate": -6.07,
            "research_to_sale_ratio": null,
            "price_fair": 66.27,
            "eps_avg_yearly": 1.89,
            "eps_latest_yearly": 1.76,
            "eps_growth_yearly": 485.52
        },
        "20142": {
            "year_quarter": 20142,
            "year": 2014,
            "quarter": 2,
            "eps": 0.46,
            "eps_growth_year": 12.2,
            "eps_4q": 2.15,
            "eps_4q_growth_year": 16.77,
            "roe": 3.78,
            "roe_4q": 18.39,
            "gross_profit": null,
            "gross_margin": null,
            "gross_margin_4q_avg": 0,
            "net_income": 697592,
            "revenue": 1509669,
            "common_shares": 15262249,
            "book_valuer_per_share": 11.67,
            "book_valuer_per_share_4q_avg": 11.87,
            "equity": 17824528,
            "current_ratio": null,
            "debt_ratio": 89.42,
            "inventory_turnover_ratio": null,
            "account_receivable_turnover_ratio": null,
            "reinvestment_rate": -1.6,
            "research_to_sale_ratio": null,
            "price_fair": 66.08,
            "eps_avg_yearly": 1.89,
            "eps_latest_yearly": 1.84,
            "eps_growth_yearly": 438.79
        },
        "20143": {
            "year_quarter": 20143,
            "year": 2014,
            "quarter": 3,
            "eps": 0.44,
            "eps_growth_year": -21.43,
            "eps_4q": 2.03,
            "eps_4q_growth_year": 30.08,
            "roe": 3.71,
            "roe_4q": 17.060000000000002,
            "gross_profit": null,
            "gross_margin": null,
            "gross_margin_4q_avg": 0,
            "net_income": 674244,
            "revenue": 1940184,
            "common_shares": 15307334,
            "book_valuer_per_share": 12.07,
            "book_valuer_per_share_4q_avg": 12.07,
            "equity": 18481423,
            "current_ratio": null,
            "debt_ratio": 88.97,
            "inventory_turnover_ratio": null,
            "account_receivable_turnover_ratio": null,
            "reinvestment_rate": 8.32,
            "research_to_sale_ratio": null,
            "price_fair": 65.67,
            "eps_avg_yearly": 1.88,
            "eps_latest_yearly": 1.76,
            "eps_growth_yearly": 397.32
        },
        "20144": {
            "year_quarter": 20144,
            "year": 2014,
            "quarter": 4,
            "eps": 0.21,
            "eps_growth_year": -69.27,
            "eps_4q": 1.55,
            "eps_4q_growth_year": -22.69,
            "roe": 1.76,
            "roe_4q": 12.81,
            "gross_profit": null,
            "gross_margin": null,
            "gross_margin_4q_avg": 0,
            "net_income": 328911,
            "revenue": 1556069,
            "common_shares": 15307334,
            "book_valuer_per_share": 12.36,
            "book_valuer_per_share_4q_avg": 12.15,
            "equity": 18913659,
            "current_ratio": null,
            "debt_ratio": 88.67,
            "inventory_turnover_ratio": null,
            "account_receivable_turnover_ratio": null,
            "reinvestment_rate": 2.37,
            "research_to_sale_ratio": null,
            "price_fair": 62.65,
            "eps_avg_yearly": 1.79,
            "eps_latest_yearly": 0.84,
            "eps_growth_yearly": 346.78
        },
        "20151": {
            "year_quarter": 20151,
            "year": 2015,
            "quarter": 1,
            "eps": 0.39,
            "eps_growth_year": -11.36,
            "eps_4q": 1.5,
            "eps_4q_growth_year": -28.7,
            "roe": 3.09,
            "roe_4q": 12.339999999999998,
            "gross_profit": null,
            "gross_margin": null,
            "gross_margin_4q_avg": 0,
            "net_income": 593520,
            "revenue": 1551959,
            "common_shares": 15307334,
            "book_valuer_per_share": 12.76,
            "book_valuer_per_share_4q_avg": 12.22,
            "equity": 19525613,
            "current_ratio": null,
            "debt_ratio": 87.97,
            "inventory_turnover_ratio": null,
            "account_receivable_turnover_ratio": null,
            "reinvestment_rate": 2.5,
            "research_to_sale_ratio": null,
            "price_fair": 62.03,
            "eps_avg_yearly": 1.77,
            "eps_latest_yearly": 1.56,
            "eps_growth_yearly": 346.48
        },
        "20152": {
            "year_quarter": 20152,
            "year": 2015,
            "quarter": 2,
            "eps": 0.37,
            "eps_growth_year": -19.57,
            "eps_4q": 0.62,
            "eps_4q_growth_year": -71.25,
            "roe": 4.43,
            "roe_4q": 12.989999999999998,
            "gross_profit": null,
            "gross_margin": null,
            "gross_margin_4q_avg": 0,
            "net_income": 1691809,
            "revenue": 2859372,
            "common_shares": 46061623,
            "book_valuer_per_share": 12.29,
            "book_valuer_per_share_4q_avg": 12.37,
            "equity": 56805911,
            "current_ratio": null,
            "debt_ratio": 89.7,
            "inventory_turnover_ratio": null,
            "account_receivable_turnover_ratio": null,
            "reinvestment_rate": 3.54,
            "research_to_sale_ratio": null,
            "price_fair": 61.3,
            "eps_avg_yearly": 1.75,
            "eps_latest_yearly": 1.48,
            "eps_growth_yearly": 320.27
        },
        "20153": {
            "year_quarter": 20153,
            "year": 2015,
            "quarter": 3,
            "eps": 0.24,
            "eps_growth_year": -45.45,
            "eps_4q": 0.71,
            "eps_4q_growth_year": -65.07,
            "roe": 1.91,
            "roe_4q": 11.19,
            "gross_profit": null,
            "gross_margin": null,
            "gross_margin_4q_avg": 0,
            "net_income": 1096886,
            "revenue": 2276841,
            "common_shares": 46061623,
            "book_valuer_per_share": 12.5,
            "book_valuer_per_share_4q_avg": 12.48,
            "equity": 57765960,
            "current_ratio": null,
            "debt_ratio": 89.72,
            "inventory_turnover_ratio": null,
            "account_receivable_turnover_ratio": null,
            "reinvestment_rate": 3.51,
            "research_to_sale_ratio": null,
            "price_fair": 59.45,
            "eps_avg_yearly": 1.7,
            "eps_latest_yearly": 0.96,
            "eps_growth_yearly": 289.55
        },
        "20154": {
            "year_quarter": 20154,
            "year": 2015,
            "quarter": 4,
            "eps": 0.23,
            "eps_growth_year": 9.3,
            "eps_4q": 0.87,
            "eps_4q_growth_year": -43.61,
            "roe": 1.88,
            "roe_4q": 11.309999999999999,
            "gross_profit": null,
            "gross_margin": null,
            "gross_margin_4q_avg": 0,
            "net_income": 1086678,
            "revenue": 3138703,
            "common_shares": 46061623,
            "book_valuer_per_share": 12.52,
            "book_valuer_per_share_4q_avg": 12.52,
            "equity": 57898405,
            "current_ratio": null,
            "debt_ratio": 89.4,
            "inventory_turnover_ratio": null,
            "account_receivable_turnover_ratio": null,
            "reinvestment_rate": 4.74,
            "research_to_sale_ratio": null,
            "price_fair": 57.75,
            "eps_avg_yearly": 1.65,
            "eps_latest_yearly": 0.92,
            "eps_growth_yearly": 270.41
        },
        "20161": {
            "year_quarter": 20161,
            "year": 2016,
            "quarter": 1,
            "eps": 0.22,
            "eps_growth_year": -43.59,
            "eps_4q": 0.96,
            "eps_4q_growth_year": -36.01,
            "roe": 1.7,
            "roe_4q": 9.92,
            "gross_profit": null,
            "gross_margin": null,
            "gross_margin_4q_avg": 0,
            "net_income": 999560,
            "revenue": 2417442,
            "common_shares": 46061623,
            "book_valuer_per_share": 12.85,
            "book_valuer_per_share_4q_avg": 12.54,
            "equity": 59426469,
            "current_ratio": null,
            "debt_ratio": 88.79,
            "inventory_turnover_ratio": null,
            "account_receivable_turnover_ratio": null,
            "reinvestment_rate": 4.35,
            "research_to_sale_ratio": null,
            "price_fair": 56.88,
            "eps_avg_yearly": 1.63,
            "eps_latest_yearly": 0.88,
            "eps_growth_yearly": 27.65
        },
        "20162": {
            "year_quarter": 20162,
            "year": 2016,
            "quarter": 2,
            "eps": 0.22,
            "eps_growth_year": -40.54,
            "eps_4q": 0.91,
            "eps_4q_growth_year": 47.57,
            "roe": 1.76,
            "roe_4q": 7.25,
            "gross_profit": null,
            "gross_margin": null,
            "gross_margin_4q_avg": 0,
            "net_income": 1037110,
            "revenue": 2492124,
            "common_shares": 46061623,
            "book_valuer_per_share": 12.68,
            "book_valuer_per_share_4q_avg": 12.64,
            "equity": 58606009,
            "current_ratio": null,
            "debt_ratio": 88.71,
            "inventory_turnover_ratio": null,
            "account_receivable_turnover_ratio": null,
            "reinvestment_rate": 4.42,
            "research_to_sale_ratio": null,
            "price_fair": 44.4,
            "eps_avg_yearly": 1.57,
            "eps_latest_yearly": 0.88,
            "eps_growth_yearly": 18.28
        },
        "20163": {
            "year_quarter": 20163,
            "year": 2016,
            "quarter": 3,
            "eps": 0.2,
            "eps_growth_year": -16.67,
            "eps_4q": 0.88,
            "eps_4q_growth_year": 23.55,
            "roe": 1.56,
            "roe_4q": 6.9,
            "gross_profit": null,
            "gross_margin": null,
            "gross_margin_4q_avg": 0,
            "net_income": 917880,
            "revenue": 2830399,
            "common_shares": 46061623,
            "book_valuer_per_share": 12.86,
            "book_valuer_per_share_4q_avg": 12.73,
            "equity": 59434507,
            "current_ratio": null,
            "debt_ratio": 89.3,
            "inventory_turnover_ratio": null,
            "account_receivable_turnover_ratio": null,
            "reinvestment_rate": 4.36,
            "research_to_sale_ratio": null,
            "price_fair": 4.27,
            "eps_avg_yearly": 1.42,
            "eps_latest_yearly": 0.8,
            "eps_growth_yearly": -3.88
        }
    },
    "months": {
        "2001-06": {
            "month": "2001-06",
            "price": "4.59",
            "revenue": 1240212
        },
        "2001-07": {
            "month": "2001-07",
            "price": "4.49",
            "revenue": 1165962
        },
        "2001-08": {
            "month": "2001-08",
            "price": "4.43",
            "revenue": 1195723
        },
        "2001-09": {
            "month": "2001-09",
            "price": "4.62",
            "revenue": 1217859
        },
        "2001-10": {
            "month": "2001-10",
            "price": "4.70",
            "revenue": 1200198
        },
        "2001-11": {
            "month": "2001-11",
            "price": "5.03",
            "revenue": 1206757
        },
        "2001-12": {
            "month": "2001-12",
            "price": "6.48",
            "revenue": 1345574
        },
        "2002-01": {
            "month": "2002-01",
            "price": "7.06",
            "revenue": 1221125
        },
        "2002-02": {
            "month": "2002-02",
            "price": "6.97",
            "revenue": 1140689
        },
        "2002-03": {
            "month": "2002-03",
            "price": "6.90",
            "revenue": 1225678
        },
        "2002-04": {
            "month": "2002-04",
            "price": "8.93",
            "revenue": 1240840
        },
        "2002-05": {
            "month": "2002-05",
            "price": "9.51",
            "revenue": 1252369
        },
        "2002-06": {
            "month": "2002-06",
            "price": "11.05",
            "revenue": 1297046
        },
        "2002-07": {
            "month": "2002-07",
            "price": "10.51",
            "revenue": 1287283
        },
        "2002-08": {
            "month": "2002-08",
            "price": "11.53",
            "revenue": 1295028
        },
        "2002-09": {
            "month": "2002-09",
            "price": "10.91",
            "revenue": 1571708
        },
        "2002-10": {
            "month": "2002-10",
            "price": "11.54",
            "revenue": 1325974
        },
        "2002-11": {
            "month": "2002-11",
            "price": "12.78",
            "revenue": 1343506
        },
        "2002-12": {
            "month": "2002-12",
            "price": "12.70",
            "revenue": 1162543
        },
        "2003-01": {
            "month": "2003-01",
            "price": "14.69",
            "revenue": 1514571
        },
        "2003-02": {
            "month": "2003-02",
            "price": "15.02",
            "revenue": 1290509
        },
        "2003-03": {
            "month": "2003-03",
            "price": "12.67",
            "revenue": 1437811
        },
        "2003-04": {
            "month": "2003-04",
            "price": "13.47",
            "revenue": 1419936
        },
        "2003-05": {
            "month": "2003-05",
            "price": "13.03",
            "revenue": 1509786
        },
        "2003-06": {
            "month": "2003-06",
            "price": "15.37",
            "revenue": 1490239
        },
        "2003-07": {
            "month": "2003-07",
            "price": "14.98",
            "revenue": 1612923
        },
        "2003-08": {
            "month": "2003-08",
            "price": "14.99",
            "revenue": 1630752
        },
        "2003-09": {
            "month": "2003-09",
            "price": "15.22",
            "revenue": 1612417
        },
        "2003-10": {
            "month": "2003-10",
            "price": "15.89",
            "revenue": 1637412
        },
        "2003-11": {
            "month": "2003-11",
            "price": "17.98",
            "revenue": 1608573
        },
        "2003-12": {
            "month": "2003-12",
            "price": "17.93",
            "revenue": 2645384
        },
        "2004-01": {
            "month": "2004-01",
            "price": "19.12",
            "revenue": 1601963
        },
        "2004-02": {
            "month": "2004-02",
            "price": "20.96",
            "revenue": 1598435
        },
        "2004-03": {
            "month": "2004-03",
            "price": "21.53",
            "revenue": 1503289
        },
        "2004-04": {
            "month": "2004-04",
            "price": "23.24",
            "revenue": 1583758
        },
        "2004-05": {
            "month": "2004-05",
            "price": "16.24",
            "revenue": 1764581
        },
        "2004-06": {
            "month": "2004-06",
            "price": "14.44",
            "revenue": 1616797
        },
        "2004-07": {
            "month": "2004-07",
            "price": "13.72",
            "revenue": 1924579
        },
        "2004-08": {
            "month": "2004-08",
            "price": "13.83",
            "revenue": 1723735
        },
        "2004-09": {
            "month": "2004-09",
            "price": "15.70",
            "revenue": 1647588
        },
        "2004-10": {
            "month": "2004-10",
            "price": "16.30",
            "revenue": 1664841
        },
        "2004-11": {
            "month": "2004-11",
            "price": "15.40",
            "revenue": 1702255
        },
        "2004-12": {
            "month": "2004-12",
            "price": "15.05",
            "revenue": 1820676
        },
        "2005-01": {
            "month": "2005-01",
            "price": "15.05",
            "revenue": 1697983
        },
        "2005-02": {
            "month": "2005-02",
            "price": "14.68",
            "revenue": 1636740
        },
        "2005-03": {
            "month": "2005-03",
            "price": "14.61",
            "revenue": 1685140
        },
        "2005-04": {
            "month": "2005-04",
            "price": "14.35",
            "revenue": 1679485
        },
        "2005-05": {
            "month": "2005-05",
            "price": "14.47",
            "revenue": 1849305
        },
        "2005-06": {
            "month": "2005-06",
            "price": "15.12",
            "revenue": 1682203
        },
        "2005-07": {
            "month": "2005-07",
            "price": "15.64",
            "revenue": 1802927
        },
        "2005-08": {
            "month": "2005-08",
            "price": "15.38",
            "revenue": 1701628
        },
        "2005-09": {
            "month": "2005-09",
            "price": "14.44",
            "revenue": 1789086
        },
        "2005-10": {
            "month": "2005-10",
            "price": "13.15",
            "revenue": 1746382
        },
        "2005-11": {
            "month": "2005-11",
            "price": "12.85",
            "revenue": 1655986
        },
        "2005-12": {
            "month": "2005-12",
            "price": "13.06",
            "revenue": 1627731
        },
        "2006-01": {
            "month": "2006-01",
            "price": "13.98",
            "revenue": 827850
        },
        "2006-02": {
            "month": "2006-02",
            "price": "14.45",
            "revenue": 481555
        },
        "2006-03": {
            "month": "2006-03",
            "price": "13.37",
            "revenue": 555171
        },
        "2006-04": {
            "month": "2006-04",
            "price": "14.02",
            "revenue": 674319
        },
        "2006-05": {
            "month": "2006-05",
            "price": "14.58",
            "revenue": 531948
        },
        "2006-06": {
            "month": "2006-06",
            "price": "13.70",
            "revenue": -194595
        },
        "2006-07": {
            "month": "2006-07",
            "price": "13.67",
            "revenue": 108122
        },
        "2006-08": {
            "month": "2006-08",
            "price": "13.13",
            "revenue": 111847
        },
        "2006-09": {
            "month": "2006-09",
            "price": "12.32",
            "revenue": 404744
        },
        "2006-10": {
            "month": "2006-10",
            "price": "11.94",
            "revenue": 294365
        },
        "2006-11": {
            "month": "2006-11",
            "price": "12.21",
            "revenue": 281323
        },
        "2006-12": {
            "month": "2006-12",
            "price": "12.09",
            "revenue": -294180
        },
        "2007-01": {
            "month": "2007-01",
            "price": "12.88",
            "revenue": 344106
        },
        "2007-02": {
            "month": "2007-02",
            "price": "12.82",
            "revenue": -173546
        },
        "2007-03": {
            "month": "2007-03",
            "price": "12.90",
            "revenue": -214345
        },
        "2007-04": {
            "month": "2007-04",
            "price": "11.98",
            "revenue": -528660
        },
        "2007-05": {
            "month": "2007-05",
            "price": "7.27",
            "revenue": -153623
        },
        "2007-06": {
            "month": "2007-06",
            "price": "7.59",
            "revenue": -745744
        },
        "2007-07": {
            "month": "2007-07",
            "price": "10.97",
            "revenue": -134198
        },
        "2007-08": {
            "month": "2007-08",
            "price": "7.13",
            "revenue": 181766
        },
        "2007-09": {
            "month": "2007-09",
            "price": "3.23",
            "revenue": -390365
        },
        "2007-10": {
            "month": "2007-10",
            "price": "2.74",
            "revenue": -110542
        },
        "2007-11": {
            "month": "2007-11",
            "price": "2.46",
            "revenue": -141974
        },
        "2007-12": {
            "month": "2007-12",
            "price": "3.02",
            "revenue": -265475
        },
        "2008-01": {
            "month": "2008-01",
            "price": "3.38",
            "revenue": 4354
        },
        "2008-02": {
            "month": "2008-02",
            "price": "2.95",
            "revenue": -108178
        },
        "2008-03": {
            "month": "2008-03",
            "price": "2.95",
            "revenue": -81811
        },
        "2008-04": {
            "month": "2008-04",
            "price": "3.10",
            "revenue": -81769
        },
        "2008-05": {
            "month": "2008-05",
            "price": "2.95",
            "revenue": 58830
        },
        "2008-06": {
            "month": "2008-06",
            "price": "2.60",
            "revenue": 19525
        },
        "2008-07": {
            "month": "2008-07",
            "price": "2.21",
            "revenue": -7621
        },
        "2008-08": {
            "month": "2008-08",
            "price": "1.99",
            "revenue": 39171
        },
        "2008-09": {
            "month": "2008-09",
            "price": "3.94",
            "revenue": -21880
        },
        "2008-10": {
            "month": "2008-10",
            "price": "2.25",
            "revenue": -9160
        },
        "2008-11": {
            "month": "2008-11",
            "price": "2.36",
            "revenue": -39738
        },
        "2008-12": {
            "month": "2008-12",
            "price": "1.97",
            "revenue": -95234
        },
        "2009-01": {
            "month": "2009-01",
            "price": "1.92",
            "revenue": -74185
        },
        "2009-02": {
            "month": "2009-02",
            "price": "1.80",
            "revenue": -102608
        },
        "2009-03": {
            "month": "2009-03",
            "price": "1.57",
            "revenue": -173179
        },
        "2009-04": {
            "month": "2009-04",
            "price": "2.24",
            "revenue": -197495
        },
        "2009-05": {
            "month": "2009-05",
            "price": "3.83",
            "revenue": -177402
        },
        "2009-06": {
            "month": "2009-06",
            "price": "4.60",
            "revenue": -59879
        },
        "2009-07": {
            "month": "2009-07",
            "price": "4.08",
            "revenue": -79685
        },
        "2009-08": {
            "month": "2009-08",
            "price": "3.53",
            "revenue": -3476
        },
        "2009-09": {
            "month": "2009-09",
            "price": "3.81",
            "revenue": 29328
        },
        "2009-10": {
            "month": "2009-10",
            "price": "3.92",
            "revenue": 40280
        },
        "2009-11": {
            "month": "2009-11",
            "price": "3.71",
            "revenue": 11574
        },
        "2009-12": {
            "month": "2009-12",
            "price": "3.50",
            "revenue": 118954
        },
        "2010-01": {
            "month": "2010-01",
            "price": "5.25",
            "revenue": 38354
        },
        "2010-02": {
            "month": "2010-02",
            "price": "7.28",
            "revenue": -21180
        },
        "2010-03": {
            "month": "2010-03",
            "price": "6.98",
            "revenue": 5598
        },
        "2010-04": {
            "month": "2010-04",
            "price": "7.17",
            "revenue": 25939
        },
        "2010-05": {
            "month": "2010-05",
            "price": "6.19",
            "revenue": 24873
        },
        "2010-06": {
            "month": "2010-06",
            "price": "5.96",
            "revenue": 66218
        },
        "2010-07": {
            "month": "2010-07",
            "price": "6.89",
            "revenue": 72378
        },
        "2010-08": {
            "month": "2010-08",
            "price": "7.49",
            "revenue": 90585
        },
        "2010-09": {
            "month": "2010-09",
            "price": "6.83",
            "revenue": 135929
        },
        "2010-10": {
            "month": "2010-10",
            "price": "6.73",
            "revenue": 86680
        },
        "2010-11": {
            "month": "2010-11",
            "price": "6.71",
            "revenue": 113924
        },
        "2010-12": {
            "month": "2010-12",
            "price": "7.49",
            "revenue": 67163
        },
        "2011-01": {
            "month": "2011-01",
            "price": "9.00",
            "revenue": 80833
        },
        "2011-02": {
            "month": "2011-02",
            "price": "8.08",
            "revenue": 60874
        },
        "2011-03": {
            "month": "2011-03",
            "price": "7.39",
            "revenue": 104231
        },
        "2011-04": {
            "month": "2011-04",
            "price": "7.71",
            "revenue": 85200
        },
        "2011-05": {
            "month": "2011-05",
            "price": "7.76",
            "revenue": 121005
        },
        "2011-06": {
            "month": "2011-06",
            "price": "7.37",
            "revenue": 102420
        },
        "2011-07": {
            "month": "2011-07",
            "price": "7.30",
            "revenue": 229317
        },
        "2011-08": {
            "month": "2011-08",
            "price": "6.38",
            "revenue": 119551
        },
        "2011-09": {
            "month": "2011-09",
            "price": "5.60",
            "revenue": 259779
        },
        "2011-10": {
            "month": "2011-10",
            "price": "5.36",
            "revenue": 200098
        },
        "2011-11": {
            "month": "2011-11",
            "price": "5.82",
            "revenue": 244250
        },
        "2011-12": {
            "month": "2011-12",
            "price": "6.04",
            "revenue": 288491
        },
        "2013-01": {
            "month": "2013-01",
            "price": "10.29",
            "revenue": 490115
        },
        "2013-02": {
            "month": "2013-02",
            "price": "11.58",
            "revenue": 433162
        },
        "2013-03": {
            "month": "2013-03",
            "price": "17.56",
            "revenue": 488499
        },
        "2013-04": {
            "month": "2013-04",
            "price": "15.13",
            "revenue": 442948
        },
        "2013-05": {
            "month": "2013-05",
            "price": "14.87",
            "revenue": 679128
        },
        "2013-06": {
            "month": "2013-06",
            "price": "14.71",
            "revenue": 458933
        },
        "2013-07": {
            "month": "2013-07",
            "price": "15.27",
            "revenue": 510353
        },
        "2013-08": {
            "month": "2013-08",
            "price": "14.73",
            "revenue": 473472
        },
        "2013-09": {
            "month": "2013-09",
            "price": "14.49",
            "revenue": 477885
        },
        "2013-10": {
            "month": "2013-10",
            "price": "14.71",
            "revenue": 708770
        },
        "2013-11": {
            "month": "2013-11",
            "price": "14.65",
            "revenue": 478238
        },
        "2013-12": {
            "month": "2013-12",
            "price": "15.09",
            "revenue": 758056
        },
        "2014-01": {
            "month": "2014-01",
            "price": "15.53",
            "revenue": 499605
        },
        "2014-02": {
            "month": "2014-02",
            "price": "14.96",
            "revenue": 464211
        },
        "2014-03": {
            "month": "2014-03",
            "price": "14.85",
            "revenue": 552787
        },
        "2014-04": {
            "month": "2014-04",
            "price": "14.89",
            "revenue": 497022
        },
        "2014-05": {
            "month": "2014-05",
            "price": "14.90",
            "revenue": 497886
        },
        "2014-06": {
            "month": "2014-06",
            "price": "15.02",
            "revenue": 514760
        },
        "2014-07": {
            "month": "2014-07",
            "price": "15.23",
            "revenue": 569485
        },
        "2014-08": {
            "month": "2014-08",
            "price": "15.30",
            "revenue": 577266
        },
        "2014-09": {
            "month": "2014-09",
            "price": "15.40",
            "revenue": 793650
        }
    }
}
