{
    "summary": {
        "stock_name": "聯邦銀",
        "stock_id": "2838",
        "category": "金融",
        "main_business": "收受存款、辦理放款、票據貼現、匯兌、承兌、保證、開發信用狀業<br>務、買賣短期票券、投資、外匯業務、信託業務、財富管理及其他代<br>理業務等。",
        "website_url": "http://www.ubot.com.tw",
        "ceo": "許維文",
        "pe_ratio": 14,
        "report_year_from": 2001,
        "report_year_to": 2023,
        "age": 22,
        "eps_negative_percentage": 0,
        "eps_growth_avg": {
            "last_all": 1.85,
            "last_2y": -1.45,
            "last_4y": -1.64,
            "last_8y": -3.32,
            "last_12y": null,
            "last_16y": null,
            "last_20y": null,
            "at_2006_last_3y": null,
            "at_2007_last_3y": null,
            "at_2008_last_3y": null,
            "at_2009_last_3y": null,
            "at_2010_last_3y": null,
            "at_2011_last_3y": null,
            "at_2012_last_3y": null,
            "at_2013_last_3y": null,
            "at_2014_last_3y": 12.27,
            "at_2015_last_3y": 4.23,
            "at_2016_last_3y": -8.79,
            "at_2017_last_3y": -5.42,
            "at_2018_last_3y": -4.91,
            "at_2019_last_3y": -4.27,
            "at_2020_last_3y": -1.21,
            "at_2021_last_3y": 5.36,
            "at_2022_last_3y": -1.81,
            "at_2023_last_3y": -1.81,
            "at_2006_last_all": null,
            "at_2007_last_all": null,
            "at_2008_last_all": null,
            "at_2009_last_all": null,
            "at_2010_last_all": null,
            "at_2011_last_all": null,
            "at_2012_last_all": 30.8,
            "at_2013_last_all": 17.36,
            "at_2014_last_all": 12.27,
            "at_2015_last_all": 8.73,
            "at_2016_last_all": 4.41,
            "at_2017_last_all": 4.34,
            "at_2018_last_all": 3.68,
            "at_2019_last_all": 2.95,
            "at_2020_last_all": 2.16,
            "at_2021_last_all": 4.71,
            "at_2022_last_all": 1.85,
            "at_2023_last_all": 1.85
        },
        "latest_eps": 1.16,
        "latest_price": 16.6,
        "latest_roe": 6.47,
        "latest_gross_margin": null,
        "latest_equity": 65223022,
        "latest_revenue": 4484858,
        "latest_gross_profit": null,
        "latest_net_income": 1218584,
        "latest_debt_ratio": 92.7,
        "latest_current_ratio": null,
        "latest_account_receivable_turnover_ratio": null,
        "latest_inventory_turnover_ratio": null,
        "latest_reinvestment_rate": 37.55,
        "latest_research_to_sale_ratio": null
    },
    "eps_dividends": {
        "1994": {
            "cash": 0.4,
            "stock": 0,
            "eps": 0
        },
        "1995": {
            "cash": 0,
            "stock": 0.25,
            "eps": 0
        },
        "1996": {
            "cash": 0.35,
            "stock": 0,
            "eps": 0
        },
        "1997": {
            "cash": 0,
            "stock": 0.42,
            "eps": 0
        },
        "1998": {
            "cash": 0,
            "stock": 0.62,
            "eps": 0
        },
        "1999": {
            "cash": 0,
            "stock": 0.42,
            "eps": 0
        },
        "2000": {
            "cash": 0,
            "stock": 0.5,
            "eps": 0
        },
        "2001": {
            "cash": 0.2,
            "stock": 0,
            "eps": 0
        },
        "2002": {
            "cash": 0,
            "stock": 0,
            "eps": 0
        },
        "2003": {
            "cash": 0,
            "stock": 0,
            "eps": 0
        },
        "2004": {
            "cash": 0,
            "stock": 0,
            "eps": 0
        },
        "2005": {
            "cash": 0,
            "stock": 0,
            "eps": 0
        },
        "2006": {
            "cash": 0,
            "stock": 0,
            "eps": 0
        },
        "2007": {
            "cash": 0,
            "stock": 0,
            "eps": 0
        },
        "2008": {
            "cash": 0,
            "stock": 0,
            "eps": 0
        },
        "2009": {
            "cash": 0,
            "stock": 0,
            "eps": 0
        },
        "2010": {
            "cash": 0,
            "stock": 0,
            "eps": 0.86
        },
        "2011": {
            "cash": 0,
            "stock": 0.4,
            "eps": 1.09
        },
        "2012": {
            "cash": 0,
            "stock": 0,
            "eps": 1.47
        },
        "2013": {
            "cash": 0,
            "stock": 0.92,
            "eps": 1.33
        },
        "2014": {
            "cash": 0,
            "stock": 1.03,
            "eps": 1.29
        },
        "2015": {
            "cash": 0.26,
            "stock": 0.6,
            "eps": 1.22
        },
        "2016": {
            "cash": 0.4,
            "stock": 0,
            "eps": 1.01
        },
        "2017": {
            "cash": 0.45,
            "stock": 0,
            "eps": 1.05
        },
        "2018": {
            "cash": 0.4,
            "stock": 0.3,
            "eps": 1.04
        },
        "2019": {
            "cash": 0,
            "stock": 0.7,
            "eps": 1.01
        },
        "2020": {
            "cash": 0.1,
            "stock": 0.7,
            "eps": 0.96
        },
        "2021": {
            "cash": 0,
            "stock": 0.63,
            "eps": 1.25
        },
        "2022": {
            "cash": 0.15,
            "stock": 0.89,
            "eps": 0.88
        },
        "2023": {
            "cash": 0.1,
            "stock": 0.5,
            "eps": 0.34
        }
    },
    "dividends": {
        "1994-05-16": {
            "cash": 0.4,
            "stock": 0
        },
        "1995-04-12": {
            "cash": 0,
            "stock": 0.25
        },
        "1996-04-23": {
            "cash": 0.35,
            "stock": 0
        },
        "1997-04-18": {
            "cash": 0,
            "stock": 0.42
        },
        "1998-04-20": {
            "cash": 0,
            "stock": 0.62
        },
        "1999-05-03": {
            "cash": 0,
            "stock": 0.42
        },
        "2000-05-10": {
            "cash": 0,
            "stock": 0.5
        },
        "2001-04-19": {
            "cash": 0.2,
            "stock": 0
        },
        "2011-01-01": {
            "cash": 0,
            "stock": 0.4
        },
        "2013-03-20": {
            "cash": 0,
            "stock": 0.92
        },
        "2014-06-06": {
            "cash": 0,
            "stock": 1.03
        },
        "2015-09-17": {
            "cash": 0.26,
            "stock": 0.6
        },
        "2016-08-05": {
            "cash": 0.4,
            "stock": 0
        },
        "2017-08-23": {
            "cash": 0.45,
            "stock": 0
        },
        "2018-09-13": {
            "cash": 0.4,
            "stock": 0.3
        },
        "2019-03-13": {
            "cash": 0,
            "stock": 0.7
        },
        "2020-08-26": {
            "cash": 0.1,
            "stock": 0.7
        },
        "2021-03-10": {
            "cash": 0,
            "stock": 0.63
        },
        "2022-08-08": {
            "cash": 0.15,
            "stock": 0.89
        },
        "2023-03-13": {
            "cash": 0.1,
            "stock": 0.5
        }
    },
    "prices": {
        "200101": "6.78",
        "200102": "7.59",
        "200103": "7.44",
        "200104": "6.84",
        "200105": "6.12",
        "200106": "6.06",
        "200107": "5.24",
        "200108": "5.18",
        "200109": "5.13",
        "200110": "4.99",
        "200111": "5.02",
        "200112": "5.62",
        "200201": "5.44",
        "200202": "5.36",
        "200203": "5.51",
        "200204": "6.74",
        "200205": "6.82",
        "200206": "6.85",
        "200207": "6.22",
        "200208": "5.95",
        "200209": "5.36",
        "200210": "5.27",
        "200211": "5.98",
        "200212": "6.63",
        "200301": "8.83",
        "200302": "8.56",
        "200303": "7.48",
        "200304": "7.62",
        "200305": "6.90",
        "200306": "8.18",
        "200307": "8.60",
        "200308": "8.74",
        "200309": "9.09",
        "200310": "9.47",
        "200311": "9.45",
        "200312": "9.56",
        "200401": "10.07",
        "200402": "11.68",
        "200403": "12.18",
        "200404": "11.53",
        "200405": "10.18",
        "200406": "10.23",
        "200407": "9.92",
        "200408": "9.78",
        "200409": "10.53",
        "200410": "11.13",
        "200411": "11.13",
        "200412": "11.23",
        "200501": "12.20",
        "200502": "11.87",
        "200503": "11.05",
        "200504": "9.99",
        "200505": "9.77",
        "200506": "9.90",
        "200507": "10.07",
        "200508": "10.05",
        "200509": "9.57",
        "200510": "9.40",
        "200511": "9.69",
        "200512": "9.25",
        "200601": "9.22",
        "200602": "8.81",
        "200603": "7.73",
        "200604": "7.87",
        "200605": "8.36",
        "200606": "8.03",
        "200607": "8.04",
        "200608": "8.10",
        "200609": "8.21",
        "200610": "9.09",
        "200611": "9.01",
        "200612": "9.07",
        "200701": "9.22",
        "200702": "9.00",
        "200703": "8.07",
        "200704": "8.11",
        "200705": "7.87",
        "200706": "8.14",
        "200707": "9.58",
        "200708": "8.48",
        "200709": "7.94",
        "200710": "7.92",
        "200711": "7.44",
        "200712": "7.25",
        "200801": "6.92",
        "200802": "6.68",
        "200803": "7.33",
        "200804": "7.67",
        "200805": "7.10",
        "200806": "6.81",
        "200807": "6.11",
        "200808": "5.72",
        "200809": "5.10",
        "200810": "4.16",
        "200811": "4.89",
        "200812": "5.02",
        "200901": "5.27",
        "200902": "5.61",
        "200903": "5.63",
        "200904": "5.97",
        "200905": "6.01",
        "200906": "5.82",
        "200907": "5.88",
        "200908": "5.84",
        "200909": "6.13",
        "200910": "5.97",
        "200911": "5.92",
        "200912": "5.95",
        "201001": "6.22",
        "201002": "5.61",
        "201003": "5.99",
        "201004": "5.99",
        "201005": "5.63",
        "201006": "5.70",
        "201007": "8.14",
        "201008": "8.54",
        "201009": "8.90",
        "201010": "8.92",
        "201011": "8.95",
        "201012": "9.97",
        "201101": "11.64",
        "201102": "10.94",
        "201103": "10.61",
        "201104": "10.61",
        "201105": "10.79",
        "201106": "10.42",
        "201107": "10.49",
        "201108": "11.18",
        "201109": "10.55",
        "201110": "10.16",
        "201111": "9.89",
        "201112": "9.78",
        "201201": "9.69",
        "201202": "10.44",
        "201203": "10.39",
        "201204": "9.96",
        "201205": "9.70",
        "201206": "9.78",
        "201207": "10.42",
        "201208": "10.78",
        "201209": "10.59",
        "201210": "10.32",
        "201211": "10.08",
        "201212": "10.56",
        "201301": "10.97",
        "201302": "11.55",
        "201303": "11.44",
        "201304": "11.28",
        "201305": "11.38",
        "201306": "11.29",
        "201307": "11.35",
        "201308": "10.67",
        "201309": "10.60",
        "201310": "10.82",
        "201311": "10.71",
        "201312": "10.87",
        "201401": "11.09",
        "201402": "10.93",
        "201403": "10.77",
        "201404": "10.86",
        "201405": "10.77",
        "201406": "10.93",
        "201407": "11.05",
        "201408": "10.55",
        "201409": "10.60",
        "201410": "10.28",
        "201411": "10.24",
        "201412": "10.28",
        "201501": "10.40",
        "201502": "10.55",
        "201503": "10.53",
        "201504": "10.78",
        "201505": "10.84",
        "201506": "10.55",
        "201507": "10.51",
        "201508": "9.82",
        "201509": "9.35",
        "201510": "9.55",
        "201511": "9.59",
        "201512": "9.35",
        "201601": "9.06",
        "201602": "9.27",
        "201603": "9.35",
        "201604": "9.08",
        "201605": "8.68",
        "201606": "8.82",
        "201607": "8.73",
        "201608": "8.84",
        "201609": "8.85",
        "201610": "8.77",
        "201611": "8.78",
        "201612": "8.95",
        "201701": "8.98",
        "201702": "9.12",
        "201703": "9.27",
        "201704": "9.14",
        "201705": "9.13",
        "201706": "9.16",
        "201707": "9.18",
        "201708": "8.95",
        "201709": "8.98",
        "201710": "8.99",
        "201711": "9.06",
        "201712": "9.23",
        "201801": "9.46",
        "201802": "9.30",
        "201803": "9.36",
        "201804": "9.64",
        "201805": "9.76",
        "201806": "10.07",
        "201807": "10.08",
        "201808": "10.26",
        "201809": "10.28",
        "201810": "9.99",
        "201811": "9.90",
        "201812": "9.70",
        "201901": "9.76",
        "201902": "10.19",
        "201903": "10.54",
        "201904": "10.68",
        "201905": "11.21",
        "201906": "11.65",
        "201907": "11.82",
        "201908": "10.48",
        "201909": "10.47",
        "201910": "10.55",
        "201911": "10.92",
        "201912": "11.01",
        "202001": "11.43",
        "202002": "11.39",
        "202003": "10.07",
        "202004": "10.21",
        "202005": "10.71",
        "202006": "11.14",
        "202007": "11.00",
        "202008": "10.36",
        "202009": "10.11",
        "202010": "10.12",
        "202011": "10.30",
        "202012": "10.54",
        "202101": "10.64",
        "202102": "10.53",
        "202103": "10.80",
        "202104": "11.49",
        "202105": "11.70",
        "202106": "11.61",
        "202107": "11.98",
        "202108": "12.01",
        "202109": "11.76",
        "202110": "11.78",
        "202111": "12.09",
        "202112": "12.96",
        "202201": "14.19",
        "202202": "14.30",
        "202203": "14.94",
        "202204": "16.71",
        "202205": "14.83",
        "202206": "14.98",
        "202207": "13.39",
        "202208": "14.50",
        "202209": "15.78",
        "202210": "14.74",
        "202211": "16.05",
        "202212": "16.08",
        "202301": "16.01",
        "202302": "16.31",
        "202303": "15.78",
        "202304": "15.84",
        "202305": "16.36",
        "202306": "16.73"
    },
    "quarters": {
        "20011": {
            "year_quarter": 20011,
            "year": 2001,
            "quarter": 1,
            "eps": null,
            "eps_growth_year": null,
            "eps_4q": null,
            "eps_4q_growth_year": null,
            "roe": null,
            "roe_4q": 0,
            "gross_profit": null,
            "gross_margin": null,
            "gross_margin_4q_avg": 0,
            "net_income": null,
            "revenue": null,
            "common_shares": null,
            "book_valuer_per_share": null,
            "book_valuer_per_share_4q_avg": 0,
            "equity": null,
            "current_ratio": null,
            "debt_ratio": null,
            "inventory_turnover_ratio": null,
            "account_receivable_turnover_ratio": null,
            "reinvestment_rate": null,
            "research_to_sale_ratio": null,
            "price_fair": 0,
            "eps_avg_yearly": 0,
            "eps_latest_yearly": 0,
            "eps_growth_yearly": 0
        },
        "20012": {
            "year_quarter": 20012,
            "year": 2001,
            "quarter": 2,
            "eps": null,
            "eps_growth_year": null,
            "eps_4q": null,
            "eps_4q_growth_year": null,
            "roe": null,
            "roe_4q": 0,
            "gross_profit": null,
            "gross_margin": null,
            "gross_margin_4q_avg": 0,
            "net_income": null,
            "revenue": null,
            "common_shares": null,
            "book_valuer_per_share": null,
            "book_valuer_per_share_4q_avg": 0,
            "equity": null,
            "current_ratio": null,
            "debt_ratio": null,
            "inventory_turnover_ratio": null,
            "account_receivable_turnover_ratio": null,
            "reinvestment_rate": null,
            "research_to_sale_ratio": null,
            "price_fair": 0,
            "eps_avg_yearly": 0,
            "eps_latest_yearly": 0,
            "eps_growth_yearly": 0
        },
        "20013": {
            "year_quarter": 20013,
            "year": 2001,
            "quarter": 3,
            "eps": null,
            "eps_growth_year": null,
            "eps_4q": null,
            "eps_4q_growth_year": null,
            "roe": null,
            "roe_4q": 0,
            "gross_profit": null,
            "gross_margin": null,
            "gross_margin_4q_avg": 0,
            "net_income": null,
            "revenue": null,
            "common_shares": null,
            "book_valuer_per_share": null,
            "book_valuer_per_share_4q_avg": 0,
            "equity": null,
            "current_ratio": null,
            "debt_ratio": null,
            "inventory_turnover_ratio": null,
            "account_receivable_turnover_ratio": null,
            "reinvestment_rate": null,
            "research_to_sale_ratio": null,
            "price_fair": 0,
            "eps_avg_yearly": 0,
            "eps_latest_yearly": 0,
            "eps_growth_yearly": 0
        },
        "20014": {
            "year_quarter": 20014,
            "year": 2001,
            "quarter": 4,
            "eps": null,
            "eps_growth_year": null,
            "eps_4q": null,
            "eps_4q_growth_year": null,
            "roe": null,
            "roe_4q": 0,
            "gross_profit": null,
            "gross_margin": null,
            "gross_margin_4q_avg": 0,
            "net_income": null,
            "revenue": null,
            "common_shares": null,
            "book_valuer_per_share": null,
            "book_valuer_per_share_4q_avg": 0,
            "equity": null,
            "current_ratio": null,
            "debt_ratio": null,
            "inventory_turnover_ratio": null,
            "account_receivable_turnover_ratio": null,
            "reinvestment_rate": null,
            "research_to_sale_ratio": null,
            "price_fair": 0,
            "eps_avg_yearly": 0,
            "eps_latest_yearly": 0,
            "eps_growth_yearly": 0
        },
        "20021": {
            "year_quarter": 20021,
            "year": 2002,
            "quarter": 1,
            "eps": null,
            "eps_growth_year": null,
            "eps_4q": null,
            "eps_4q_growth_year": null,
            "roe": null,
            "roe_4q": 0,
            "gross_profit": null,
            "gross_margin": null,
            "gross_margin_4q_avg": 0,
            "net_income": null,
            "revenue": null,
            "common_shares": null,
            "book_valuer_per_share": null,
            "book_valuer_per_share_4q_avg": 0,
            "equity": null,
            "current_ratio": null,
            "debt_ratio": null,
            "inventory_turnover_ratio": null,
            "account_receivable_turnover_ratio": null,
            "reinvestment_rate": null,
            "research_to_sale_ratio": null,
            "price_fair": 0,
            "eps_avg_yearly": 0,
            "eps_latest_yearly": 0,
            "eps_growth_yearly": 0
        },
        "20022": {
            "year_quarter": 20022,
            "year": 2002,
            "quarter": 2,
            "eps": null,
            "eps_growth_year": null,
            "eps_4q": null,
            "eps_4q_growth_year": null,
            "roe": null,
            "roe_4q": 0,
            "gross_profit": null,
            "gross_margin": null,
            "gross_margin_4q_avg": 0,
            "net_income": null,
            "revenue": null,
            "common_shares": null,
            "book_valuer_per_share": null,
            "book_valuer_per_share_4q_avg": 0,
            "equity": null,
            "current_ratio": null,
            "debt_ratio": null,
            "inventory_turnover_ratio": null,
            "account_receivable_turnover_ratio": null,
            "reinvestment_rate": null,
            "research_to_sale_ratio": null,
            "price_fair": 0,
            "eps_avg_yearly": 0,
            "eps_latest_yearly": 0,
            "eps_growth_yearly": 0
        },
        "20023": {
            "year_quarter": 20023,
            "year": 2002,
            "quarter": 3,
            "eps": null,
            "eps_growth_year": null,
            "eps_4q": null,
            "eps_4q_growth_year": null,
            "roe": null,
            "roe_4q": 0,
            "gross_profit": null,
            "gross_margin": null,
            "gross_margin_4q_avg": 0,
            "net_income": null,
            "revenue": null,
            "common_shares": null,
            "book_valuer_per_share": null,
            "book_valuer_per_share_4q_avg": 0,
            "equity": null,
            "current_ratio": null,
            "debt_ratio": null,
            "inventory_turnover_ratio": null,
            "account_receivable_turnover_ratio": null,
            "reinvestment_rate": null,
            "research_to_sale_ratio": null,
            "price_fair": 0,
            "eps_avg_yearly": 0,
            "eps_latest_yearly": 0,
            "eps_growth_yearly": 0
        },
        "20024": {
            "year_quarter": 20024,
            "year": 2002,
            "quarter": 4,
            "eps": null,
            "eps_growth_year": null,
            "eps_4q": null,
            "eps_4q_growth_year": null,
            "roe": null,
            "roe_4q": 0,
            "gross_profit": null,
            "gross_margin": null,
            "gross_margin_4q_avg": 0,
            "net_income": null,
            "revenue": null,
            "common_shares": null,
            "book_valuer_per_share": null,
            "book_valuer_per_share_4q_avg": 0,
            "equity": null,
            "current_ratio": null,
            "debt_ratio": null,
            "inventory_turnover_ratio": null,
            "account_receivable_turnover_ratio": null,
            "reinvestment_rate": null,
            "research_to_sale_ratio": null,
            "price_fair": 0,
            "eps_avg_yearly": 0,
            "eps_latest_yearly": 0,
            "eps_growth_yearly": 0
        },
        "20031": {
            "year_quarter": 20031,
            "year": 2003,
            "quarter": 1,
            "eps": null,
            "eps_growth_year": null,
            "eps_4q": null,
            "eps_4q_growth_year": null,
            "roe": null,
            "roe_4q": 0,
            "gross_profit": null,
            "gross_margin": null,
            "gross_margin_4q_avg": 0,
            "net_income": null,
            "revenue": null,
            "common_shares": null,
            "book_valuer_per_share": null,
            "book_valuer_per_share_4q_avg": 0,
            "equity": null,
            "current_ratio": null,
            "debt_ratio": null,
            "inventory_turnover_ratio": null,
            "account_receivable_turnover_ratio": null,
            "reinvestment_rate": null,
            "research_to_sale_ratio": null,
            "price_fair": 0,
            "eps_avg_yearly": 0,
            "eps_latest_yearly": 0,
            "eps_growth_yearly": 0
        },
        "20032": {
            "year_quarter": 20032,
            "year": 2003,
            "quarter": 2,
            "eps": null,
            "eps_growth_year": null,
            "eps_4q": null,
            "eps_4q_growth_year": null,
            "roe": null,
            "roe_4q": 0,
            "gross_profit": null,
            "gross_margin": null,
            "gross_margin_4q_avg": 0,
            "net_income": null,
            "revenue": null,
            "common_shares": null,
            "book_valuer_per_share": null,
            "book_valuer_per_share_4q_avg": 0,
            "equity": null,
            "current_ratio": null,
            "debt_ratio": null,
            "inventory_turnover_ratio": null,
            "account_receivable_turnover_ratio": null,
            "reinvestment_rate": null,
            "research_to_sale_ratio": null,
            "price_fair": 0,
            "eps_avg_yearly": 0,
            "eps_latest_yearly": 0,
            "eps_growth_yearly": 0
        },
        "20033": {
            "year_quarter": 20033,
            "year": 2003,
            "quarter": 3,
            "eps": null,
            "eps_growth_year": null,
            "eps_4q": null,
            "eps_4q_growth_year": null,
            "roe": null,
            "roe_4q": 0,
            "gross_profit": null,
            "gross_margin": null,
            "gross_margin_4q_avg": 0,
            "net_income": null,
            "revenue": null,
            "common_shares": null,
            "book_valuer_per_share": null,
            "book_valuer_per_share_4q_avg": 0,
            "equity": null,
            "current_ratio": null,
            "debt_ratio": null,
            "inventory_turnover_ratio": null,
            "account_receivable_turnover_ratio": null,
            "reinvestment_rate": null,
            "research_to_sale_ratio": null,
            "price_fair": 0,
            "eps_avg_yearly": 0,
            "eps_latest_yearly": 0,
            "eps_growth_yearly": 0
        },
        "20034": {
            "year_quarter": 20034,
            "year": 2003,
            "quarter": 4,
            "eps": null,
            "eps_growth_year": null,
            "eps_4q": null,
            "eps_4q_growth_year": null,
            "roe": null,
            "roe_4q": 0,
            "gross_profit": null,
            "gross_margin": null,
            "gross_margin_4q_avg": 0,
            "net_income": null,
            "revenue": null,
            "common_shares": null,
            "book_valuer_per_share": null,
            "book_valuer_per_share_4q_avg": 0,
            "equity": null,
            "current_ratio": null,
            "debt_ratio": null,
            "inventory_turnover_ratio": null,
            "account_receivable_turnover_ratio": null,
            "reinvestment_rate": null,
            "research_to_sale_ratio": null,
            "price_fair": 0,
            "eps_avg_yearly": 0,
            "eps_latest_yearly": 0,
            "eps_growth_yearly": 0
        },
        "20041": {
            "year_quarter": 20041,
            "year": 2004,
            "quarter": 1,
            "eps": null,
            "eps_growth_year": null,
            "eps_4q": null,
            "eps_4q_growth_year": null,
            "roe": null,
            "roe_4q": 0,
            "gross_profit": null,
            "gross_margin": null,
            "gross_margin_4q_avg": 0,
            "net_income": null,
            "revenue": null,
            "common_shares": null,
            "book_valuer_per_share": null,
            "book_valuer_per_share_4q_avg": 0,
            "equity": null,
            "current_ratio": null,
            "debt_ratio": null,
            "inventory_turnover_ratio": null,
            "account_receivable_turnover_ratio": null,
            "reinvestment_rate": null,
            "research_to_sale_ratio": null,
            "price_fair": 0,
            "eps_avg_yearly": 0,
            "eps_latest_yearly": 0,
            "eps_growth_yearly": 0
        },
        "20042": {
            "year_quarter": 20042,
            "year": 2004,
            "quarter": 2,
            "eps": null,
            "eps_growth_year": null,
            "eps_4q": null,
            "eps_4q_growth_year": null,
            "roe": null,
            "roe_4q": 0,
            "gross_profit": null,
            "gross_margin": null,
            "gross_margin_4q_avg": 0,
            "net_income": null,
            "revenue": null,
            "common_shares": null,
            "book_valuer_per_share": null,
            "book_valuer_per_share_4q_avg": 0,
            "equity": null,
            "current_ratio": null,
            "debt_ratio": null,
            "inventory_turnover_ratio": null,
            "account_receivable_turnover_ratio": null,
            "reinvestment_rate": null,
            "research_to_sale_ratio": null,
            "price_fair": 0,
            "eps_avg_yearly": 0,
            "eps_latest_yearly": 0,
            "eps_growth_yearly": 0
        },
        "20043": {
            "year_quarter": 20043,
            "year": 2004,
            "quarter": 3,
            "eps": null,
            "eps_growth_year": null,
            "eps_4q": null,
            "eps_4q_growth_year": null,
            "roe": null,
            "roe_4q": 0,
            "gross_profit": null,
            "gross_margin": null,
            "gross_margin_4q_avg": 0,
            "net_income": null,
            "revenue": null,
            "common_shares": null,
            "book_valuer_per_share": null,
            "book_valuer_per_share_4q_avg": 0,
            "equity": null,
            "current_ratio": null,
            "debt_ratio": null,
            "inventory_turnover_ratio": null,
            "account_receivable_turnover_ratio": null,
            "reinvestment_rate": null,
            "research_to_sale_ratio": null,
            "price_fair": 0,
            "eps_avg_yearly": 0,
            "eps_latest_yearly": 0,
            "eps_growth_yearly": 0
        },
        "20044": {
            "year_quarter": 20044,
            "year": 2004,
            "quarter": 4,
            "eps": null,
            "eps_growth_year": null,
            "eps_4q": null,
            "eps_4q_growth_year": null,
            "roe": null,
            "roe_4q": 0,
            "gross_profit": null,
            "gross_margin": null,
            "gross_margin_4q_avg": 0,
            "net_income": null,
            "revenue": null,
            "common_shares": null,
            "book_valuer_per_share": null,
            "book_valuer_per_share_4q_avg": 0,
            "equity": null,
            "current_ratio": null,
            "debt_ratio": null,
            "inventory_turnover_ratio": null,
            "account_receivable_turnover_ratio": null,
            "reinvestment_rate": null,
            "research_to_sale_ratio": null,
            "price_fair": 0,
            "eps_avg_yearly": 0,
            "eps_latest_yearly": 0,
            "eps_growth_yearly": 0
        },
        "20051": {
            "year_quarter": 20051,
            "year": 2005,
            "quarter": 1,
            "eps": null,
            "eps_growth_year": null,
            "eps_4q": null,
            "eps_4q_growth_year": null,
            "roe": null,
            "roe_4q": 0,
            "gross_profit": null,
            "gross_margin": null,
            "gross_margin_4q_avg": 0,
            "net_income": null,
            "revenue": null,
            "common_shares": null,
            "book_valuer_per_share": null,
            "book_valuer_per_share_4q_avg": 0,
            "equity": null,
            "current_ratio": null,
            "debt_ratio": null,
            "inventory_turnover_ratio": null,
            "account_receivable_turnover_ratio": null,
            "reinvestment_rate": null,
            "research_to_sale_ratio": null,
            "price_fair": 0,
            "eps_avg_yearly": 0,
            "eps_latest_yearly": 0,
            "eps_growth_yearly": 0
        },
        "20052": {
            "year_quarter": 20052,
            "year": 2005,
            "quarter": 2,
            "eps": null,
            "eps_growth_year": null,
            "eps_4q": null,
            "eps_4q_growth_year": null,
            "roe": null,
            "roe_4q": 0,
            "gross_profit": null,
            "gross_margin": null,
            "gross_margin_4q_avg": 0,
            "net_income": null,
            "revenue": null,
            "common_shares": null,
            "book_valuer_per_share": null,
            "book_valuer_per_share_4q_avg": 0,
            "equity": null,
            "current_ratio": null,
            "debt_ratio": null,
            "inventory_turnover_ratio": null,
            "account_receivable_turnover_ratio": null,
            "reinvestment_rate": null,
            "research_to_sale_ratio": null,
            "price_fair": 0,
            "eps_avg_yearly": 0,
            "eps_latest_yearly": 0,
            "eps_growth_yearly": 0
        },
        "20053": {
            "year_quarter": 20053,
            "year": 2005,
            "quarter": 3,
            "eps": null,
            "eps_growth_year": null,
            "eps_4q": null,
            "eps_4q_growth_year": null,
            "roe": null,
            "roe_4q": 0,
            "gross_profit": null,
            "gross_margin": null,
            "gross_margin_4q_avg": 0,
            "net_income": null,
            "revenue": null,
            "common_shares": null,
            "book_valuer_per_share": null,
            "book_valuer_per_share_4q_avg": 0,
            "equity": null,
            "current_ratio": null,
            "debt_ratio": null,
            "inventory_turnover_ratio": null,
            "account_receivable_turnover_ratio": null,
            "reinvestment_rate": null,
            "research_to_sale_ratio": null,
            "price_fair": 0,
            "eps_avg_yearly": 0,
            "eps_latest_yearly": 0,
            "eps_growth_yearly": 0
        },
        "20054": {
            "year_quarter": 20054,
            "year": 2005,
            "quarter": 4,
            "eps": null,
            "eps_growth_year": null,
            "eps_4q": null,
            "eps_4q_growth_year": null,
            "roe": null,
            "roe_4q": 0,
            "gross_profit": null,
            "gross_margin": null,
            "gross_margin_4q_avg": 0,
            "net_income": null,
            "revenue": null,
            "common_shares": null,
            "book_valuer_per_share": null,
            "book_valuer_per_share_4q_avg": 0,
            "equity": null,
            "current_ratio": null,
            "debt_ratio": null,
            "inventory_turnover_ratio": null,
            "account_receivable_turnover_ratio": null,
            "reinvestment_rate": null,
            "research_to_sale_ratio": null,
            "price_fair": 0,
            "eps_avg_yearly": 0,
            "eps_latest_yearly": 0,
            "eps_growth_yearly": 0
        },
        "20061": {
            "year_quarter": 20061,
            "year": 2006,
            "quarter": 1,
            "eps": null,
            "eps_growth_year": null,
            "eps_4q": null,
            "eps_4q_growth_year": null,
            "roe": null,
            "roe_4q": 0,
            "gross_profit": null,
            "gross_margin": null,
            "gross_margin_4q_avg": 0,
            "net_income": null,
            "revenue": null,
            "common_shares": null,
            "book_valuer_per_share": null,
            "book_valuer_per_share_4q_avg": 0,
            "equity": null,
            "current_ratio": null,
            "debt_ratio": null,
            "inventory_turnover_ratio": null,
            "account_receivable_turnover_ratio": null,
            "reinvestment_rate": null,
            "research_to_sale_ratio": null,
            "price_fair": 0,
            "eps_avg_yearly": 0,
            "eps_latest_yearly": 0,
            "eps_growth_yearly": 0
        },
        "20062": {
            "year_quarter": 20062,
            "year": 2006,
            "quarter": 2,
            "eps": null,
            "eps_growth_year": null,
            "eps_4q": null,
            "eps_4q_growth_year": null,
            "roe": null,
            "roe_4q": 0,
            "gross_profit": null,
            "gross_margin": null,
            "gross_margin_4q_avg": 0,
            "net_income": null,
            "revenue": null,
            "common_shares": null,
            "book_valuer_per_share": null,
            "book_valuer_per_share_4q_avg": 0,
            "equity": null,
            "current_ratio": null,
            "debt_ratio": null,
            "inventory_turnover_ratio": null,
            "account_receivable_turnover_ratio": null,
            "reinvestment_rate": null,
            "research_to_sale_ratio": null,
            "price_fair": 0,
            "eps_avg_yearly": 0,
            "eps_latest_yearly": 0,
            "eps_growth_yearly": 0
        },
        "20063": {
            "year_quarter": 20063,
            "year": 2006,
            "quarter": 3,
            "eps": null,
            "eps_growth_year": null,
            "eps_4q": null,
            "eps_4q_growth_year": null,
            "roe": null,
            "roe_4q": 0,
            "gross_profit": null,
            "gross_margin": null,
            "gross_margin_4q_avg": 0,
            "net_income": null,
            "revenue": null,
            "common_shares": null,
            "book_valuer_per_share": null,
            "book_valuer_per_share_4q_avg": 0,
            "equity": null,
            "current_ratio": null,
            "debt_ratio": null,
            "inventory_turnover_ratio": null,
            "account_receivable_turnover_ratio": null,
            "reinvestment_rate": null,
            "research_to_sale_ratio": null,
            "price_fair": 0,
            "eps_avg_yearly": 0,
            "eps_latest_yearly": 0,
            "eps_growth_yearly": 0
        },
        "20064": {
            "year_quarter": 20064,
            "year": 2006,
            "quarter": 4,
            "eps": null,
            "eps_growth_year": null,
            "eps_4q": null,
            "eps_4q_growth_year": null,
            "roe": null,
            "roe_4q": 0,
            "gross_profit": null,
            "gross_margin": null,
            "gross_margin_4q_avg": 0,
            "net_income": null,
            "revenue": null,
            "common_shares": null,
            "book_valuer_per_share": null,
            "book_valuer_per_share_4q_avg": 0,
            "equity": null,
            "current_ratio": null,
            "debt_ratio": null,
            "inventory_turnover_ratio": null,
            "account_receivable_turnover_ratio": null,
            "reinvestment_rate": null,
            "research_to_sale_ratio": null,
            "price_fair": 0,
            "eps_avg_yearly": 0,
            "eps_latest_yearly": 0,
            "eps_growth_yearly": 0
        },
        "20071": {
            "year_quarter": 20071,
            "year": 2007,
            "quarter": 1,
            "eps": null,
            "eps_growth_year": null,
            "eps_4q": null,
            "eps_4q_growth_year": null,
            "roe": null,
            "roe_4q": 0,
            "gross_profit": null,
            "gross_margin": null,
            "gross_margin_4q_avg": 0,
            "net_income": null,
            "revenue": null,
            "common_shares": null,
            "book_valuer_per_share": null,
            "book_valuer_per_share_4q_avg": 0,
            "equity": null,
            "current_ratio": null,
            "debt_ratio": null,
            "inventory_turnover_ratio": null,
            "account_receivable_turnover_ratio": null,
            "reinvestment_rate": null,
            "research_to_sale_ratio": null,
            "price_fair": 0,
            "eps_avg_yearly": 0,
            "eps_latest_yearly": 0,
            "eps_growth_yearly": 0
        },
        "20072": {
            "year_quarter": 20072,
            "year": 2007,
            "quarter": 2,
            "eps": null,
            "eps_growth_year": null,
            "eps_4q": null,
            "eps_4q_growth_year": null,
            "roe": null,
            "roe_4q": 0,
            "gross_profit": null,
            "gross_margin": null,
            "gross_margin_4q_avg": 0,
            "net_income": null,
            "revenue": null,
            "common_shares": null,
            "book_valuer_per_share": null,
            "book_valuer_per_share_4q_avg": 0,
            "equity": null,
            "current_ratio": null,
            "debt_ratio": null,
            "inventory_turnover_ratio": null,
            "account_receivable_turnover_ratio": null,
            "reinvestment_rate": null,
            "research_to_sale_ratio": null,
            "price_fair": 0,
            "eps_avg_yearly": 0,
            "eps_latest_yearly": 0,
            "eps_growth_yearly": 0
        },
        "20073": {
            "year_quarter": 20073,
            "year": 2007,
            "quarter": 3,
            "eps": null,
            "eps_growth_year": null,
            "eps_4q": null,
            "eps_4q_growth_year": null,
            "roe": null,
            "roe_4q": 0,
            "gross_profit": null,
            "gross_margin": null,
            "gross_margin_4q_avg": 0,
            "net_income": null,
            "revenue": null,
            "common_shares": null,
            "book_valuer_per_share": null,
            "book_valuer_per_share_4q_avg": 0,
            "equity": null,
            "current_ratio": null,
            "debt_ratio": null,
            "inventory_turnover_ratio": null,
            "account_receivable_turnover_ratio": null,
            "reinvestment_rate": null,
            "research_to_sale_ratio": null,
            "price_fair": 0,
            "eps_avg_yearly": 0,
            "eps_latest_yearly": 0,
            "eps_growth_yearly": 0
        },
        "20074": {
            "year_quarter": 20074,
            "year": 2007,
            "quarter": 4,
            "eps": null,
            "eps_growth_year": null,
            "eps_4q": null,
            "eps_4q_growth_year": null,
            "roe": null,
            "roe_4q": 0,
            "gross_profit": null,
            "gross_margin": null,
            "gross_margin_4q_avg": 0,
            "net_income": null,
            "revenue": null,
            "common_shares": null,
            "book_valuer_per_share": null,
            "book_valuer_per_share_4q_avg": 0,
            "equity": null,
            "current_ratio": null,
            "debt_ratio": null,
            "inventory_turnover_ratio": null,
            "account_receivable_turnover_ratio": null,
            "reinvestment_rate": null,
            "research_to_sale_ratio": null,
            "price_fair": 0,
            "eps_avg_yearly": 0,
            "eps_latest_yearly": 0,
            "eps_growth_yearly": 0
        },
        "20081": {
            "year_quarter": 20081,
            "year": 2008,
            "quarter": 1,
            "eps": null,
            "eps_growth_year": null,
            "eps_4q": null,
            "eps_4q_growth_year": null,
            "roe": null,
            "roe_4q": 0,
            "gross_profit": null,
            "gross_margin": null,
            "gross_margin_4q_avg": 0,
            "net_income": null,
            "revenue": null,
            "common_shares": null,
            "book_valuer_per_share": null,
            "book_valuer_per_share_4q_avg": 0,
            "equity": null,
            "current_ratio": null,
            "debt_ratio": null,
            "inventory_turnover_ratio": null,
            "account_receivable_turnover_ratio": null,
            "reinvestment_rate": null,
            "research_to_sale_ratio": null,
            "price_fair": 0,
            "eps_avg_yearly": 0,
            "eps_latest_yearly": 0,
            "eps_growth_yearly": 0
        },
        "20082": {
            "year_quarter": 20082,
            "year": 2008,
            "quarter": 2,
            "eps": null,
            "eps_growth_year": null,
            "eps_4q": null,
            "eps_4q_growth_year": null,
            "roe": null,
            "roe_4q": 0,
            "gross_profit": null,
            "gross_margin": null,
            "gross_margin_4q_avg": 0,
            "net_income": null,
            "revenue": null,
            "common_shares": null,
            "book_valuer_per_share": null,
            "book_valuer_per_share_4q_avg": 0,
            "equity": null,
            "current_ratio": null,
            "debt_ratio": null,
            "inventory_turnover_ratio": null,
            "account_receivable_turnover_ratio": null,
            "reinvestment_rate": null,
            "research_to_sale_ratio": null,
            "price_fair": 0,
            "eps_avg_yearly": 0,
            "eps_latest_yearly": 0,
            "eps_growth_yearly": 0
        },
        "20083": {
            "year_quarter": 20083,
            "year": 2008,
            "quarter": 3,
            "eps": null,
            "eps_growth_year": null,
            "eps_4q": null,
            "eps_4q_growth_year": null,
            "roe": null,
            "roe_4q": 0,
            "gross_profit": null,
            "gross_margin": null,
            "gross_margin_4q_avg": 0,
            "net_income": null,
            "revenue": null,
            "common_shares": null,
            "book_valuer_per_share": null,
            "book_valuer_per_share_4q_avg": 0,
            "equity": null,
            "current_ratio": null,
            "debt_ratio": null,
            "inventory_turnover_ratio": null,
            "account_receivable_turnover_ratio": null,
            "reinvestment_rate": null,
            "research_to_sale_ratio": null,
            "price_fair": 0,
            "eps_avg_yearly": 0,
            "eps_latest_yearly": 0,
            "eps_growth_yearly": 0
        },
        "20084": {
            "year_quarter": 20084,
            "year": 2008,
            "quarter": 4,
            "eps": null,
            "eps_growth_year": null,
            "eps_4q": null,
            "eps_4q_growth_year": null,
            "roe": null,
            "roe_4q": 0,
            "gross_profit": null,
            "gross_margin": null,
            "gross_margin_4q_avg": 0,
            "net_income": null,
            "revenue": null,
            "common_shares": 19188244,
            "book_valuer_per_share": null,
            "book_valuer_per_share_4q_avg": 0,
            "equity": 18705813,
            "current_ratio": null,
            "debt_ratio": null,
            "inventory_turnover_ratio": null,
            "account_receivable_turnover_ratio": null,
            "reinvestment_rate": null,
            "research_to_sale_ratio": null,
            "price_fair": 0,
            "eps_avg_yearly": 0,
            "eps_latest_yearly": 0,
            "eps_growth_yearly": 0
        },
        "20091": {
            "year_quarter": 20091,
            "year": 2009,
            "quarter": 1,
            "eps": null,
            "eps_growth_year": null,
            "eps_4q": null,
            "eps_4q_growth_year": null,
            "roe": null,
            "roe_4q": 0,
            "gross_profit": null,
            "gross_margin": null,
            "gross_margin_4q_avg": 0,
            "net_income": -48055,
            "revenue": 2056067,
            "common_shares": 19188244,
            "book_valuer_per_share": null,
            "book_valuer_per_share_4q_avg": 0,
            "equity": 18821234,
            "current_ratio": null,
            "debt_ratio": null,
            "inventory_turnover_ratio": null,
            "account_receivable_turnover_ratio": null,
            "reinvestment_rate": null,
            "research_to_sale_ratio": null,
            "price_fair": 0,
            "eps_avg_yearly": 0,
            "eps_latest_yearly": 0,
            "eps_growth_yearly": 0
        },
        "20092": {
            "year_quarter": 20092,
            "year": 2009,
            "quarter": 2,
            "eps": null,
            "eps_growth_year": null,
            "eps_4q": null,
            "eps_4q_growth_year": null,
            "roe": null,
            "roe_4q": 0,
            "gross_profit": null,
            "gross_margin": null,
            "gross_margin_4q_avg": 0,
            "net_income": -742730,
            "revenue": 1275856,
            "common_shares": 19188244,
            "book_valuer_per_share": null,
            "book_valuer_per_share_4q_avg": 0,
            "equity": 18245997,
            "current_ratio": null,
            "debt_ratio": null,
            "inventory_turnover_ratio": null,
            "account_receivable_turnover_ratio": null,
            "reinvestment_rate": null,
            "research_to_sale_ratio": null,
            "price_fair": 0,
            "eps_avg_yearly": 0,
            "eps_latest_yearly": 0,
            "eps_growth_yearly": 0
        },
        "20093": {
            "year_quarter": 20093,
            "year": 2009,
            "quarter": 3,
            "eps": null,
            "eps_growth_year": null,
            "eps_4q": null,
            "eps_4q_growth_year": null,
            "roe": null,
            "roe_4q": 0,
            "gross_profit": null,
            "gross_margin": null,
            "gross_margin_4q_avg": 0,
            "net_income": 399254,
            "revenue": 1913385,
            "common_shares": 19188244,
            "book_valuer_per_share": null,
            "book_valuer_per_share_4q_avg": 0,
            "equity": 18653907,
            "current_ratio": null,
            "debt_ratio": null,
            "inventory_turnover_ratio": null,
            "account_receivable_turnover_ratio": null,
            "reinvestment_rate": null,
            "research_to_sale_ratio": null,
            "price_fair": 0,
            "eps_avg_yearly": 0,
            "eps_latest_yearly": 0,
            "eps_growth_yearly": 0
        },
        "20094": {
            "year_quarter": 20094,
            "year": 2009,
            "quarter": 4,
            "eps": null,
            "eps_growth_year": null,
            "eps_4q": null,
            "eps_4q_growth_year": null,
            "roe": null,
            "roe_4q": 0,
            "gross_profit": null,
            "gross_margin": null,
            "gross_margin_4q_avg": 0,
            "net_income": 697061,
            "revenue": 2198387,
            "common_shares": 19188244,
            "book_valuer_per_share": 7.56,
            "book_valuer_per_share_4q_avg": 1.89,
            "equity": 19258752,
            "current_ratio": null,
            "debt_ratio": 94.65,
            "inventory_turnover_ratio": null,
            "account_receivable_turnover_ratio": null,
            "reinvestment_rate": null,
            "research_to_sale_ratio": null,
            "price_fair": 0,
            "eps_avg_yearly": 0,
            "eps_latest_yearly": 0,
            "eps_growth_yearly": 0
        },
        "20101": {
            "year_quarter": 20101,
            "year": 2010,
            "quarter": 1,
            "eps": 0.16,
            "eps_growth_year": null,
            "eps_4q": 0.16,
            "eps_4q_growth_year": null,
            "roe": 1.19,
            "roe_4q": 1.19,
            "gross_profit": null,
            "gross_margin": null,
            "gross_margin_4q_avg": 0,
            "net_income": 230274,
            "revenue": 1661277,
            "common_shares": 19188244,
            "book_valuer_per_share": 7.72,
            "book_valuer_per_share_4q_avg": 3.82,
            "equity": 19545852,
            "current_ratio": null,
            "debt_ratio": 94.59,
            "inventory_turnover_ratio": null,
            "account_receivable_turnover_ratio": null,
            "reinvestment_rate": null,
            "research_to_sale_ratio": null,
            "price_fair": 0,
            "eps_avg_yearly": 0,
            "eps_latest_yearly": 0,
            "eps_growth_yearly": 0
        },
        "20102": {
            "year_quarter": 20102,
            "year": 2010,
            "quarter": 2,
            "eps": 0.25,
            "eps_growth_year": null,
            "eps_4q": 0.46,
            "eps_4q_growth_year": null,
            "roe": 1.98,
            "roe_4q": 3.17,
            "gross_profit": null,
            "gross_margin": null,
            "gross_margin_4q_avg": 0,
            "net_income": 388608,
            "revenue": 2266165,
            "common_shares": 14511532,
            "book_valuer_per_share": 10.25,
            "book_valuer_per_share_4q_avg": 6.38,
            "equity": 19742869,
            "current_ratio": null,
            "debt_ratio": 94.53,
            "inventory_turnover_ratio": null,
            "account_receivable_turnover_ratio": 0.28,
            "reinvestment_rate": null,
            "research_to_sale_ratio": null,
            "price_fair": 35,
            "eps_avg_yearly": 1,
            "eps_latest_yearly": 1,
            "eps_growth_yearly": 225
        },
        "20103": {
            "year_quarter": 20103,
            "year": 2010,
            "quarter": 3,
            "eps": 0.36,
            "eps_growth_year": null,
            "eps_4q": 0.77,
            "eps_4q_growth_year": null,
            "roe": 3.16,
            "roe_4q": 6.33,
            "gross_profit": null,
            "gross_margin": null,
            "gross_margin_4q_avg": 0,
            "net_income": 639256,
            "revenue": 1625815,
            "common_shares": 16459908,
            "book_valuer_per_share": 10.5,
            "book_valuer_per_share_4q_avg": 9.01,
            "equity": 20665065,
            "current_ratio": null,
            "debt_ratio": 94.4,
            "inventory_turnover_ratio": null,
            "account_receivable_turnover_ratio": 0.2,
            "reinvestment_rate": null,
            "research_to_sale_ratio": null,
            "price_fair": 42.7,
            "eps_avg_yearly": 1.22,
            "eps_latest_yearly": 1.44,
            "eps_growth_yearly": 200.5
        },
        "20104": {
            "year_quarter": 20104,
            "year": 2010,
            "quarter": 4,
            "eps": 0.09,
            "eps_growth_year": null,
            "eps_4q": 0.86,
            "eps_4q_growth_year": null,
            "roe": 0.58,
            "roe_4q": 6.91,
            "gross_profit": null,
            "gross_margin": null,
            "gross_margin_4q_avg": 0,
            "net_income": 118181,
            "revenue": 2278057,
            "common_shares": 16459908,
            "book_valuer_per_share": 10.31,
            "book_valuer_per_share_4q_avg": 9.7,
            "equity": 20309002,
            "current_ratio": null,
            "debt_ratio": 94.45,
            "inventory_turnover_ratio": null,
            "account_receivable_turnover_ratio": null,
            "reinvestment_rate": null,
            "research_to_sale_ratio": null,
            "price_fair": 32.67,
            "eps_avg_yearly": 0.93,
            "eps_latest_yearly": 0.36,
            "eps_growth_yearly": 33.67
        },
        "20111": {
            "year_quarter": 20111,
            "year": 2011,
            "quarter": 1,
            "eps": 0.22,
            "eps_growth_year": 37.5,
            "eps_4q": 0.92,
            "eps_4q_growth_year": 470.77,
            "roe": 1.99,
            "roe_4q": 7.710000000000001,
            "gross_profit": null,
            "gross_margin": null,
            "gross_margin_4q_avg": 0,
            "net_income": 408226,
            "revenue": 1883326,
            "common_shares": 16459908,
            "book_valuer_per_share": 10.55,
            "book_valuer_per_share_4q_avg": 10.4,
            "equity": 20768685,
            "current_ratio": null,
            "debt_ratio": 94.51,
            "inventory_turnover_ratio": null,
            "account_receivable_turnover_ratio": null,
            "reinvestment_rate": null,
            "research_to_sale_ratio": null,
            "price_fair": 32.2,
            "eps_avg_yearly": 0.92,
            "eps_latest_yearly": 0.88,
            "eps_growth_yearly": 169.69
        },
        "20112": {
            "year_quarter": 20112,
            "year": 2011,
            "quarter": 2,
            "eps": 0.31,
            "eps_growth_year": 21.19,
            "eps_4q": 1,
            "eps_4q_growth_year": 115.25,
            "roe": 2.38,
            "roe_4q": 8.11,
            "gross_profit": null,
            "gross_margin": null,
            "gross_margin_4q_avg": 0,
            "net_income": 500007,
            "revenue": 1772490,
            "common_shares": 16459908,
            "book_valuer_per_share": 10.81,
            "book_valuer_per_share_4q_avg": 10.54,
            "equity": 21275893,
            "current_ratio": null,
            "debt_ratio": 94.3,
            "inventory_turnover_ratio": null,
            "account_receivable_turnover_ratio": 0.26,
            "reinvestment_rate": null,
            "research_to_sale_ratio": null,
            "price_fair": 34.44,
            "eps_avg_yearly": 0.98,
            "eps_latest_yearly": 1.24,
            "eps_growth_yearly": 168.48
        },
        "20113": {
            "year_quarter": 20113,
            "year": 2011,
            "quarter": 3,
            "eps": 0.47,
            "eps_growth_year": 30.61,
            "eps_4q": 1.11,
            "eps_4q_growth_year": 44.55,
            "roe": 3.57,
            "roe_4q": 8.52,
            "gross_profit": null,
            "gross_margin": null,
            "gross_margin_4q_avg": 0,
            "net_income": 772598,
            "revenue": 2504751,
            "common_shares": 16459908,
            "book_valuer_per_share": 11.21,
            "book_valuer_per_share_4q_avg": 10.72,
            "equity": 22056390,
            "current_ratio": null,
            "debt_ratio": 94.36,
            "inventory_turnover_ratio": null,
            "account_receivable_turnover_ratio": 0.36,
            "reinvestment_rate": null,
            "research_to_sale_ratio": null,
            "price_fair": 39.67,
            "eps_avg_yearly": 1.13,
            "eps_latest_yearly": 1.88,
            "eps_growth_yearly": 174.81
        },
        "20114": {
            "year_quarter": 20114,
            "year": 2011,
            "quarter": 4,
            "eps": 0.09,
            "eps_growth_year": 1.93,
            "eps_4q": 1.11,
            "eps_4q_growth_year": 29.51,
            "roe": 0.7,
            "roe_4q": 8.639999999999999,
            "gross_profit": null,
            "gross_margin": null,
            "gross_margin_4q_avg": 0,
            "net_income": 155121,
            "revenue": 2156590,
            "common_shares": 16459908,
            "book_valuer_per_share": 11.27,
            "book_valuer_per_share_4q_avg": 10.96,
            "equity": 22189710,
            "current_ratio": null,
            "debt_ratio": 94.47,
            "inventory_turnover_ratio": null,
            "account_receivable_turnover_ratio": null,
            "reinvestment_rate": null,
            "research_to_sale_ratio": null,
            "price_fair": 35.8,
            "eps_avg_yearly": 1.02,
            "eps_latest_yearly": 0.36,
            "eps_growth_yearly": 103.64
        },
        "20121": {
            "year_quarter": 20121,
            "year": 2012,
            "quarter": 1,
            "eps": 0.39,
            "eps_growth_year": 77.27,
            "eps_4q": 1.29,
            "eps_4q_growth_year": 40.56,
            "roe": 3.09,
            "roe_4q": 9.739999999999998,
            "gross_profit": null,
            "gross_margin": null,
            "gross_margin_4q_avg": 0,
            "net_income": 698315,
            "revenue": 2162896,
            "common_shares": 16459908,
            "book_valuer_per_share": 11.71,
            "book_valuer_per_share_4q_avg": 11.25,
            "equity": 23042843,
            "current_ratio": null,
            "debt_ratio": 94.28,
            "inventory_turnover_ratio": null,
            "account_receivable_turnover_ratio": null,
            "reinvestment_rate": null,
            "research_to_sale_ratio": null,
            "price_fair": 38.15,
            "eps_avg_yearly": 1.09,
            "eps_latest_yearly": 1.56,
            "eps_growth_yearly": 257.35
        },
        "20122": {
            "year_quarter": 20122,
            "year": 2012,
            "quarter": 2,
            "eps": 0.45,
            "eps_growth_year": 47.28,
            "eps_4q": 1.39,
            "eps_4q_growth_year": 38.86,
            "roe": 3.36,
            "roe_4q": 10.719999999999999,
            "gross_profit": null,
            "gross_margin": null,
            "gross_margin_4q_avg": 0,
            "net_income": 776776,
            "revenue": 1945268,
            "common_shares": 16459908,
            "book_valuer_per_share": 11.75,
            "book_valuer_per_share_4q_avg": 11.49,
            "equity": 23127456,
            "current_ratio": null,
            "debt_ratio": 94.3,
            "inventory_turnover_ratio": null,
            "account_receivable_turnover_ratio": 0.31,
            "reinvestment_rate": null,
            "research_to_sale_ratio": null,
            "price_fair": 40.91,
            "eps_avg_yearly": 1.17,
            "eps_latest_yearly": 1.8,
            "eps_growth_yearly": 235.59
        },
        "20123": {
            "year_quarter": 20123,
            "year": 2012,
            "quarter": 3,
            "eps": 0.42,
            "eps_growth_year": -9.06,
            "eps_4q": 1.37,
            "eps_4q_growth_year": 23.23,
            "roe": 3.13,
            "roe_4q": 10.28,
            "gross_profit": null,
            "gross_margin": null,
            "gross_margin_4q_avg": 0,
            "net_income": 734663,
            "revenue": 2718870,
            "common_shares": 17239308,
            "book_valuer_per_share": 11.65,
            "book_valuer_per_share_4q_avg": 11.6,
            "equity": 23849840,
            "current_ratio": null,
            "debt_ratio": 94.24,
            "inventory_turnover_ratio": null,
            "account_receivable_turnover_ratio": 0.43,
            "reinvestment_rate": null,
            "research_to_sale_ratio": null,
            "price_fair": 42.7,
            "eps_avg_yearly": 1.22,
            "eps_latest_yearly": 1.68,
            "eps_growth_yearly": 209.37
        },
        "20124": {
            "year_quarter": 20124,
            "year": 2012,
            "quarter": 4,
            "eps": 0.21,
            "eps_growth_year": 122.63,
            "eps_4q": 1.3,
            "eps_4q_growth_year": 17.4,
            "roe": 1.72,
            "roe_4q": 11.299999999999999,
            "gross_profit": null,
            "gross_margin": null,
            "gross_margin_4q_avg": 0,
            "net_income": 415348,
            "revenue": 1867915,
            "common_shares": 20060202,
            "book_valuer_per_share": 11.88,
            "book_valuer_per_share_4q_avg": 11.75,
            "equity": 24309973,
            "current_ratio": null,
            "debt_ratio": 94.08,
            "inventory_turnover_ratio": null,
            "account_receivable_turnover_ratio": null,
            "reinvestment_rate": -13.09,
            "research_to_sale_ratio": null,
            "price_fair": 41.49,
            "eps_avg_yearly": 1.19,
            "eps_latest_yearly": 0.84,
            "eps_growth_yearly": 172.15
        },
        "20131": {
            "year_quarter": 20131,
            "year": 2013,
            "quarter": 1,
            "eps": 0.34,
            "eps_growth_year": -12.82,
            "eps_4q": 1.3,
            "eps_4q_growth_year": 1.21,
            "roe": 2.77,
            "roe_4q": 10.98,
            "gross_profit": null,
            "gross_margin": null,
            "gross_margin_4q_avg": 0,
            "net_income": 699009,
            "revenue": 2359061,
            "common_shares": 20060202,
            "book_valuer_per_share": 12.79,
            "book_valuer_per_share_4q_avg": 12.02,
            "equity": 26158836,
            "current_ratio": null,
            "debt_ratio": 93.74,
            "inventory_turnover_ratio": null,
            "account_receivable_turnover_ratio": null,
            "reinvestment_rate": -11.27,
            "research_to_sale_ratio": null,
            "price_fair": 42,
            "eps_avg_yearly": 1.2,
            "eps_latest_yearly": 1.36,
            "eps_growth_yearly": 178.44
        },
        "20132": {
            "year_quarter": 20132,
            "year": 2013,
            "quarter": 2,
            "eps": 0.35,
            "eps_growth_year": -22.14,
            "eps_4q": 1.18,
            "eps_4q_growth_year": -14.69,
            "roe": 2.88,
            "roe_4q": 10.5,
            "gross_profit": null,
            "gross_margin": null,
            "gross_margin_4q_avg": 0,
            "net_income": 763667,
            "revenue": 2693837,
            "common_shares": 20060202,
            "book_valuer_per_share": 13.13,
            "book_valuer_per_share_4q_avg": 12.36,
            "equity": 26861067,
            "current_ratio": null,
            "debt_ratio": 93.68,
            "inventory_turnover_ratio": null,
            "account_receivable_turnover_ratio": null,
            "reinvestment_rate": -9.27,
            "research_to_sale_ratio": null,
            "price_fair": 42.54,
            "eps_avg_yearly": 1.22,
            "eps_latest_yearly": 1.4,
            "eps_growth_yearly": 165.62
        },
        "20133": {
            "year_quarter": 20133,
            "year": 2013,
            "quarter": 3,
            "eps": 0.31,
            "eps_growth_year": -27,
            "eps_4q": 1.15,
            "eps_4q_growth_year": -16.01,
            "roe": 2.5,
            "roe_4q": 9.870000000000001,
            "gross_profit": null,
            "gross_margin": null,
            "gross_margin_4q_avg": 0,
            "net_income": 680369,
            "revenue": 2581637,
            "common_shares": 22165251,
            "book_valuer_per_share": 12.32,
            "book_valuer_per_share_4q_avg": 12.53,
            "equity": 27559691,
            "current_ratio": null,
            "debt_ratio": 93.68,
            "inventory_turnover_ratio": null,
            "account_receivable_turnover_ratio": null,
            "reinvestment_rate": -8.7,
            "research_to_sale_ratio": null,
            "price_fair": 42.6,
            "eps_avg_yearly": 1.22,
            "eps_latest_yearly": 1.24,
            "eps_growth_yearly": 150.52
        },
        "20134": {
            "year_quarter": 20134,
            "year": 2013,
            "quarter": 4,
            "eps": 0.33,
            "eps_growth_year": 62.24,
            "eps_4q": 1.29,
            "eps_4q_growth_year": -0.69,
            "roe": 2.65,
            "roe_4q": 10.8,
            "gross_profit": null,
            "gross_margin": null,
            "gross_margin_4q_avg": 0,
            "net_income": 744760,
            "revenue": 2715986,
            "common_shares": 22165251,
            "book_valuer_per_share": 12.82,
            "book_valuer_per_share_4q_avg": 12.77,
            "equity": 28680374,
            "current_ratio": null,
            "debt_ratio": 93.48,
            "inventory_turnover_ratio": null,
            "account_receivable_turnover_ratio": null,
            "reinvestment_rate": -7.78,
            "research_to_sale_ratio": null,
            "price_fair": 42.84,
            "eps_avg_yearly": 1.22,
            "eps_latest_yearly": 1.32,
            "eps_growth_yearly": 142.21
        },
        "20141": {
            "year_quarter": 20141,
            "year": 2014,
            "quarter": 1,
            "eps": 0.32,
            "eps_growth_year": -5.88,
            "eps_4q": 1.31,
            "eps_4q_growth_year": 0.22,
            "roe": 2.5,
            "roe_4q": 10.530000000000001,
            "gross_profit": null,
            "gross_margin": null,
            "gross_margin_4q_avg": 0,
            "net_income": 727963,
            "revenue": 2588111,
            "common_shares": 22165251,
            "book_valuer_per_share": 13.25,
            "book_valuer_per_share_4q_avg": 12.88,
            "equity": 29625413,
            "current_ratio": null,
            "debt_ratio": 93.53,
            "inventory_turnover_ratio": null,
            "account_receivable_turnover_ratio": null,
            "reinvestment_rate": -4.46,
            "research_to_sale_ratio": null,
            "price_fair": 42.96,
            "eps_avg_yearly": 1.23,
            "eps_latest_yearly": 1.28,
            "eps_growth_yearly": 132.56
        },
        "20142": {
            "year_quarter": 20142,
            "year": 2014,
            "quarter": 2,
            "eps": 0.33,
            "eps_growth_year": -5.71,
            "eps_4q": 1.2,
            "eps_4q_growth_year": 1.59,
            "roe": 2.76,
            "roe_4q": 10.41,
            "gross_profit": null,
            "gross_margin": null,
            "gross_margin_4q_avg": 0,
            "net_income": 827434,
            "revenue": 2679264,
            "common_shares": 22165251,
            "book_valuer_per_share": 13.61,
            "book_valuer_per_share_4q_avg": 13,
            "equity": 30422891,
            "current_ratio": null,
            "debt_ratio": 93.44,
            "inventory_turnover_ratio": null,
            "account_receivable_turnover_ratio": null,
            "reinvestment_rate": -3.95,
            "research_to_sale_ratio": null,
            "price_fair": 43.66,
            "eps_avg_yearly": 1.25,
            "eps_latest_yearly": 1.32,
            "eps_growth_yearly": 119.28
        },
        "20143": {
            "year_quarter": 20143,
            "year": 2014,
            "quarter": 3,
            "eps": 0.33,
            "eps_growth_year": 6.45,
            "eps_4q": 1.25,
            "eps_4q_growth_year": 9.38,
            "roe": 2.63,
            "roe_4q": 10.54,
            "gross_profit": null,
            "gross_margin": null,
            "gross_margin_4q_avg": 0,
            "net_income": 809946,
            "revenue": 2761866,
            "common_shares": 24509306,
            "book_valuer_per_share": 12.64,
            "book_valuer_per_share_4q_avg": 13.08,
            "equity": 31250718,
            "current_ratio": null,
            "debt_ratio": 93.41,
            "inventory_turnover_ratio": null,
            "account_receivable_turnover_ratio": null,
            "reinvestment_rate": -3.07,
            "research_to_sale_ratio": null,
            "price_fair": 43.4,
            "eps_avg_yearly": 1.24,
            "eps_latest_yearly": 1.32,
            "eps_growth_yearly": 108.28
        },
        "20144": {
            "year_quarter": 20144,
            "year": 2014,
            "quarter": 4,
            "eps": 0.31,
            "eps_growth_year": -7.17,
            "eps_4q": 1.26,
            "eps_4q_growth_year": -2.44,
            "roe": 2.39,
            "roe_4q": 10.28,
            "gross_profit": null,
            "gross_margin": null,
            "gross_margin_4q_avg": 0,
            "net_income": 758142,
            "revenue": 2905700,
            "common_shares": 24509306,
            "book_valuer_per_share": 13.07,
            "book_valuer_per_share_4q_avg": 13.14,
            "equity": 32307073,
            "current_ratio": null,
            "debt_ratio": 93.36,
            "inventory_turnover_ratio": null,
            "account_receivable_turnover_ratio": null,
            "reinvestment_rate": -3.57,
            "research_to_sale_ratio": null,
            "price_fair": 45.33,
            "eps_avg_yearly": 1.3,
            "eps_latest_yearly": 1.24,
            "eps_growth_yearly": 125.52
        },
        "20151": {
            "year_quarter": 20151,
            "year": 2015,
            "quarter": 1,
            "eps": 0.3,
            "eps_growth_year": -6.25,
            "eps_4q": 1.27,
            "eps_4q_growth_year": -3.04,
            "roe": 2.23,
            "roe_4q": 10.01,
            "gross_profit": null,
            "gross_margin": null,
            "gross_margin_4q_avg": 0,
            "net_income": 730440,
            "revenue": 2725960,
            "common_shares": 24509306,
            "book_valuer_per_share": 13.42,
            "book_valuer_per_share_4q_avg": 13.19,
            "equity": 33171527,
            "current_ratio": null,
            "debt_ratio": 93.26,
            "inventory_turnover_ratio": null,
            "account_receivable_turnover_ratio": null,
            "reinvestment_rate": -2.93,
            "research_to_sale_ratio": null,
            "price_fair": 46.03,
            "eps_avg_yearly": 1.32,
            "eps_latest_yearly": 1.2,
            "eps_growth_yearly": 88.6
        },
        "20152": {
            "year_quarter": 20152,
            "year": 2015,
            "quarter": 2,
            "eps": 0.24,
            "eps_growth_year": -27.27,
            "eps_4q": 1.12,
            "eps_4q_growth_year": -6.7,
            "roe": 1.92,
            "roe_4q": 9.170000000000002,
            "gross_profit": null,
            "gross_margin": null,
            "gross_margin_4q_avg": 0,
            "net_income": 635300,
            "revenue": 2708284,
            "common_shares": 24509306,
            "book_valuer_per_share": 13.42,
            "book_valuer_per_share_4q_avg": 13.14,
            "equity": 33147558,
            "current_ratio": null,
            "debt_ratio": 93.45,
            "inventory_turnover_ratio": null,
            "account_receivable_turnover_ratio": null,
            "reinvestment_rate": -2.59,
            "research_to_sale_ratio": null,
            "price_fair": 45.41,
            "eps_avg_yearly": 1.3,
            "eps_latest_yearly": 0.96,
            "eps_growth_yearly": 73.37
        },
        "20153": {
            "year_quarter": 20153,
            "year": 2015,
            "quarter": 3,
            "eps": 0.34,
            "eps_growth_year": 3.03,
            "eps_4q": 1.15,
            "eps_4q_growth_year": -8.26,
            "roe": 2.62,
            "roe_4q": 9.16,
            "gross_profit": null,
            "gross_margin": null,
            "gross_margin_4q_avg": 0,
            "net_income": 883990,
            "revenue": 2961064,
            "common_shares": 26051524,
            "book_valuer_per_share": 13.06,
            "book_valuer_per_share_4q_avg": 13.24,
            "equity": 34263506,
            "current_ratio": null,
            "debt_ratio": 93.29,
            "inventory_turnover_ratio": null,
            "account_receivable_turnover_ratio": null,
            "reinvestment_rate": -2.36,
            "research_to_sale_ratio": null,
            "price_fair": 44.28,
            "eps_avg_yearly": 1.27,
            "eps_latest_yearly": 1.36,
            "eps_growth_yearly": 70.89
        },
        "20154": {
            "year_quarter": 20154,
            "year": 2015,
            "quarter": 4,
            "eps": 0.34,
            "eps_growth_year": 9.36,
            "eps_4q": 1.2,
            "eps_4q_growth_year": -5.1,
            "roe": 2.56,
            "roe_4q": 9.33,
            "gross_profit": null,
            "gross_margin": null,
            "gross_margin_4q_avg": 0,
            "net_income": 889194,
            "revenue": 3345414,
            "common_shares": 26051524,
            "book_valuer_per_share": 13.39,
            "book_valuer_per_share_4q_avg": 13.32,
            "equity": 35150417,
            "current_ratio": null,
            "debt_ratio": 93.09,
            "inventory_turnover_ratio": null,
            "account_receivable_turnover_ratio": null,
            "reinvestment_rate": -2.24,
            "research_to_sale_ratio": null,
            "price_fair": 46.46,
            "eps_avg_yearly": 1.33,
            "eps_latest_yearly": 1.36,
            "eps_growth_yearly": 91.1
        },
        "20161": {
            "year_quarter": 20161,
            "year": 2016,
            "quarter": 1,
            "eps": 0.25,
            "eps_growth_year": -16.67,
            "eps_4q": 1.17,
            "eps_4q_growth_year": -7.58,
            "roe": 1.86,
            "roe_4q": 8.96,
            "gross_profit": null,
            "gross_margin": null,
            "gross_margin_4q_avg": 0,
            "net_income": 659626,
            "revenue": 2680738,
            "common_shares": 26051524,
            "book_valuer_per_share": 13.68,
            "book_valuer_per_share_4q_avg": 13.39,
            "equity": 35894141,
            "current_ratio": null,
            "debt_ratio": 93.09,
            "inventory_turnover_ratio": null,
            "account_receivable_turnover_ratio": null,
            "reinvestment_rate": -1.62,
            "research_to_sale_ratio": null,
            "price_fair": 14.41,
            "eps_avg_yearly": 1.29,
            "eps_latest_yearly": 1,
            "eps_growth_yearly": 1.15
        },
        "20162": {
            "year_quarter": 20162,
            "year": 2016,
            "quarter": 2,
            "eps": 0.22,
            "eps_growth_year": -8.33,
            "eps_4q": 1.15,
            "eps_4q_growth_year": 2.15,
            "roe": 1.62,
            "roe_4q": 8.66,
            "gross_profit": null,
            "gross_margin": null,
            "gross_margin_4q_avg": 0,
            "net_income": 578419,
            "revenue": 3124611,
            "common_shares": 26051524,
            "book_valuer_per_share": 13.56,
            "book_valuer_per_share_4q_avg": 13.42,
            "equity": 35577116,
            "current_ratio": null,
            "debt_ratio": 93.15,
            "inventory_turnover_ratio": null,
            "account_receivable_turnover_ratio": null,
            "reinvestment_rate": -0.47,
            "research_to_sale_ratio": null,
            "price_fair": 3.71,
            "eps_avg_yearly": 1.24,
            "eps_latest_yearly": 0.88,
            "eps_growth_yearly": -5.7
        },
        "20163": {
            "year_quarter": 20163,
            "year": 2016,
            "quarter": 3,
            "eps": 0.3,
            "eps_growth_year": -11.76,
            "eps_4q": 1.11,
            "eps_4q_growth_year": -3.44,
            "roe": 2.23,
            "roe_4q": 8.27,
            "gross_profit": null,
            "gross_margin": null,
            "gross_margin_4q_avg": 0,
            "net_income": 803890,
            "revenue": 2994200,
            "common_shares": 26051524,
            "book_valuer_per_share": 13.91,
            "book_valuer_per_share_4q_avg": 13.64,
            "equity": 36516972,
            "current_ratio": null,
            "debt_ratio": 93.12,
            "inventory_turnover_ratio": null,
            "account_receivable_turnover_ratio": null,
            "reinvestment_rate": -0.31,
            "research_to_sale_ratio": null,
            "price_fair": 18.15,
            "eps_avg_yearly": 1.21,
            "eps_latest_yearly": 1.2,
            "eps_growth_yearly": 5.06
        },
        "20164": {
            "year_quarter": 20164,
            "year": 2016,
            "quarter": 4,
            "eps": 0.24,
            "eps_growth_year": -29.38,
            "eps_4q": 1.01,
            "eps_4q_growth_year": -15.53,
            "roe": 1.7,
            "roe_4q": 7.41,
            "gross_profit": null,
            "gross_margin": null,
            "gross_margin_4q_avg": 0,
            "net_income": 619686,
            "revenue": 3212111,
            "common_shares": 26051524,
            "book_valuer_per_share": 13.8,
            "book_valuer_per_share_4q_avg": 13.74,
            "equity": 36218456,
            "current_ratio": null,
            "debt_ratio": 93.2,
            "inventory_turnover_ratio": null,
            "account_receivable_turnover_ratio": null,
            "reinvestment_rate": 3.64,
            "research_to_sale_ratio": null,
            "price_fair": 27.35,
            "eps_avg_yearly": 1.21,
            "eps_latest_yearly": 0.96,
            "eps_growth_yearly": 12.56
        },
        "20171": {
            "year_quarter": 20171,
            "year": 2017,
            "quarter": 1,
            "eps": 0.25,
            "eps_growth_year": 0,
            "eps_4q": 1.02,
            "eps_4q_growth_year": -13.15,
            "roe": 1.84,
            "roe_4q": 7.39,
            "gross_profit": null,
            "gross_margin": null,
            "gross_margin_4q_avg": 0,
            "net_income": 671333,
            "revenue": 2970434,
            "common_shares": 26051524,
            "book_valuer_per_share": 14.06,
            "book_valuer_per_share_4q_avg": 13.83,
            "equity": 36912019,
            "current_ratio": null,
            "debt_ratio": 93.21,
            "inventory_turnover_ratio": null,
            "account_receivable_turnover_ratio": null,
            "reinvestment_rate": 3.33,
            "research_to_sale_ratio": null,
            "price_fair": 3.57,
            "eps_avg_yearly": 1.19,
            "eps_latest_yearly": 1,
            "eps_growth_yearly": -1.88
        },
        "20172": {
            "year_quarter": 20172,
            "year": 2017,
            "quarter": 2,
            "eps": 0.24,
            "eps_growth_year": 9.09,
            "eps_4q": 1.04,
            "eps_4q_growth_year": -9.52,
            "roe": 1.71,
            "roe_4q": 7.48,
            "gross_profit": null,
            "gross_margin": null,
            "gross_margin_4q_avg": 0,
            "net_income": 628519,
            "revenue": 2956925,
            "common_shares": 26051524,
            "book_valuer_per_share": 13.98,
            "book_valuer_per_share_4q_avg": 13.94,
            "equity": 36675180,
            "current_ratio": null,
            "debt_ratio": 93.2,
            "inventory_turnover_ratio": null,
            "account_receivable_turnover_ratio": null,
            "reinvestment_rate": 3.49,
            "research_to_sale_ratio": null,
            "price_fair": 3.49,
            "eps_avg_yearly": 1.16,
            "eps_latest_yearly": 0.96,
            "eps_growth_yearly": -3.61
        },
        "20173": {
            "year_quarter": 20173,
            "year": 2017,
            "quarter": 3,
            "eps": 0.28,
            "eps_growth_year": -6.67,
            "eps_4q": 1.01,
            "eps_4q_growth_year": -8.76,
            "roe": 1.99,
            "roe_4q": 7.24,
            "gross_profit": null,
            "gross_margin": null,
            "gross_margin_4q_avg": 0,
            "net_income": 738658,
            "revenue": 3391686,
            "common_shares": 26051524,
            "book_valuer_per_share": 14.28,
            "book_valuer_per_share_4q_avg": 14.03,
            "equity": 37473212,
            "current_ratio": null,
            "debt_ratio": 93.1,
            "inventory_turnover_ratio": null,
            "account_receivable_turnover_ratio": null,
            "reinvestment_rate": 3.48,
            "research_to_sale_ratio": null,
            "price_fair": 15.49,
            "eps_avg_yearly": 1.16,
            "eps_latest_yearly": 1.12,
            "eps_growth_yearly": 3.41
        },
        "20174": {
            "year_quarter": 20174,
            "year": 2017,
            "quarter": 4,
            "eps": 0.28,
            "eps_growth_year": 16.7,
            "eps_4q": 1.05,
            "eps_4q_growth_year": 4.12,
            "roe": 1.7,
            "roe_4q": 7.24,
            "gross_profit": null,
            "gross_margin": null,
            "gross_margin_4q_avg": 0,
            "net_income": 727525,
            "revenue": 3152320,
            "common_shares": 26051524,
            "book_valuer_per_share": 17.08,
            "book_valuer_per_share_4q_avg": 14.85,
            "equity": 48186565,
            "current_ratio": null,
            "debt_ratio": 91.48,
            "inventory_turnover_ratio": null,
            "account_receivable_turnover_ratio": null,
            "reinvestment_rate": 3.76,
            "research_to_sale_ratio": null,
            "price_fair": 13.48,
            "eps_avg_yearly": 1.14,
            "eps_latest_yearly": 1.12,
            "eps_growth_yearly": 1.8
        },
        "20181": {
            "year_quarter": 20181,
            "year": 2018,
            "quarter": 1,
            "eps": 0.26,
            "eps_growth_year": 4,
            "eps_4q": 1.06,
            "eps_4q_growth_year": 4.38,
            "roe": 1.4,
            "roe_4q": 6.8,
            "gross_profit": null,
            "gross_margin": null,
            "gross_margin_4q_avg": 0,
            "net_income": 681304,
            "revenue": 3033074,
            "common_shares": 26051524,
            "book_valuer_per_share": 17.36,
            "book_valuer_per_share_4q_avg": 15.68,
            "equity": 48971061,
            "current_ratio": null,
            "debt_ratio": 91.56,
            "inventory_turnover_ratio": null,
            "account_receivable_turnover_ratio": null,
            "reinvestment_rate": 1.95,
            "research_to_sale_ratio": null,
            "price_fair": 11.28,
            "eps_avg_yearly": 1.13,
            "eps_latest_yearly": 1.04,
            "eps_growth_yearly": 0.77
        },
        "20182": {
            "year_quarter": 20182,
            "year": 2018,
            "quarter": 2,
            "eps": 0.27,
            "eps_growth_year": 12.5,
            "eps_4q": 1.1,
            "eps_4q_growth_year": 6.52,
            "roe": 1.69,
            "roe_4q": 6.78,
            "gross_profit": null,
            "gross_margin": null,
            "gross_margin_4q_avg": 0,
            "net_income": 829946,
            "revenue": 3373912,
            "common_shares": 26051524,
            "book_valuer_per_share": 17.39,
            "book_valuer_per_share_4q_avg": 16.53,
            "equity": 49056556,
            "current_ratio": null,
            "debt_ratio": 91.59,
            "inventory_turnover_ratio": null,
            "account_receivable_turnover_ratio": null,
            "reinvestment_rate": 1.79,
            "research_to_sale_ratio": null,
            "price_fair": 11.13,
            "eps_avg_yearly": 1.11,
            "eps_latest_yearly": 1.08,
            "eps_growth_yearly": 0.95
        },
        "20183": {
            "year_quarter": 20183,
            "year": 2018,
            "quarter": 3,
            "eps": 0.3,
            "eps_growth_year": 7.14,
            "eps_4q": 1.16,
            "eps_4q_growth_year": 14.64,
            "roe": 1.79,
            "roe_4q": 6.58,
            "gross_profit": null,
            "gross_margin": null,
            "gross_margin_4q_avg": 0,
            "net_income": 891051,
            "revenue": 3370718,
            "common_shares": 26900129,
            "book_valuer_per_share": 17.35,
            "book_valuer_per_share_4q_avg": 17.3,
            "equity": 50404053,
            "current_ratio": null,
            "debt_ratio": 91.77,
            "inventory_turnover_ratio": null,
            "account_receivable_turnover_ratio": null,
            "reinvestment_rate": 15.01,
            "research_to_sale_ratio": null,
            "price_fair": 15.17,
            "eps_avg_yearly": 1.11,
            "eps_latest_yearly": 1.2,
            "eps_growth_yearly": 3.73
        },
        "20184": {
            "year_quarter": 20184,
            "year": 2018,
            "quarter": 4,
            "eps": 0.21,
            "eps_growth_year": -25.82,
            "eps_4q": 1.1,
            "eps_4q_growth_year": 4.32,
            "roe": 1.1,
            "roe_4q": 5.98,
            "gross_profit": null,
            "gross_margin": null,
            "gross_margin_4q_avg": 0,
            "net_income": 552700,
            "revenue": 2954617,
            "common_shares": 26900129,
            "book_valuer_per_share": 17.24,
            "book_valuer_per_share_4q_avg": 17.34,
            "equity": 50058755,
            "current_ratio": null,
            "debt_ratio": 92.27,
            "inventory_turnover_ratio": null,
            "account_receivable_turnover_ratio": null,
            "reinvestment_rate": 16.09,
            "research_to_sale_ratio": null,
            "price_fair": 3.24,
            "eps_avg_yearly": 1.08,
            "eps_latest_yearly": 0.84,
            "eps_growth_yearly": -2.25
        },
        "20191": {
            "year_quarter": 20191,
            "year": 2019,
            "quarter": 1,
            "eps": 0.26,
            "eps_growth_year": 0,
            "eps_4q": 1.11,
            "eps_4q_growth_year": 4.72,
            "roe": 1.4,
            "roe_4q": 5.98,
            "gross_profit": null,
            "gross_margin": null,
            "gross_margin_4q_avg": 0,
            "net_income": 717686,
            "revenue": 3437005,
            "common_shares": 26900129,
            "book_valuer_per_share": 17.99,
            "book_valuer_per_share_4q_avg": 17.49,
            "equity": 52253044,
            "current_ratio": null,
            "debt_ratio": 92.02,
            "inventory_turnover_ratio": null,
            "account_receivable_turnover_ratio": null,
            "reinvestment_rate": 15.41,
            "research_to_sale_ratio": null,
            "price_fair": 15.52,
            "eps_avg_yearly": 1.07,
            "eps_latest_yearly": 1.04,
            "eps_growth_yearly": 4.5
        },
        "20192": {
            "year_quarter": 20192,
            "year": 2019,
            "quarter": 2,
            "eps": 0.09,
            "eps_growth_year": -66.67,
            "eps_4q": 1.01,
            "eps_4q_growth_year": -8.91,
            "roe": 1.41,
            "roe_4q": 5.699999999999999,
            "gross_profit": null,
            "gross_margin": null,
            "gross_margin_4q_avg": 0,
            "net_income": 745761,
            "revenue": 3221243,
            "common_shares": 26900129,
            "book_valuer_per_share": 18.55,
            "book_valuer_per_share_4q_avg": 17.78,
            "equity": 53863450,
            "current_ratio": null,
            "debt_ratio": 91.92,
            "inventory_turnover_ratio": null,
            "account_receivable_turnover_ratio": null,
            "reinvestment_rate": 14.96,
            "research_to_sale_ratio": null,
            "price_fair": 3.1,
            "eps_avg_yearly": 1.03,
            "eps_latest_yearly": 0.36,
            "eps_growth_yearly": -6.84
        },
        "20193": {
            "year_quarter": 20193,
            "year": 2019,
            "quarter": 3,
            "eps": 0.35,
            "eps_growth_year": 16.67,
            "eps_4q": 1.05,
            "eps_4q_growth_year": -9.72,
            "roe": 1.87,
            "roe_4q": 5.779999999999999,
            "gross_profit": null,
            "gross_margin": null,
            "gross_margin_4q_avg": 0,
            "net_income": 1019939,
            "revenue": 3709495,
            "common_shares": 28844553,
            "book_valuer_per_share": 17.83,
            "book_valuer_per_share_4q_avg": 17.9,
            "equity": 54983126,
            "current_ratio": null,
            "debt_ratio": 92.15,
            "inventory_turnover_ratio": null,
            "account_receivable_turnover_ratio": null,
            "reinvestment_rate": 14.37,
            "research_to_sale_ratio": null,
            "price_fair": 36.23,
            "eps_avg_yearly": 1.04,
            "eps_latest_yearly": 1.4,
            "eps_growth_yearly": 54.96
        },
        "20194": {
            "year_quarter": 20194,
            "year": 2019,
            "quarter": 4,
            "eps": 0.31,
            "eps_growth_year": 49.14,
            "eps_4q": 1.16,
            "eps_4q_growth_year": 5.95,
            "roe": 1.6,
            "roe_4q": 6.279999999999999,
            "gross_profit": null,
            "gross_margin": null,
            "gross_margin_4q_avg": 0,
            "net_income": 888092,
            "revenue": 3498439,
            "common_shares": 28844553,
            "book_valuer_per_share": 18.24,
            "book_valuer_per_share_4q_avg": 18.15,
            "equity": 56249879,
            "current_ratio": null,
            "debt_ratio": 91.91,
            "inventory_turnover_ratio": null,
            "account_receivable_turnover_ratio": null,
            "reinvestment_rate": 15.21,
            "research_to_sale_ratio": null,
            "price_fair": 35.96,
            "eps_avg_yearly": 1.03,
            "eps_latest_yearly": 1.24,
            "eps_growth_yearly": 52.11
        },
        "20201": {
            "year_quarter": 20201,
            "year": 2020,
            "quarter": 1,
            "eps": 0.13,
            "eps_growth_year": -50,
            "eps_4q": 1.05,
            "eps_4q_growth_year": -5.69,
            "roe": 0.67,
            "roe_4q": 5.550000000000001,
            "gross_profit": null,
            "gross_margin": null,
            "gross_margin_4q_avg": 0,
            "net_income": 368652,
            "revenue": 3020015,
            "common_shares": 28844553,
            "book_valuer_per_share": 17.4,
            "book_valuer_per_share_4q_avg": 18.01,
            "equity": 53681952,
            "current_ratio": null,
            "debt_ratio": 92.48,
            "inventory_turnover_ratio": null,
            "account_receivable_turnover_ratio": null,
            "reinvestment_rate": 15.35,
            "research_to_sale_ratio": null,
            "price_fair": 34.91,
            "eps_avg_yearly": 1,
            "eps_latest_yearly": 0.52,
            "eps_growth_yearly": 44.21
        },
        "20202": {
            "year_quarter": 20202,
            "year": 2020,
            "quarter": 2,
            "eps": 0.17,
            "eps_growth_year": 88.89,
            "eps_4q": 1.06,
            "eps_4q_growth_year": 5.73,
            "roe": 1.84,
            "roe_4q": 5.98,
            "gross_profit": null,
            "gross_margin": null,
            "gross_margin_4q_avg": 0,
            "net_income": 1012140,
            "revenue": 3759500,
            "common_shares": 28844553,
            "book_valuer_per_share": 18.33,
            "book_valuer_per_share_4q_avg": 17.95,
            "equity": 56534375,
            "current_ratio": null,
            "debt_ratio": 92.44,
            "inventory_turnover_ratio": null,
            "account_receivable_turnover_ratio": null,
            "reinvestment_rate": 14.67,
            "research_to_sale_ratio": null,
            "price_fair": 34.48,
            "eps_avg_yearly": 0.99,
            "eps_latest_yearly": 0.68,
            "eps_growth_yearly": 54.9
        },
        "20203": {
            "year_quarter": 20203,
            "year": 2020,
            "quarter": 3,
            "eps": 0.35,
            "eps_growth_year": 0,
            "eps_4q": 1.09,
            "eps_4q_growth_year": 3.58,
            "roe": 1.91,
            "roe_4q": 6.02,
            "gross_profit": null,
            "gross_margin": null,
            "gross_margin_4q_avg": 0,
            "net_income": 1093226,
            "revenue": 3792046,
            "common_shares": 30933688,
            "book_valuer_per_share": 17.54,
            "book_valuer_per_share_4q_avg": 17.88,
            "equity": 57760012,
            "current_ratio": null,
            "debt_ratio": 92.41,
            "inventory_turnover_ratio": null,
            "account_receivable_turnover_ratio": null,
            "reinvestment_rate": 13.83,
            "research_to_sale_ratio": null,
            "price_fair": 34.91,
            "eps_avg_yearly": 1,
            "eps_latest_yearly": 1.4,
            "eps_growth_yearly": 72.28
        },
        "20204": {
            "year_quarter": 20204,
            "year": 2020,
            "quarter": 4,
            "eps": 0.31,
            "eps_growth_year": 1.6,
            "eps_4q": 1.11,
            "eps_4q_growth_year": -4.47,
            "roe": 1.64,
            "roe_4q": 6.06,
            "gross_profit": null,
            "gross_margin": null,
            "gross_margin_4q_avg": 0,
            "net_income": 967487,
            "revenue": 3858801,
            "common_shares": 30933688,
            "book_valuer_per_share": 18.28,
            "book_valuer_per_share_4q_avg": 17.89,
            "equity": 60192412,
            "current_ratio": null,
            "debt_ratio": 92.05,
            "inventory_turnover_ratio": null,
            "account_receivable_turnover_ratio": null,
            "reinvestment_rate": 10.02,
            "research_to_sale_ratio": null,
            "price_fair": 35.53,
            "eps_avg_yearly": 1.02,
            "eps_latest_yearly": 1.24,
            "eps_growth_yearly": 74.42
        },
        "20211": {
            "year_quarter": 20211,
            "year": 2021,
            "quarter": 1,
            "eps": 0.31,
            "eps_growth_year": 138.46,
            "eps_4q": 1.3,
            "eps_4q_growth_year": 24.43,
            "roe": 1.58,
            "roe_4q": 6.97,
            "gross_profit": null,
            "gross_margin": null,
            "gross_margin_4q_avg": 0,
            "net_income": 957070,
            "revenue": 3889766,
            "common_shares": 30933688,
            "book_valuer_per_share": 18.47,
            "book_valuer_per_share_4q_avg": 18.16,
            "equity": 60839543,
            "current_ratio": null,
            "debt_ratio": 92.29,
            "inventory_turnover_ratio": null,
            "account_receivable_turnover_ratio": null,
            "reinvestment_rate": 9.65,
            "research_to_sale_ratio": null,
            "price_fair": 36.05,
            "eps_avg_yearly": 1.03,
            "eps_latest_yearly": 1.24,
            "eps_growth_yearly": 73.38
        },
        "20212": {
            "year_quarter": 20212,
            "year": 2021,
            "quarter": 2,
            "eps": 0.42,
            "eps_growth_year": 147.06,
            "eps_4q": 1.4,
            "eps_4q_growth_year": 31.48,
            "roe": 2.09,
            "roe_4q": 7.22,
            "gross_profit": null,
            "gross_margin": null,
            "gross_margin_4q_avg": 0,
            "net_income": 1305673,
            "revenue": 4239310,
            "common_shares": 30933688,
            "book_valuer_per_share": 19.42,
            "book_valuer_per_share_4q_avg": 18.43,
            "equity": 64365242,
            "current_ratio": null,
            "debt_ratio": 92.06,
            "inventory_turnover_ratio": null,
            "account_receivable_turnover_ratio": null,
            "reinvestment_rate": 9.24,
            "research_to_sale_ratio": null,
            "price_fair": 37.63,
            "eps_avg_yearly": 1.08,
            "eps_latest_yearly": 1.68,
            "eps_growth_yearly": 83.25
        },
        "20213": {
            "year_quarter": 20213,
            "year": 2021,
            "quarter": 3,
            "eps": 0.25,
            "eps_growth_year": -28.57,
            "eps_4q": 1.38,
            "eps_4q_growth_year": 26.71,
            "roe": 2.03,
            "roe_4q": 7.339999999999999,
            "gross_profit": null,
            "gross_margin": null,
            "gross_margin_4q_avg": 0,
            "net_income": 1307623,
            "revenue": 4280851,
            "common_shares": 32952187,
            "book_valuer_per_share": 18.28,
            "book_valuer_per_share_4q_avg": 18.61,
            "equity": 64440509,
            "current_ratio": null,
            "debt_ratio": 92.13,
            "inventory_turnover_ratio": null,
            "account_receivable_turnover_ratio": null,
            "reinvestment_rate": 9.44,
            "research_to_sale_ratio": null,
            "price_fair": 37.36,
            "eps_avg_yearly": 1.07,
            "eps_latest_yearly": 1,
            "eps_growth_yearly": 68.97
        },
        "20214": {
            "year_quarter": 20214,
            "year": 2021,
            "quarter": 4,
            "eps": 0.27,
            "eps_growth_year": -13.33,
            "eps_4q": 1.35,
            "eps_4q_growth_year": 21.75,
            "roe": 1.37,
            "roe_4q": 7.07,
            "gross_profit": null,
            "gross_margin": null,
            "gross_margin_4q_avg": 0,
            "net_income": 893030,
            "revenue": 4278846,
            "common_shares": 32952187,
            "book_valuer_per_share": 18.64,
            "book_valuer_per_share_4q_avg": 18.7,
            "equity": 65865069,
            "current_ratio": null,
            "debt_ratio": 92.17,
            "inventory_turnover_ratio": null,
            "account_receivable_turnover_ratio": null,
            "reinvestment_rate": 26.9,
            "research_to_sale_ratio": null,
            "price_fair": 37.28,
            "eps_avg_yearly": 1.07,
            "eps_latest_yearly": 1.08,
            "eps_growth_yearly": 70.97
        },
        "20221": {
            "year_quarter": 20221,
            "year": 2022,
            "quarter": 1,
            "eps": 0.19,
            "eps_growth_year": -38.71,
            "eps_4q": 1.24,
            "eps_4q_growth_year": -4.73,
            "roe": 0.9,
            "roe_4q": 6.39,
            "gross_profit": null,
            "gross_margin": null,
            "gross_margin_4q_avg": 0,
            "net_income": 584034,
            "revenue": 3471619,
            "common_shares": 32952187,
            "book_valuer_per_share": 18.05,
            "book_valuer_per_share_4q_avg": 18.6,
            "equity": 63926640,
            "current_ratio": null,
            "debt_ratio": 92.46,
            "inventory_turnover_ratio": null,
            "account_receivable_turnover_ratio": null,
            "reinvestment_rate": 37.4,
            "research_to_sale_ratio": null,
            "price_fair": 36.66,
            "eps_avg_yearly": 1.05,
            "eps_latest_yearly": 0.76,
            "eps_growth_yearly": 65.34
        },
        "20222": {
            "year_quarter": 20222,
            "year": 2022,
            "quarter": 2,
            "eps": 0.02,
            "eps_growth_year": -95.24,
            "eps_4q": 0.93,
            "eps_4q_growth_year": -33.41,
            "roe": 0.9,
            "roe_4q": 5.199999999999999,
            "gross_profit": null,
            "gross_margin": null,
            "gross_margin_4q_avg": 0,
            "net_income": 563857,
            "revenue": 3525740,
            "common_shares": 32952187,
            "book_valuer_per_share": 16.95,
            "book_valuer_per_share_4q_avg": 17.98,
            "equity": 61278165,
            "current_ratio": null,
            "debt_ratio": 92.65,
            "inventory_turnover_ratio": null,
            "account_receivable_turnover_ratio": null,
            "reinvestment_rate": 42.14,
            "research_to_sale_ratio": null,
            "price_fair": 34.48,
            "eps_avg_yearly": 0.99,
            "eps_latest_yearly": 0.08,
            "eps_growth_yearly": 42.01
        },
        "20223": {
            "year_quarter": 20223,
            "year": 2022,
            "quarter": 3,
            "eps": 0.34,
            "eps_growth_year": 36,
            "eps_4q": 0.91,
            "eps_4q_growth_year": -34.05,
            "roe": 2.01,
            "roe_4q": 5.18,
            "gross_profit": null,
            "gross_margin": null,
            "gross_margin_4q_avg": 0,
            "net_income": 1225834,
            "revenue": 4553827,
            "common_shares": 35940460,
            "book_valuer_per_share": 15.47,
            "book_valuer_per_share_4q_avg": 17.28,
            "equity": 60744378,
            "current_ratio": null,
            "debt_ratio": 92.86,
            "inventory_turnover_ratio": null,
            "account_receivable_turnover_ratio": null,
            "reinvestment_rate": 31.55,
            "research_to_sale_ratio": null,
            "price_fair": 34.83,
            "eps_avg_yearly": 1,
            "eps_latest_yearly": 1.36,
            "eps_growth_yearly": 439.24
        },
        "20224": {
            "year_quarter": 20224,
            "year": 2022,
            "quarter": 4,
            "eps": 0.33,
            "eps_growth_year": 19.88,
            "eps_4q": 0.98,
            "eps_4q_growth_year": -27.31,
            "roe": 1.89,
            "roe_4q": 5.7,
            "gross_profit": null,
            "gross_margin": null,
            "gross_margin_4q_avg": 0,
            "net_income": 1167809,
            "revenue": 4434153,
            "common_shares": 35940460,
            "book_valuer_per_share": 16.1,
            "book_valuer_per_share_4q_avg": 16.64,
            "equity": 63116922,
            "current_ratio": null,
            "debt_ratio": 92.53,
            "inventory_turnover_ratio": null,
            "account_receivable_turnover_ratio": null,
            "reinvestment_rate": 32.59,
            "research_to_sale_ratio": null,
            "price_fair": 35.88,
            "eps_avg_yearly": 1.03,
            "eps_latest_yearly": 1.32,
            "eps_growth_yearly": 446
        },
        "20231": {
            "year_quarter": 20231,
            "year": 2023,
            "quarter": 1,
            "eps": 0.34,
            "eps_growth_year": 78.95,
            "eps_4q": 1.16,
            "eps_4q_growth_year": -6.41,
            "roe": 1.9,
            "roe_4q": 6.7,
            "gross_profit": null,
            "gross_margin": null,
            "gross_margin_4q_avg": 0,
            "net_income": 1218584,
            "revenue": 4484858,
            "common_shares": 35940460,
            "book_valuer_per_share": 16.69,
            "book_valuer_per_share_4q_avg": 16.3,
            "equity": 65223022,
            "current_ratio": null,
            "debt_ratio": 92.7,
            "inventory_turnover_ratio": null,
            "account_receivable_turnover_ratio": null,
            "reinvestment_rate": 37.55,
            "research_to_sale_ratio": null,
            "price_fair": 36.58,
            "eps_avg_yearly": 1.05,
            "eps_latest_yearly": 1.36,
            "eps_growth_yearly": 440.81
        }
    },
    "months": {
        "2001-06": {
            "month": "2001-06",
            "price": "6.06",
            "revenue": 1270111
        },
        "2001-07": {
            "month": "2001-07",
            "price": "5.24",
            "revenue": 1158497
        },
        "2001-08": {
            "month": "2001-08",
            "price": "5.18",
            "revenue": 1026086
        },
        "2001-09": {
            "month": "2001-09",
            "price": "5.13",
            "revenue": 1040845
        },
        "2001-10": {
            "month": "2001-10",
            "price": "4.99",
            "revenue": 1115004
        },
        "2001-11": {
            "month": "2001-11",
            "price": "5.02",
            "revenue": 1146999
        },
        "2001-12": {
            "month": "2001-12",
            "price": "5.62",
            "revenue": 839553
        },
        "2002-01": {
            "month": "2002-01",
            "price": "5.44",
            "revenue": 1152231
        },
        "2002-02": {
            "month": "2002-02",
            "price": "5.36",
            "revenue": 966330
        },
        "2002-03": {
            "month": "2002-03",
            "price": "5.51",
            "revenue": 1072062
        },
        "2002-04": {
            "month": "2002-04",
            "price": "6.74",
            "revenue": 904930
        },
        "2002-05": {
            "month": "2002-05",
            "price": "6.82",
            "revenue": 595678
        },
        "2002-06": {
            "month": "2002-06",
            "price": "6.85",
            "revenue": 781849
        },
        "2002-07": {
            "month": "2002-07",
            "price": "6.22",
            "revenue": 967062
        },
        "2002-08": {
            "month": "2002-08",
            "price": "5.95",
            "revenue": 960465
        },
        "2002-09": {
            "month": "2002-09",
            "price": "5.36",
            "revenue": 846572
        },
        "2002-10": {
            "month": "2002-10",
            "price": "5.27",
            "revenue": 878363
        },
        "2002-11": {
            "month": "2002-11",
            "price": "5.98",
            "revenue": 989611
        },
        "2002-12": {
            "month": "2002-12",
            "price": "6.63",
            "revenue": 737385
        },
        "2003-01": {
            "month": "2003-01",
            "price": "8.83",
            "revenue": 1012062
        },
        "2003-02": {
            "month": "2003-02",
            "price": "8.56",
            "revenue": 773804
        },
        "2003-03": {
            "month": "2003-03",
            "price": "7.48",
            "revenue": 927191
        },
        "2003-04": {
            "month": "2003-04",
            "price": "7.62",
            "revenue": 923599
        },
        "2003-05": {
            "month": "2003-05",
            "price": "6.90",
            "revenue": 1064518
        },
        "2003-06": {
            "month": "2003-06",
            "price": "8.18",
            "revenue": 1035490
        },
        "2003-07": {
            "month": "2003-07",
            "price": "8.60",
            "revenue": 991052
        },
        "2003-08": {
            "month": "2003-08",
            "price": "8.74",
            "revenue": 962242
        },
        "2003-09": {
            "month": "2003-09",
            "price": "9.09",
            "revenue": 952603
        },
        "2003-10": {
            "month": "2003-10",
            "price": "9.47",
            "revenue": 998171
        },
        "2003-11": {
            "month": "2003-11",
            "price": "9.45",
            "revenue": 995079
        },
        "2003-12": {
            "month": "2003-12",
            "price": "9.56",
            "revenue": 966249
        },
        "2004-01": {
            "month": "2004-01",
            "price": "10.07",
            "revenue": 1098630
        },
        "2004-02": {
            "month": "2004-02",
            "price": "11.68",
            "revenue": 1090900
        },
        "2004-03": {
            "month": "2004-03",
            "price": "12.18",
            "revenue": 1003263
        },
        "2004-04": {
            "month": "2004-04",
            "price": "11.53",
            "revenue": 1223894
        },
        "2004-05": {
            "month": "2004-05",
            "price": "10.18",
            "revenue": 1021507
        },
        "2004-06": {
            "month": "2004-06",
            "price": "10.23",
            "revenue": 1116954
        },
        "2004-07": {
            "month": "2004-07",
            "price": "9.92",
            "revenue": 1088219
        },
        "2004-08": {
            "month": "2004-08",
            "price": "9.78",
            "revenue": 1279859
        },
        "2004-09": {
            "month": "2004-09",
            "price": "10.53",
            "revenue": 1659218
        },
        "2004-10": {
            "month": "2004-10",
            "price": "11.13",
            "revenue": 1356672
        },
        "2004-11": {
            "month": "2004-11",
            "price": "11.13",
            "revenue": 1329102
        },
        "2004-12": {
            "month": "2004-12",
            "price": "11.23",
            "revenue": 1444160
        },
        "2005-01": {
            "month": "2005-01",
            "price": "12.20",
            "revenue": 1409321
        },
        "2005-02": {
            "month": "2005-02",
            "price": "11.87",
            "revenue": 1387189
        },
        "2005-03": {
            "month": "2005-03",
            "price": "11.05",
            "revenue": 1381563
        },
        "2005-04": {
            "month": "2005-04",
            "price": "9.99",
            "revenue": 1455209
        },
        "2005-05": {
            "month": "2005-05",
            "price": "9.77",
            "revenue": 1498827
        },
        "2005-06": {
            "month": "2005-06",
            "price": "9.90",
            "revenue": 1605406
        },
        "2005-07": {
            "month": "2005-07",
            "price": "10.07",
            "revenue": 1656233
        },
        "2005-08": {
            "month": "2005-08",
            "price": "10.05",
            "revenue": 1637466
        },
        "2005-09": {
            "month": "2005-09",
            "price": "9.57",
            "revenue": 1634749
        },
        "2005-10": {
            "month": "2005-10",
            "price": "9.40",
            "revenue": 1525358
        },
        "2005-11": {
            "month": "2005-11",
            "price": "9.69",
            "revenue": 1694699
        },
        "2005-12": {
            "month": "2005-12",
            "price": "9.25",
            "revenue": 1684087
        },
        "2006-01": {
            "month": "2006-01",
            "price": "9.22",
            "revenue": 1049227
        },
        "2006-02": {
            "month": "2006-02",
            "price": "8.81",
            "revenue": 1104171
        },
        "2006-03": {
            "month": "2006-03",
            "price": "7.73",
            "revenue": 1271442
        },
        "2006-04": {
            "month": "2006-04",
            "price": "7.87",
            "revenue": 595680
        },
        "2006-05": {
            "month": "2006-05",
            "price": "8.36",
            "revenue": 967778
        },
        "2006-06": {
            "month": "2006-06",
            "price": "8.03",
            "revenue": 953235
        },
        "2006-07": {
            "month": "2006-07",
            "price": "8.04",
            "revenue": 897542
        },
        "2006-08": {
            "month": "2006-08",
            "price": "8.10",
            "revenue": 933992
        },
        "2006-09": {
            "month": "2006-09",
            "price": "8.21",
            "revenue": 786672
        },
        "2006-10": {
            "month": "2006-10",
            "price": "9.09",
            "revenue": 767182
        },
        "2006-11": {
            "month": "2006-11",
            "price": "9.01",
            "revenue": 797263
        },
        "2006-12": {
            "month": "2006-12",
            "price": "9.07",
            "revenue": 977278
        },
        "2007-01": {
            "month": "2007-01",
            "price": "9.22",
            "revenue": 711142
        },
        "2007-02": {
            "month": "2007-02",
            "price": "9.00",
            "revenue": 777232
        },
        "2007-03": {
            "month": "2007-03",
            "price": "8.07",
            "revenue": 697163
        },
        "2007-04": {
            "month": "2007-04",
            "price": "8.11",
            "revenue": 612163
        },
        "2007-05": {
            "month": "2007-05",
            "price": "7.87",
            "revenue": 884048
        },
        "2007-06": {
            "month": "2007-06",
            "price": "8.14",
            "revenue": 913763
        },
        "2007-07": {
            "month": "2007-07",
            "price": "9.58",
            "revenue": 941032
        },
        "2007-08": {
            "month": "2007-08",
            "price": "8.48",
            "revenue": 542092
        },
        "2007-09": {
            "month": "2007-09",
            "price": "7.94",
            "revenue": 546129
        },
        "2007-10": {
            "month": "2007-10",
            "price": "7.92",
            "revenue": 618339
        },
        "2007-11": {
            "month": "2007-11",
            "price": "7.44",
            "revenue": 650521
        },
        "2007-12": {
            "month": "2007-12",
            "price": "7.25",
            "revenue": 216379
        },
        "2008-01": {
            "month": "2008-01",
            "price": "6.92",
            "revenue": 394288
        },
        "2008-02": {
            "month": "2008-02",
            "price": "6.68",
            "revenue": 772344
        },
        "2008-03": {
            "month": "2008-03",
            "price": "7.33",
            "revenue": 658631
        },
        "2008-04": {
            "month": "2008-04",
            "price": "7.67",
            "revenue": 670896
        },
        "2008-05": {
            "month": "2008-05",
            "price": "7.10",
            "revenue": 687915
        },
        "2008-06": {
            "month": "2008-06",
            "price": "6.81",
            "revenue": 891175
        },
        "2008-07": {
            "month": "2008-07",
            "price": "6.11",
            "revenue": 534234
        },
        "2008-08": {
            "month": "2008-08",
            "price": "5.72",
            "revenue": 766287
        },
        "2008-09": {
            "month": "2008-09",
            "price": "5.10",
            "revenue": 425889
        },
        "2008-10": {
            "month": "2008-10",
            "price": "4.16",
            "revenue": 517241
        },
        "2008-11": {
            "month": "2008-11",
            "price": "4.89",
            "revenue": 877455
        },
        "2008-12": {
            "month": "2008-12",
            "price": "5.02",
            "revenue": 420571
        },
        "2009-01": {
            "month": "2009-01",
            "price": "5.27",
            "revenue": 527698
        },
        "2009-02": {
            "month": "2009-02",
            "price": "5.61",
            "revenue": 680070
        },
        "2009-03": {
            "month": "2009-03",
            "price": "5.63",
            "revenue": 654896
        },
        "2009-04": {
            "month": "2009-04",
            "price": "5.97",
            "revenue": 407621
        },
        "2009-05": {
            "month": "2009-05",
            "price": "6.01",
            "revenue": 326343
        },
        "2009-06": {
            "month": "2009-06",
            "price": "5.82",
            "revenue": 454679
        },
        "2009-07": {
            "month": "2009-07",
            "price": "5.88",
            "revenue": 506465
        },
        "2009-08": {
            "month": "2009-08",
            "price": "5.84",
            "revenue": 487308
        },
        "2009-09": {
            "month": "2009-09",
            "price": "6.13",
            "revenue": 643992
        },
        "2009-10": {
            "month": "2009-10",
            "price": "5.97",
            "revenue": 630273
        },
        "2009-11": {
            "month": "2009-11",
            "price": "5.92",
            "revenue": 562652
        },
        "2009-12": {
            "month": "2009-12",
            "price": "5.95",
            "revenue": 860672
        },
        "2010-01": {
            "month": "2010-01",
            "price": "6.22",
            "revenue": 482609
        },
        "2010-02": {
            "month": "2010-02",
            "price": "5.61",
            "revenue": 496211
        },
        "2010-03": {
            "month": "2010-03",
            "price": "5.99",
            "revenue": 569301
        },
        "2010-04": {
            "month": "2010-04",
            "price": "5.99",
            "revenue": 543166
        },
        "2010-05": {
            "month": "2010-05",
            "price": "5.63",
            "revenue": 835728
        },
        "2010-06": {
            "month": "2010-06",
            "price": "5.70",
            "revenue": 542078
        },
        "2010-07": {
            "month": "2010-07",
            "price": "8.14",
            "revenue": 545439
        },
        "2010-08": {
            "month": "2010-08",
            "price": "8.54",
            "revenue": 650389
        },
        "2010-09": {
            "month": "2010-09",
            "price": "8.90",
            "revenue": 431672
        },
        "2010-10": {
            "month": "2010-10",
            "price": "8.92",
            "revenue": 386448
        },
        "2010-11": {
            "month": "2010-11",
            "price": "8.95",
            "revenue": 583794
        },
        "2010-12": {
            "month": "2010-12",
            "price": "9.97",
            "revenue": 761944
        },
        "2011-01": {
            "month": "2011-01",
            "price": "11.64",
            "revenue": 571282
        },
        "2011-02": {
            "month": "2011-02",
            "price": "10.94",
            "revenue": 546476
        },
        "2011-03": {
            "month": "2011-03",
            "price": "10.61",
            "revenue": 703084
        },
        "2011-04": {
            "month": "2011-04",
            "price": "10.61",
            "revenue": 513916
        },
        "2011-05": {
            "month": "2011-05",
            "price": "10.79",
            "revenue": 693382
        },
        "2011-06": {
            "month": "2011-06",
            "price": "10.42",
            "revenue": 203282
        },
        "2011-07": {
            "month": "2011-07",
            "price": "10.49",
            "revenue": 711265
        },
        "2011-08": {
            "month": "2011-08",
            "price": "11.18",
            "revenue": 716647
        },
        "2011-09": {
            "month": "2011-09",
            "price": "10.55",
            "revenue": 698770
        },
        "2011-10": {
            "month": "2011-10",
            "price": "10.16",
            "revenue": 682946
        },
        "2011-11": {
            "month": "2011-11",
            "price": "9.89",
            "revenue": 885333
        },
        "2011-12": {
            "month": "2011-12",
            "price": "9.78",
            "revenue": 380509
        },
        "2012-01": {
            "month": "2012-01",
            "price": "9.69",
            "revenue": 575359
        },
        "2012-02": {
            "month": "2012-02",
            "price": "10.44",
            "revenue": 599462
        },
        "2012-03": {
            "month": "2012-03",
            "price": "10.39",
            "revenue": 550126
        },
        "2012-04": {
            "month": "2012-04",
            "price": "9.96",
            "revenue": 586980
        },
        "2012-05": {
            "month": "2012-05",
            "price": "9.70",
            "revenue": 572802
        },
        "2012-06": {
            "month": "2012-06",
            "price": "9.78",
            "revenue": 615455
        },
        "2012-07": {
            "month": "2012-07",
            "price": "10.42",
            "revenue": 706966
        },
        "2012-08": {
            "month": "2012-08",
            "price": "10.78",
            "revenue": 697097
        },
        "2012-09": {
            "month": "2012-09",
            "price": "10.59",
            "revenue": 578909
        },
        "2012-10": {
            "month": "2012-10",
            "price": "10.32",
            "revenue": 617117
        },
        "2012-11": {
            "month": "2012-11",
            "price": "10.08",
            "revenue": 630170
        },
        "2012-12": {
            "month": "2012-12",
            "price": "10.56",
            "revenue": 671121
        },
        "2013-01": {
            "month": "2013-01",
            "price": "10.97",
            "revenue": 783601
        },
        "2013-02": {
            "month": "2013-02",
            "price": "11.55",
            "revenue": 840231
        },
        "2013-03": {
            "month": "2013-03",
            "price": "11.44",
            "revenue": 734955
        },
        "2013-04": {
            "month": "2013-04",
            "price": "11.28",
            "revenue": 846419
        },
        "2013-05": {
            "month": "2013-05",
            "price": "11.38",
            "revenue": 1008517
        },
        "2013-06": {
            "month": "2013-06",
            "price": "11.29",
            "revenue": 847509
        },
        "2013-07": {
            "month": "2013-07",
            "price": "11.35",
            "revenue": 876512
        },
        "2013-08": {
            "month": "2013-08",
            "price": "10.67",
            "revenue": 884741
        },
        "2013-09": {
            "month": "2013-09",
            "price": "10.60",
            "revenue": 845383
        },
        "2013-10": {
            "month": "2013-10",
            "price": "10.82",
            "revenue": 915730
        },
        "2013-11": {
            "month": "2013-11",
            "price": "10.71",
            "revenue": 900960
        },
        "2013-12": {
            "month": "2013-12",
            "price": "10.87",
            "revenue": 906002
        },
        "2014-01": {
            "month": "2014-01",
            "price": "11.09",
            "revenue": 938902
        },
        "2014-02": {
            "month": "2014-02",
            "price": "10.93",
            "revenue": 812403
        },
        "2014-03": {
            "month": "2014-03",
            "price": "10.77",
            "revenue": 886889
        },
        "2014-04": {
            "month": "2014-04",
            "price": "10.86",
            "revenue": 862927
        },
        "2014-05": {
            "month": "2014-05",
            "price": "10.77",
            "revenue": 893587
        },
        "2014-06": {
            "month": "2014-06",
            "price": "10.93",
            "revenue": 884019
        },
        "2014-07": {
            "month": "2014-07",
            "price": "11.05",
            "revenue": 977156
        },
        "2014-08": {
            "month": "2014-08",
            "price": "10.55",
            "revenue": 919936
        },
        "2014-09": {
            "month": "2014-09",
            "price": "10.60",
            "revenue": 845389
        },
        "2014-10": {
            "month": "2014-10",
            "price": "10.28",
            "revenue": 900923
        },
        "2014-11": {
            "month": "2014-11",
            "price": "10.24",
            "revenue": 953215
        },
        "2014-12": {
            "month": "2014-12",
            "price": "10.28",
            "revenue": 1004619
        },
        "2015-01": {
            "month": "2015-01",
            "price": "10.40",
            "revenue": 915618
        },
        "2015-02": {
            "month": "2015-02",
            "price": "10.55",
            "revenue": 861781
        },
        "2015-03": {
            "month": "2015-03",
            "price": "10.53",
            "revenue": 899509
        },
        "2015-04": {
            "month": "2015-04",
            "price": "10.78",
            "revenue": 815037
        },
        "2015-05": {
            "month": "2015-05",
            "price": "10.84",
            "revenue": 953248
        },
        "2015-06": {
            "month": "2015-06",
            "price": "10.55",
            "revenue": 840797
        },
        "2015-07": {
            "month": "2015-07",
            "price": "10.51",
            "revenue": 1132694
        },
        "2015-08": {
            "month": "2015-08",
            "price": "9.82",
            "revenue": 1004292
        },
        "2015-09": {
            "month": "2015-09",
            "price": "9.35",
            "revenue": 981720
        },
        "2015-10": {
            "month": "2015-10",
            "price": "9.55",
            "revenue": 984223
        },
        "2015-11": {
            "month": "2015-11",
            "price": "9.59",
            "revenue": 1080826
        },
        "2015-12": {
            "month": "2015-12",
            "price": "9.35",
            "revenue": 1213642
        },
        "2016-01": {
            "month": "2016-01",
            "price": "9.06",
            "revenue": 1064788
        },
        "2016-02": {
            "month": "2016-02",
            "price": "9.27",
            "revenue": 748991
        },
        "2016-03": {
            "month": "2016-03",
            "price": "9.35",
            "revenue": 854844
        },
        "2016-04": {
            "month": "2016-04",
            "price": "9.08",
            "revenue": 922673
        },
        "2016-05": {
            "month": "2016-05",
            "price": "8.68",
            "revenue": 1044279
        },
        "2016-06": {
            "month": "2016-06",
            "price": "8.82",
            "revenue": 1165131
        },
        "2016-07": {
            "month": "2016-07",
            "price": "8.73",
            "revenue": 947933
        },
        "2016-08": {
            "month": "2016-08",
            "price": "8.84",
            "revenue": 1072005
        },
        "2016-09": {
            "month": "2016-09",
            "price": "8.85",
            "revenue": 909238
        },
        "2016-10": {
            "month": "2016-10",
            "price": "8.77",
            "revenue": 1039124
        },
        "2016-11": {
            "month": "2016-11",
            "price": "8.78",
            "revenue": 1037766
        },
        "2016-12": {
            "month": "2016-12",
            "price": "8.95",
            "revenue": 1117558
        },
        "2017-01": {
            "month": "2017-01",
            "price": "8.98",
            "revenue": 921448
        },
        "2017-02": {
            "month": "2017-02",
            "price": "9.12",
            "revenue": 973568
        },
        "2017-03": {
            "month": "2017-03",
            "price": "9.27",
            "revenue": 1037648
        },
        "2017-04": {
            "month": "2017-04",
            "price": "9.14",
            "revenue": 916931
        },
        "2017-05": {
            "month": "2017-05",
            "price": "9.13",
            "revenue": 998454
        },
        "2017-06": {
            "month": "2017-06",
            "price": "9.16",
            "revenue": 1054301
        },
        "2017-07": {
            "month": "2017-07",
            "price": "9.18",
            "revenue": 1085287
        },
        "2017-08": {
            "month": "2017-08",
            "price": "8.95",
            "revenue": 1209668
        },
        "2017-09": {
            "month": "2017-09",
            "price": "8.98",
            "revenue": 1196347
        },
        "2017-10": {
            "month": "2017-10",
            "price": "8.99",
            "revenue": 990706
        },
        "2017-11": {
            "month": "2017-11",
            "price": "9.06",
            "revenue": 1049390
        },
        "2017-12": {
            "month": "2017-12",
            "price": "9.23",
            "revenue": 1117594
        },
        "2018-01": {
            "month": "2018-01",
            "price": "9.46",
            "revenue": 1041231
        },
        "2018-02": {
            "month": "2018-02",
            "price": "9.30",
            "revenue": 893650
        },
        "2018-03": {
            "month": "2018-03",
            "price": "9.36",
            "revenue": 1061046
        },
        "2018-04": {
            "month": "2018-04",
            "price": "9.64",
            "revenue": 1016464
        },
        "2018-05": {
            "month": "2018-05",
            "price": "9.76",
            "revenue": 1255171
        },
        "2018-06": {
            "month": "2018-06",
            "price": "10.07",
            "revenue": 1114305
        },
        "2018-07": {
            "month": "2018-07",
            "price": "10.08",
            "revenue": 1331482
        },
        "2018-08": {
            "month": "2018-08",
            "price": "10.26",
            "revenue": 1011870
        },
        "2018-09": {
            "month": "2018-09",
            "price": "10.28",
            "revenue": 1004693
        },
        "2018-10": {
            "month": "2018-10",
            "price": "9.99",
            "revenue": 815119
        },
        "2018-11": {
            "month": "2018-11",
            "price": "9.90",
            "revenue": 888182
        },
        "2018-12": {
            "month": "2018-12",
            "price": "9.70",
            "revenue": 1054888
        },
        "2019-01": {
            "month": "2019-01",
            "price": "9.76",
            "revenue": 1255081
        },
        "2019-02": {
            "month": "2019-02",
            "price": "10.19",
            "revenue": 1057327
        },
        "2019-03": {
            "month": "2019-03",
            "price": "10.54",
            "revenue": 1123261
        },
        "2019-04": {
            "month": "2019-04",
            "price": "10.68",
            "revenue": 1088932
        },
        "2019-05": {
            "month": "2019-05",
            "price": "11.21",
            "revenue": 1031179
        },
        "2019-06": {
            "month": "2019-06",
            "price": "11.65",
            "revenue": 1043028
        },
        "2019-07": {
            "month": "2019-07",
            "price": "11.82",
            "revenue": 1373497
        },
        "2019-08": {
            "month": "2019-08",
            "price": "10.48",
            "revenue": 1259492
        },
        "2019-09": {
            "month": "2019-09",
            "price": "10.47",
            "revenue": 1074327
        },
        "2019-10": {
            "month": "2019-10",
            "price": "10.55",
            "revenue": 1159399
        },
        "2019-11": {
            "month": "2019-11",
            "price": "10.92",
            "revenue": 1140769
        },
        "2019-12": {
            "month": "2019-12",
            "price": "11.01",
            "revenue": 1164988
        },
        "2020-01": {
            "month": "2020-01",
            "price": "11.43",
            "revenue": 1165921
        },
        "2020-02": {
            "month": "2020-02",
            "price": "11.39",
            "revenue": 1052700
        },
        "2020-03": {
            "month": "2020-03",
            "price": "10.07",
            "revenue": 783036
        },
        "2020-04": {
            "month": "2020-04",
            "price": "10.21",
            "revenue": 1308269
        },
        "2020-05": {
            "month": "2020-05",
            "price": "10.71",
            "revenue": 1174691
        },
        "2020-06": {
            "month": "2020-06",
            "price": "11.14",
            "revenue": 1255346
        },
        "2020-07": {
            "month": "2020-07",
            "price": "11.00",
            "revenue": 1512757
        },
        "2020-08": {
            "month": "2020-08",
            "price": "10.36",
            "revenue": 1185119
        },
        "2020-09": {
            "month": "2020-09",
            "price": "10.11",
            "revenue": 1095905
        },
        "2020-10": {
            "month": "2020-10",
            "price": "10.12",
            "revenue": 1124058
        },
        "2020-11": {
            "month": "2020-11",
            "price": "10.30",
            "revenue": 1294824
        },
        "2020-12": {
            "month": "2020-12",
            "price": "10.54",
            "revenue": 1341702
        },
        "2021-01": {
            "month": "2021-01",
            "price": "10.64",
            "revenue": 1223424
        },
        "2021-02": {
            "month": "2021-02",
            "price": "10.53",
            "revenue": 1313346
        },
        "2021-03": {
            "month": "2021-03",
            "price": "10.80",
            "revenue": 1341149
        },
        "2021-04": {
            "month": "2021-04",
            "price": "11.49",
            "revenue": 1651177
        },
        "2021-05": {
            "month": "2021-05",
            "price": "11.70",
            "revenue": 930479
        },
        "2021-06": {
            "month": "2021-06",
            "price": "11.61",
            "revenue": 1624243
        },
        "2021-07": {
            "month": "2021-07",
            "price": "11.98",
            "revenue": 1450805
        },
        "2021-08": {
            "month": "2021-08",
            "price": "12.01",
            "revenue": 1518081
        },
        "2021-09": {
            "month": "2021-09",
            "price": "11.76",
            "revenue": 1253448
        },
        "2021-10": {
            "month": "2021-10",
            "price": "11.78",
            "revenue": 1411069
        },
        "2021-11": {
            "month": "2021-11",
            "price": "12.09",
            "revenue": 1487149
        },
        "2021-12": {
            "month": "2021-12",
            "price": "12.96",
            "revenue": 1349631
        },
        "2022-01": {
            "month": "2022-01",
            "price": "14.19",
            "revenue": 1178561
        },
        "2022-02": {
            "month": "2022-02",
            "price": "14.30",
            "revenue": 1300133
        },
        "2022-03": {
            "month": "2022-03",
            "price": "14.94",
            "revenue": 946213
        },
        "2022-04": {
            "month": "2022-04",
            "price": "16.71",
            "revenue": 1063726
        },
        "2022-05": {
            "month": "2022-05",
            "price": "14.83",
            "revenue": 1383324
        },
        "2022-06": {
            "month": "2022-06",
            "price": "14.98",
            "revenue": 975695
        },
        "2022-07": {
            "month": "2022-07",
            "price": "13.39",
            "revenue": 1561893
        },
        "2022-08": {
            "month": "2022-08",
            "price": "14.50",
            "revenue": 1617823
        },
        "2022-09": {
            "month": "2022-09",
            "price": "15.78",
            "revenue": 1297400
        },
        "2022-10": {
            "month": "2022-10",
            "price": "14.74",
            "revenue": 1308647
        },
        "2022-11": {
            "month": "2022-11",
            "price": "16.05",
            "revenue": 1530112
        },
        "2022-12": {
            "month": "2022-12",
            "price": "16.08",
            "revenue": 1393577
        },
        "2023-01": {
            "month": "2023-01",
            "price": "16.01",
            "revenue": 1462266
        },
        "2023-02": {
            "month": "2023-02",
            "price": "16.31",
            "revenue": 1390474
        },
        "2023-03": {
            "month": "2023-03",
            "price": "15.78",
            "revenue": 1524956
        },
        "2023-04": {
            "month": "2023-04",
            "price": "15.84",
            "revenue": 1353450
        },
        "2023-05": {
            "month": "2023-05",
            "price": "16.36",
            "revenue": 1611826
        }
    }
}
