{
    "summary": {
        "stock_name": "台開",
        "stock_id": "2841",
        "category": "建材營造",
        "main_business": "土地及工業區投資開發業務<br>資產管理及不良債權處理業務<br>都市更新及不動產證券化業務",
        "website_url": "http://www.tldc.com.tw",
        "ceo": "邱于芸",
        "pe_ratio": -0,
        "report_year_from": 2001,
        "report_year_to": 2021,
        "age": 22,
        "eps_negative_percentage": 56,
        "eps_growth_avg": {
            "last_all": -20.38,
            "last_2y": -62.96,
            "last_4y": -14.67,
            "last_8y": -1.37,
            "last_12y": -3.97,
            "last_16y": -14.69,
            "last_20y": null,
            "at_2006_last_3y": -100,
            "at_2007_last_3y": -100,
            "at_2008_last_3y": -78.99,
            "at_2009_last_3y": -69.9,
            "at_2010_last_3y": -11.57,
            "at_2011_last_3y": -4.59,
            "at_2012_last_3y": -9.18,
            "at_2013_last_3y": 28.75,
            "at_2014_last_3y": 35,
            "at_2015_last_3y": 14.93,
            "at_2016_last_3y": 11.93,
            "at_2017_last_3y": 7.65,
            "at_2018_last_3y": -21.26,
            "at_2019_last_3y": -11.75,
            "at_2020_last_3y": -14.67,
            "at_2021_last_3y": -47.18,
            "at_2022_last_3y": -47.18,
            "at_2023_last_3y": -47.18,
            "at_2006_last_all": -100,
            "at_2007_last_all": -100,
            "at_2008_last_all": -85.99,
            "at_2009_last_all": -77.42,
            "at_2010_last_all": -46.94,
            "at_2011_last_all": -36.39,
            "at_2012_last_all": -42.1,
            "at_2013_last_all": -24.34,
            "at_2014_last_all": -10.52,
            "at_2015_last_all": -15.87,
            "at_2016_last_all": -22.45,
            "at_2017_last_all": -13.67,
            "at_2018_last_all": -13.82,
            "at_2019_last_all": -14.69,
            "at_2020_last_all": -20.38,
            "at_2021_last_all": -20.38,
            "at_2022_last_all": -20.38,
            "at_2023_last_all": -20.38
        },
        "latest_eps": -5.55,
        "latest_price": 2.68,
        "latest_roe": -25.47,
        "latest_gross_margin": 48.6,
        "latest_equity": 14445786,
        "latest_revenue": 55568,
        "latest_gross_profit": 27004,
        "latest_net_income": -2408366,
        "latest_debt_ratio": 57.86,
        "latest_current_ratio": 73.92,
        "latest_account_receivable_turnover_ratio": 8.93,
        "latest_inventory_turnover_ratio": 0.02,
        "latest_reinvestment_rate": null,
        "latest_research_to_sale_ratio": null
    },
    "eps_dividends": {
        "2001": {
            "cash": 0,
            "stock": 0,
            "eps": -0.64
        },
        "2002": {
            "cash": 0,
            "stock": 0,
            "eps": -2.6
        },
        "2003": {
            "cash": 0,
            "stock": 0,
            "eps": 3.27
        },
        "2004": {
            "cash": 0,
            "stock": 0,
            "eps": -4.12
        },
        "2005": {
            "cash": 0,
            "stock": 0,
            "eps": 7.28
        },
        "2006": {
            "cash": 0,
            "stock": 0,
            "eps": -2.38
        },
        "2007": {
            "cash": 0,
            "stock": 0,
            "eps": 2.76
        },
        "2008": {
            "cash": 0,
            "stock": 0,
            "eps": 1.16
        },
        "2009": {
            "cash": 0,
            "stock": 1,
            "eps": 0.56
        },
        "2010": {
            "cash": 0,
            "stock": 0,
            "eps": 0.98
        },
        "2011": {
            "cash": 0,
            "stock": 2,
            "eps": 1.14
        },
        "2012": {
            "cash": 0,
            "stock": 0,
            "eps": 0.27
        },
        "2013": {
            "cash": 0,
            "stock": 0,
            "eps": 1.35
        },
        "2014": {
            "cash": 0,
            "stock": 0,
            "eps": 8.3
        },
        "2015": {
            "cash": 0,
            "stock": 1,
            "eps": 2.99
        },
        "2016": {
            "cash": 0,
            "stock": 0,
            "eps": 0.35
        },
        "2017": {
            "cash": 0,
            "stock": 0,
            "eps": 0.64
        },
        "2018": {
            "cash": 0,
            "stock": 0,
            "eps": 0.54
        },
        "2019": {
            "cash": 0,
            "stock": 0,
            "eps": 0.4
        },
        "2020": {
            "cash": 0,
            "stock": 0,
            "eps": -2.41
        },
        "2021": {
            "cash": 0,
            "stock": 0,
            "eps": -4.61
        }
    },
    "dividends": {
        "2009-02-23": {
            "cash": 0,
            "stock": 0.5
        },
        "2010-03-31": {
            "cash": 0,
            "stock": 0.41
        },
        "2011-01-01": {
            "cash": 0,
            "stock": 0.61
        },
        "2011-03-24": {
            "cash": 0,
            "stock": 1.45
        },
        "2014-11-12": {
            "cash": 0.2,
            "stock": 0.49
        },
        "2015-10-23": {
            "cash": 0.2,
            "stock": 1
        },
        "2016-11-11": {
            "cash": 0.2,
            "stock": 0.48
        }
    },
    "prices": {
        "200101": "3.82",
        "200102": "5.07",
        "200103": "5.86",
        "200104": "5.13",
        "200105": "4.73",
        "200106": "4.96",
        "200107": "3.62",
        "200108": "3.81",
        "200109": "3.71",
        "200110": "3.57",
        "200111": "3.70",
        "200112": "3.73",
        "200201": "3.75",
        "200202": "3.89",
        "200203": "4.20",
        "200204": "6.25",
        "200205": "4.12",
        "200206": "4.00",
        "200207": "3.55",
        "200208": "3.02",
        "200209": "1.95",
        "200210": "1.61",
        "200211": "1.80",
        "200212": "2.58",
        "200301": "2.47",
        "200302": "2.14",
        "200303": "2.11",
        "200304": "1.94",
        "200305": "1.66",
        "200306": "1.70",
        "200307": "2.15",
        "200308": "2.17",
        "200309": "1.97",
        "200310": "2.02",
        "200311": "2.00",
        "200312": "2.06",
        "200401": "3.31",
        "200402": "3.83",
        "200403": "3.86",
        "200404": "3.63",
        "200405": "2.70",
        "200406": "1.92",
        "200407": "1.65",
        "200408": "1.62",
        "200409": "2.36",
        "200410": "3.02",
        "200411": "2.59",
        "200412": "2.88",
        "200501": "3.26",
        "200502": "3.26",
        "200503": "2.79",
        "200504": "2.72",
        "200505": "2.87",
        "200506": "3.54",
        "200507": "3.68",
        "200508": "4.52",
        "200509": "4.46",
        "200510": "4.76",
        "200511": "4.60",
        "200512": "6.07",
        "200601": "8.55",
        "200602": "8.28",
        "200603": "7.94",
        "200604": "8.94",
        "200605": "14.89",
        "200606": "11.69",
        "200607": "12.53",
        "200608": "10.83",
        "200609": "10.03",
        "200610": "12.86",
        "200611": "17.37",
        "200612": "20.61",
        "200701": "17.77",
        "200702": "15.56",
        "200703": "15.61",
        "200704": "15.46",
        "200705": "16.77",
        "200706": "16.42",
        "200707": "19.31",
        "200708": "15.91",
        "200709": "15.62",
        "200710": "14.69",
        "200711": "13.80",
        "200712": "13.08",
        "200801": "15.65",
        "200802": "16.64",
        "200803": "19.70",
        "200804": "20.13",
        "200805": "20.51",
        "200806": "15.39",
        "200807": "12.22",
        "200808": "11.04",
        "200809": "9.73",
        "200810": "8.15",
        "200811": "7.77",
        "200812": "8.58",
        "200901": "8.48",
        "200902": "9.00",
        "200903": "9.73",
        "200904": "12.67",
        "200905": "15.79",
        "200906": "15.26",
        "200907": "16.29",
        "200908": "14.34",
        "200909": "13.82",
        "200910": "14.64",
        "200911": "13.97",
        "200912": "13.31",
        "201001": "13.77",
        "201002": "12.39",
        "201003": "12.74",
        "201004": "14.00",
        "201005": "13.05",
        "201006": "12.87",
        "201007": "12.77",
        "201008": "14.45",
        "201009": "14.66",
        "201010": "14.30",
        "201011": "13.77",
        "201012": "14.66",
        "201101": "16.46",
        "201102": "14.71",
        "201103": "13.80",
        "201104": "15.77",
        "201105": "14.79",
        "201106": "14.98",
        "201107": "15.86",
        "201108": "15.59",
        "201109": "12.45",
        "201110": "12.08",
        "201111": "11.55",
        "201112": "11.35",
        "201201": "11.58",
        "201202": "12.73",
        "201203": "12.64",
        "201204": "12.08",
        "201205": "11.93",
        "201206": "11.61",
        "201207": "11.45",
        "201208": "11.97",
        "201209": "12.23",
        "201210": "11.87",
        "201211": "11.08",
        "201212": "11.24",
        "201301": "11.38",
        "201302": "11.30",
        "201303": "11.25",
        "201304": "11.54",
        "201305": "11.57",
        "201306": "11.12",
        "201307": "10.87",
        "201308": "11.10",
        "201309": "11.05",
        "201310": "11.21",
        "201311": "11.02",
        "201312": "10.88",
        "201401": "11.01",
        "201402": "11.36",
        "201403": "11.16",
        "201404": "11.30",
        "201405": "11.17",
        "201406": "11.12",
        "201407": "11.49",
        "201408": "11.91",
        "201409": "11.60",
        "201410": "10.85",
        "201411": "10.75",
        "201412": "11.24",
        "201501": "11.37",
        "201502": "11.42",
        "201503": "15.82",
        "201504": "15.54",
        "201505": "14.23",
        "201506": "12.27",
        "201507": "11.84",
        "201508": "10.68",
        "201509": "11.50",
        "201510": "10.82",
        "201511": "10.65",
        "201512": "10.39",
        "201601": "10.22",
        "201602": "11.26",
        "201603": "11.85",
        "201604": "11.47",
        "201605": "10.46",
        "201606": "10.59",
        "201607": "10.68",
        "201608": "10.78",
        "201609": "10.67",
        "201610": "10.03",
        "201611": "9.84",
        "201612": "9.94",
        "201701": "10.07",
        "201702": "11.14",
        "201703": "10.98",
        "201704": "11.36",
        "201705": "11.16",
        "201706": "11.13",
        "201707": "10.80",
        "201708": "10.39",
        "201709": "10.39",
        "201710": "10.22",
        "201711": "10.08",
        "201712": "10.00",
        "201801": "10.28",
        "201802": "9.81",
        "201803": "9.73",
        "201804": "9.58",
        "201805": "9.29",
        "201806": "9.22",
        "201807": "8.73",
        "201808": "8.82",
        "201809": "8.84",
        "201810": "8.30",
        "201811": "7.97",
        "201812": "8.16",
        "201901": "8.22",
        "201902": "8.48",
        "201903": "8.37",
        "201904": "8.60",
        "201905": "9.04",
        "201906": "9.84",
        "201907": "9.26",
        "201908": "8.70",
        "201909": "8.67",
        "201910": "8.71",
        "201911": "8.67",
        "201912": "8.83",
        "202001": "8.67",
        "202002": "7.54",
        "202003": "6.03",
        "202004": "6.60",
        "202005": "6.54",
        "202006": "6.90",
        "202007": "6.96",
        "202008": "7.73",
        "202009": "7.62",
        "202010": "7.61",
        "202011": "7.48",
        "202012": "7.38",
        "202101": "7.26",
        "202102": "6.97",
        "202103": "7.08",
        "202104": "6.56",
        "202105": "6.57",
        "202106": "6.68",
        "202107": "6.45",
        "202108": "5.98",
        "202109": "5.44",
        "202110": "4.19",
        "202111": "3.81",
        "202112": "4.21",
        "202201": "3.94",
        "202202": "3.49",
        "202203": "3.52",
        "202204": "2.82",
        "202205": "無",
        "202206": "無",
        "202207": "無",
        "202208": "無",
        "202209": "無",
        "202210": "無",
        "202211": "無",
        "202212": "無",
        "202301": "無",
        "202302": "無",
        "202303": "無",
        "202304": "無",
        "202305": "無"
    },
    "quarters": {
        "20011": {
            "year_quarter": 20011,
            "year": 2001,
            "quarter": 1,
            "eps": -0.66,
            "eps_growth_year": null,
            "eps_4q": -9.03,
            "eps_4q_growth_year": null,
            "roe": -12.01,
            "gross_profit": -81369,
            "gross_margin": -10.32,
            "net_income": -197133,
            "revenue": 788445,
            "common_shares": 3000000,
            "equity": 1542428,
            "current_ratio": 120.68,
            "debt_ratio": 97.62,
            "inventory_turnover_ratio": null,
            "account_receivable_turnover_ratio": null,
            "reinvestment_rate": null,
            "research_to_sale_ratio": null,
            "price_fair": 0,
            "eps_avg_yearly": 0,
            "eps_latest_yearly": 0,
            "eps_growth_yearly": 0
        },
        "20012": {
            "year_quarter": 20012,
            "year": 2001,
            "quarter": 2,
            "eps": 0.95,
            "eps_growth_year": null,
            "eps_4q": 1.03,
            "eps_4q_growth_year": null,
            "roe": 16.89,
            "gross_profit": 445238,
            "gross_margin": 30.38,
            "net_income": 284463,
            "revenue": 1465516,
            "common_shares": 3000000,
            "equity": 1826891,
            "current_ratio": 126.58,
            "debt_ratio": 97.17,
            "inventory_turnover_ratio": null,
            "account_receivable_turnover_ratio": null,
            "reinvestment_rate": null,
            "research_to_sale_ratio": null,
            "price_fair": 0,
            "eps_avg_yearly": 0,
            "eps_latest_yearly": 0,
            "eps_growth_yearly": 0
        },
        "20013": {
            "year_quarter": 20013,
            "year": 2001,
            "quarter": 3,
            "eps": 0.23,
            "eps_growth_year": null,
            "eps_4q": 1.33,
            "eps_4q_growth_year": null,
            "roe": 3.66,
            "gross_profit": 178594,
            "gross_margin": 22.95,
            "net_income": 68204,
            "revenue": 778228,
            "common_shares": 3000000,
            "equity": 1895095,
            "current_ratio": 125.44,
            "debt_ratio": 97.02,
            "inventory_turnover_ratio": null,
            "account_receivable_turnover_ratio": null,
            "reinvestment_rate": null,
            "research_to_sale_ratio": null,
            "price_fair": 0,
            "eps_avg_yearly": 0,
            "eps_latest_yearly": 0,
            "eps_growth_yearly": 0
        },
        "20014": {
            "year_quarter": 20014,
            "year": 2001,
            "quarter": 4,
            "eps": -1.16,
            "eps_growth_year": -245,
            "eps_4q": -0.64,
            "eps_4q_growth_year": null,
            "roe": -20.16,
            "gross_profit": -178075,
            "gross_margin": -18,
            "net_income": -347045,
            "revenue": 989145,
            "common_shares": 3000000,
            "equity": 1548050,
            "current_ratio": 118.07,
            "debt_ratio": 97.5,
            "inventory_turnover_ratio": null,
            "account_receivable_turnover_ratio": null,
            "reinvestment_rate": null,
            "research_to_sale_ratio": null,
            "price_fair": 0,
            "eps_avg_yearly": 0,
            "eps_latest_yearly": 0,
            "eps_growth_yearly": 0
        },
        "20021": {
            "year_quarter": 20021,
            "year": 2002,
            "quarter": 1,
            "eps": -0.99,
            "eps_growth_year": null,
            "eps_4q": -0.97,
            "eps_4q_growth_year": null,
            "roe": -21.17,
            "gross_profit": -198621,
            "gross_margin": -46.77,
            "net_income": -296380,
            "revenue": 424657,
            "common_shares": 3000000,
            "equity": 1251670,
            "current_ratio": 130.32,
            "debt_ratio": 97.89,
            "inventory_turnover_ratio": null,
            "account_receivable_turnover_ratio": null,
            "reinvestment_rate": null,
            "research_to_sale_ratio": null,
            "price_fair": 0,
            "eps_avg_yearly": 0,
            "eps_latest_yearly": 0,
            "eps_growth_yearly": 0
        },
        "20022": {
            "year_quarter": 20022,
            "year": 2002,
            "quarter": 2,
            "eps": -0.94,
            "eps_growth_year": -198.95,
            "eps_4q": -2.86,
            "eps_4q_growth_year": -377.7,
            "roe": -25.32,
            "gross_profit": -146297,
            "gross_margin": -34.09,
            "net_income": -281308,
            "revenue": 429135,
            "common_shares": 3000000,
            "equity": 970362,
            "current_ratio": 127.11,
            "debt_ratio": 98.32,
            "inventory_turnover_ratio": null,
            "account_receivable_turnover_ratio": null,
            "reinvestment_rate": null,
            "research_to_sale_ratio": null,
            "price_fair": 0,
            "eps_avg_yearly": 0,
            "eps_latest_yearly": 0,
            "eps_growth_yearly": 0
        },
        "20023": {
            "year_quarter": 20023,
            "year": 2002,
            "quarter": 3,
            "eps": -0.37,
            "eps_growth_year": -260.87,
            "eps_4q": -3.45,
            "eps_4q_growth_year": -358.97,
            "roe": -12.02,
            "gross_profit": -26783,
            "gross_margin": -5.5,
            "net_income": -110003,
            "revenue": 487014,
            "common_shares": 3000000,
            "equity": 860359,
            "current_ratio": 147.68,
            "debt_ratio": 98.43,
            "inventory_turnover_ratio": null,
            "account_receivable_turnover_ratio": null,
            "reinvestment_rate": null,
            "research_to_sale_ratio": null,
            "price_fair": 0,
            "eps_avg_yearly": 0,
            "eps_latest_yearly": 0,
            "eps_growth_yearly": 0
        },
        "20024": {
            "year_quarter": 20024,
            "year": 2002,
            "quarter": 4,
            "eps": -0.3,
            "eps_growth_year": null,
            "eps_4q": -2.59,
            "eps_4q_growth_year": null,
            "roe": -10.87,
            "gross_profit": 15080,
            "gross_margin": 6.27,
            "net_income": -88714,
            "revenue": 240636,
            "common_shares": 3000000,
            "equity": 771645,
            "current_ratio": 135.79,
            "debt_ratio": 98.54,
            "inventory_turnover_ratio": null,
            "account_receivable_turnover_ratio": null,
            "reinvestment_rate": null,
            "research_to_sale_ratio": null,
            "price_fair": 0,
            "eps_avg_yearly": 0,
            "eps_latest_yearly": 0,
            "eps_growth_yearly": 0
        },
        "20031": {
            "year_quarter": 20031,
            "year": 2003,
            "quarter": 1,
            "eps": -0.11,
            "eps_growth_year": null,
            "eps_4q": -1.73,
            "eps_4q_growth_year": null,
            "roe": -4.32,
            "gross_profit": 6635,
            "gross_margin": 2.51,
            "net_income": -32628,
            "revenue": 264100,
            "common_shares": 3000000,
            "equity": 739018,
            "current_ratio": 131.41,
            "debt_ratio": 98.57,
            "inventory_turnover_ratio": null,
            "account_receivable_turnover_ratio": null,
            "reinvestment_rate": null,
            "research_to_sale_ratio": null,
            "price_fair": 0,
            "eps_avg_yearly": 0,
            "eps_latest_yearly": 0,
            "eps_growth_yearly": 0
        },
        "20032": {
            "year_quarter": 20032,
            "year": 2003,
            "quarter": 2,
            "eps": 0.2,
            "eps_growth_year": null,
            "eps_4q": -0.57,
            "eps_4q_growth_year": null,
            "roe": 7.78,
            "gross_profit": 168029,
            "gross_margin": 41.29,
            "net_income": 59812,
            "revenue": 406973,
            "common_shares": 3000000,
            "equity": 798829,
            "current_ratio": 134.66,
            "debt_ratio": 98.37,
            "inventory_turnover_ratio": null,
            "account_receivable_turnover_ratio": null,
            "reinvestment_rate": null,
            "research_to_sale_ratio": null,
            "price_fair": 0,
            "eps_avg_yearly": 0,
            "eps_latest_yearly": 0,
            "eps_growth_yearly": 0
        },
        "20033": {
            "year_quarter": 20033,
            "year": 2003,
            "quarter": 3,
            "eps": -0.3,
            "eps_growth_year": null,
            "eps_4q": -0.5,
            "eps_4q_growth_year": null,
            "roe": -11.74,
            "gross_profit": 36286,
            "gross_margin": 18.4,
            "net_income": -88566,
            "revenue": 197245,
            "common_shares": 3000000,
            "equity": 710263,
            "current_ratio": 138.78,
            "debt_ratio": 98.52,
            "inventory_turnover_ratio": null,
            "account_receivable_turnover_ratio": null,
            "reinvestment_rate": null,
            "research_to_sale_ratio": null,
            "price_fair": 0,
            "eps_avg_yearly": 0,
            "eps_latest_yearly": 0,
            "eps_growth_yearly": 0
        },
        "20034": {
            "year_quarter": 20034,
            "year": 2003,
            "quarter": 4,
            "eps": 3.48,
            "eps_growth_year": null,
            "eps_4q": 3.28,
            "eps_4q_growth_year": null,
            "roe": 84.73,
            "gross_profit": 61854,
            "gross_margin": 8.96,
            "net_income": 1044115,
            "revenue": 690566,
            "common_shares": 3000000,
            "equity": 1754378,
            "current_ratio": 167.77,
            "debt_ratio": 96.35,
            "inventory_turnover_ratio": null,
            "account_receivable_turnover_ratio": null,
            "reinvestment_rate": null,
            "research_to_sale_ratio": null,
            "price_fair": 0,
            "eps_avg_yearly": 0,
            "eps_latest_yearly": 0,
            "eps_growth_yearly": 0
        },
        "20041": {
            "year_quarter": 20041,
            "year": 2004,
            "quarter": 1,
            "eps": -0.13,
            "eps_growth_year": null,
            "eps_4q": 3.21,
            "eps_4q_growth_year": null,
            "roe": -2.28,
            "gross_profit": 3310,
            "gross_margin": 1.83,
            "net_income": -39473,
            "revenue": 181223,
            "common_shares": 3000000,
            "equity": 1714906,
            "current_ratio": 165.66,
            "debt_ratio": 96.34,
            "inventory_turnover_ratio": null,
            "account_receivable_turnover_ratio": null,
            "reinvestment_rate": null,
            "research_to_sale_ratio": null,
            "price_fair": 0,
            "eps_avg_yearly": 0,
            "eps_latest_yearly": 0,
            "eps_growth_yearly": 0
        },
        "20042": {
            "year_quarter": 20042,
            "year": 2004,
            "quarter": 2,
            "eps": -0.14,
            "eps_growth_year": -170,
            "eps_4q": 2.92,
            "eps_4q_growth_year": null,
            "roe": -2.41,
            "gross_profit": -208038,
            "gross_margin": -123.73,
            "net_income": -40815,
            "revenue": 168141,
            "common_shares": 3000000,
            "equity": 1674090,
            "current_ratio": 167.33,
            "debt_ratio": 96.27,
            "inventory_turnover_ratio": null,
            "account_receivable_turnover_ratio": null,
            "reinvestment_rate": 244.96,
            "research_to_sale_ratio": null,
            "price_fair": 0,
            "eps_avg_yearly": 0,
            "eps_latest_yearly": 0,
            "eps_growth_yearly": 0
        },
        "20043": {
            "year_quarter": 20043,
            "year": 2004,
            "quarter": 3,
            "eps": -0.33,
            "eps_growth_year": null,
            "eps_4q": 2.88,
            "eps_4q_growth_year": null,
            "roe": -6.05,
            "gross_profit": 165669,
            "gross_margin": 83.75,
            "net_income": -98349,
            "revenue": 197820,
            "common_shares": 3000000,
            "equity": 1575742,
            "current_ratio": 172.77,
            "debt_ratio": 96.31,
            "inventory_turnover_ratio": null,
            "account_receivable_turnover_ratio": null,
            "reinvestment_rate": 11.09,
            "research_to_sale_ratio": null,
            "price_fair": 0,
            "eps_avg_yearly": 0,
            "eps_latest_yearly": 0,
            "eps_growth_yearly": 0
        },
        "20044": {
            "year_quarter": 20044,
            "year": 2004,
            "quarter": 4,
            "eps": -3.52,
            "eps_growth_year": -201.15,
            "eps_4q": -4.12,
            "eps_4q_growth_year": -225.79,
            "roe": -100.99,
            "gross_profit": -1011623,
            "gross_margin": -1063.58,
            "net_income": -1057373,
            "revenue": 95115,
            "common_shares": 3000000,
            "equity": 518368,
            "current_ratio": 166.12,
            "debt_ratio": 98.72,
            "inventory_turnover_ratio": null,
            "account_receivable_turnover_ratio": null,
            "reinvestment_rate": null,
            "research_to_sale_ratio": null,
            "price_fair": 0,
            "eps_avg_yearly": 0,
            "eps_latest_yearly": 0,
            "eps_growth_yearly": 0
        },
        "20051": {
            "year_quarter": 20051,
            "year": 2005,
            "quarter": 1,
            "eps": 0.67,
            "eps_growth_year": null,
            "eps_4q": -3.34,
            "eps_4q_growth_year": -204.06,
            "roe": 32.3,
            "gross_profit": -12520,
            "gross_margin": -9.91,
            "net_income": 199700,
            "revenue": 126327,
            "common_shares": 3000000,
            "equity": 718069,
            "current_ratio": 161.65,
            "debt_ratio": 98.14,
            "inventory_turnover_ratio": null,
            "account_receivable_turnover_ratio": null,
            "reinvestment_rate": null,
            "research_to_sale_ratio": null,
            "price_fair": 0,
            "eps_avg_yearly": 0,
            "eps_latest_yearly": 0,
            "eps_growth_yearly": 0
        },
        "20052": {
            "year_quarter": 20052,
            "year": 2005,
            "quarter": 2,
            "eps": -1.56,
            "eps_growth_year": null,
            "eps_4q": -4.75,
            "eps_4q_growth_year": -262.7,
            "roe": -96.69,
            "gross_profit": -379103,
            "gross_margin": -398.15,
            "net_income": -468026,
            "revenue": 95215,
            "common_shares": 3000000,
            "equity": 250042,
            "current_ratio": 120.92,
            "debt_ratio": 99.31,
            "inventory_turnover_ratio": null,
            "account_receivable_turnover_ratio": null,
            "reinvestment_rate": null,
            "research_to_sale_ratio": null,
            "price_fair": 0,
            "eps_avg_yearly": 0,
            "eps_latest_yearly": 0,
            "eps_growth_yearly": 0
        },
        "20053": {
            "year_quarter": 20053,
            "year": 2005,
            "quarter": 3,
            "eps": 4.94,
            "eps_growth_year": null,
            "eps_4q": 0.52,
            "eps_4q_growth_year": -81.96,
            "roe": 149.53,
            "gross_profit": -98342,
            "gross_margin": -59.48,
            "net_income": 1481786,
            "revenue": 165332,
            "common_shares": 3000000,
            "equity": 1731828,
            "current_ratio": 294.61,
            "debt_ratio": 91.58,
            "inventory_turnover_ratio": null,
            "account_receivable_turnover_ratio": null,
            "reinvestment_rate": null,
            "research_to_sale_ratio": null,
            "price_fair": 0,
            "eps_avg_yearly": 0,
            "eps_latest_yearly": 0,
            "eps_growth_yearly": 0
        },
        "20054": {
            "year_quarter": 20054,
            "year": 2005,
            "quarter": 4,
            "eps": 3.23,
            "eps_growth_year": null,
            "eps_4q": 7.27,
            "eps_4q_growth_year": null,
            "roe": 43.75,
            "gross_profit": 656440,
            "gross_margin": 281.88,
            "net_income": 969959,
            "revenue": 232878,
            "common_shares": 3000000,
            "equity": 2701787,
            "current_ratio": 439.99,
            "debt_ratio": 89.48,
            "inventory_turnover_ratio": -0.02,
            "account_receivable_turnover_ratio": null,
            "reinvestment_rate": -62.16,
            "research_to_sale_ratio": null,
            "price_fair": 38.76,
            "eps_avg_yearly": 12.92,
            "eps_latest_yearly": 12.92,
            "eps_growth_yearly": -138.46
        },
        "20061": {
            "year_quarter": 20061,
            "year": 2006,
            "quarter": 1,
            "eps": 0.01,
            "eps_growth_year": -98.51,
            "eps_4q": 9.31,
            "eps_4q_growth_year": null,
            "roe": 0.08,
            "gross_profit": -69679,
            "gross_margin": -50.06,
            "net_income": 2134,
            "revenue": 139200,
            "common_shares": 3000000,
            "equity": 2703920,
            "current_ratio": 438.99,
            "debt_ratio": 89.07,
            "inventory_turnover_ratio": 0.01,
            "account_receivable_turnover_ratio": null,
            "reinvestment_rate": -23.27,
            "research_to_sale_ratio": null,
            "price_fair": 19.44,
            "eps_avg_yearly": 6.48,
            "eps_latest_yearly": 0.04,
            "eps_growth_yearly": -268.61
        },
        "20062": {
            "year_quarter": 20062,
            "year": 2006,
            "quarter": 2,
            "eps": -0.43,
            "eps_growth_year": null,
            "eps_4q": 7.75,
            "eps_4q_growth_year": null,
            "roe": -4.93,
            "gross_profit": -28267,
            "gross_margin": -31.4,
            "net_income": -130094,
            "revenue": 90032,
            "common_shares": 3000000,
            "equity": 2573827,
            "current_ratio": 325.45,
            "debt_ratio": 90.26,
            "inventory_turnover_ratio": 0.01,
            "account_receivable_turnover_ratio": null,
            "reinvestment_rate": -58.42,
            "research_to_sale_ratio": null,
            "price_fair": 19.44,
            "eps_avg_yearly": 6.48,
            "eps_latest_yearly": 0.04,
            "eps_growth_yearly": -268.61
        },
        "20063": {
            "year_quarter": 20063,
            "year": 2006,
            "quarter": 3,
            "eps": -0.35,
            "eps_growth_year": -107.08,
            "eps_4q": 2.45,
            "eps_4q_growth_year": 371.24,
            "roe": -4.22,
            "gross_profit": -4839,
            "gross_margin": -11.22,
            "net_income": -106347,
            "revenue": 43135,
            "common_shares": 3000000,
            "equity": 2467481,
            "current_ratio": 98.26,
            "debt_ratio": 90.67,
            "inventory_turnover_ratio": 0,
            "account_receivable_turnover_ratio": null,
            "reinvestment_rate": -58.72,
            "research_to_sale_ratio": null,
            "price_fair": 19.44,
            "eps_avg_yearly": 6.48,
            "eps_latest_yearly": 0.04,
            "eps_growth_yearly": -268.61
        },
        "20064": {
            "year_quarter": 20064,
            "year": 2006,
            "quarter": 4,
            "eps": -1.61,
            "eps_growth_year": -149.85,
            "eps_4q": -2.39,
            "eps_4q_growth_year": -132.87,
            "roe": -21.7,
            "gross_profit": 83552,
            "gross_margin": 83.64,
            "net_income": -483101,
            "revenue": 99890,
            "common_shares": 3000000,
            "equity": 1984379,
            "current_ratio": 97.03,
            "debt_ratio": 90.89,
            "inventory_turnover_ratio": 0,
            "account_receivable_turnover_ratio": null,
            "reinvestment_rate": -56.27,
            "research_to_sale_ratio": null,
            "price_fair": 19.44,
            "eps_avg_yearly": 6.48,
            "eps_latest_yearly": 0.04,
            "eps_growth_yearly": -268.61
        },
        "20071": {
            "year_quarter": 20071,
            "year": 2007,
            "quarter": 1,
            "eps": 0.73,
            "eps_growth_year": 7200,
            "eps_4q": -1.67,
            "eps_4q_growth_year": -118,
            "roe": 10.44,
            "gross_profit": 141497,
            "gross_margin": 70.42,
            "net_income": 218443,
            "revenue": 200932,
            "common_shares": 3000000,
            "equity": 2199313,
            "current_ratio": 97.93,
            "debt_ratio": 89.05,
            "inventory_turnover_ratio": 0,
            "account_receivable_turnover_ratio": null,
            "reinvestment_rate": -46.41,
            "research_to_sale_ratio": null,
            "price_fair": 19.44,
            "eps_avg_yearly": 6.48,
            "eps_latest_yearly": 0.04,
            "eps_growth_yearly": -268.61
        },
        "20072": {
            "year_quarter": 20072,
            "year": 2007,
            "quarter": 2,
            "eps": 0.56,
            "eps_growth_year": null,
            "eps_4q": -0.67,
            "eps_4q_growth_year": -108.6,
            "roe": 7.42,
            "gross_profit": 164747,
            "gross_margin": 68.41,
            "net_income": 169469,
            "revenue": 240821,
            "common_shares": 3000000,
            "equity": 2370122,
            "current_ratio": 100.55,
            "debt_ratio": 86.3,
            "inventory_turnover_ratio": 0.01,
            "account_receivable_turnover_ratio": null,
            "reinvestment_rate": -32.52,
            "research_to_sale_ratio": null,
            "price_fair": 15.2,
            "eps_avg_yearly": 5.07,
            "eps_latest_yearly": 2.24,
            "eps_growth_yearly": -210.12
        },
        "20073": {
            "year_quarter": 20073,
            "year": 2007,
            "quarter": 3,
            "eps": 0.62,
            "eps_growth_year": null,
            "eps_4q": 0.3,
            "eps_4q_growth_year": -87.71,
            "roe": 7.52,
            "gross_profit": 145104,
            "gross_margin": 93.11,
            "net_income": 185277,
            "revenue": 155842,
            "common_shares": 3000000,
            "equity": 2557332,
            "current_ratio": 107.18,
            "debt_ratio": 85.19,
            "inventory_turnover_ratio": 0,
            "account_receivable_turnover_ratio": null,
            "reinvestment_rate": -27.59,
            "research_to_sale_ratio": null,
            "price_fair": 13.26,
            "eps_avg_yearly": 4.42,
            "eps_latest_yearly": 2.48,
            "eps_growth_yearly": -146.88
        },
        "20074": {
            "year_quarter": 20074,
            "year": 2007,
            "quarter": 4,
            "eps": 0.85,
            "eps_growth_year": null,
            "eps_4q": 2.75,
            "eps_4q_growth_year": null,
            "roe": 9.54,
            "gross_profit": 120696,
            "gross_margin": 46.59,
            "net_income": 256124,
            "revenue": 259081,
            "common_shares": 3000000,
            "equity": 2813455,
            "current_ratio": 109.08,
            "debt_ratio": 83.81,
            "inventory_turnover_ratio": 0.01,
            "account_receivable_turnover_ratio": null,
            "reinvestment_rate": -42.2,
            "research_to_sale_ratio": null,
            "price_fair": 12.65,
            "eps_avg_yearly": 4.22,
            "eps_latest_yearly": 3.4,
            "eps_growth_yearly": -87.83
        },
        "20081": {
            "year_quarter": 20081,
            "year": 2008,
            "quarter": 1,
            "eps": 0.66,
            "eps_growth_year": -9.59,
            "eps_4q": 2.71,
            "eps_4q_growth_year": null,
            "roe": 6.75,
            "gross_profit": 166817,
            "gross_margin": 63.63,
            "net_income": 196609,
            "revenue": 262172,
            "common_shares": 3000000,
            "equity": 3010064,
            "current_ratio": 111.92,
            "debt_ratio": 80.77,
            "inventory_turnover_ratio": 0.01,
            "account_receivable_turnover_ratio": null,
            "reinvestment_rate": -37.06,
            "research_to_sale_ratio": null,
            "price_fair": 11.86,
            "eps_avg_yearly": 3.95,
            "eps_latest_yearly": 2.64,
            "eps_growth_yearly": -88.09
        },
        "20082": {
            "year_quarter": 20082,
            "year": 2008,
            "quarter": 2,
            "eps": 0.22,
            "eps_growth_year": -60.71,
            "eps_4q": 2.31,
            "eps_4q_growth_year": null,
            "roe": 2.2,
            "gross_profit": 109651,
            "gross_margin": 58.69,
            "net_income": 67050,
            "revenue": 186823,
            "common_shares": 3000000,
            "equity": 3077114,
            "current_ratio": 114.48,
            "debt_ratio": 77.89,
            "inventory_turnover_ratio": 0.01,
            "account_receivable_turnover_ratio": null,
            "reinvestment_rate": -34.6,
            "research_to_sale_ratio": null,
            "price_fair": 10.54,
            "eps_avg_yearly": 3.51,
            "eps_latest_yearly": 0.88,
            "eps_growth_yearly": -113.6
        },
        "20083": {
            "year_quarter": 20083,
            "year": 2008,
            "quarter": 3,
            "eps": 0.16,
            "eps_growth_year": -74.19,
            "eps_4q": 1.84,
            "eps_4q_growth_year": 511.12,
            "roe": 1.59,
            "gross_profit": -115604,
            "gross_margin": -195.29,
            "net_income": 49435,
            "revenue": 59197,
            "common_shares": 3000000,
            "equity": 3126549,
            "current_ratio": 117.17,
            "debt_ratio": 76.5,
            "inventory_turnover_ratio": 0.02,
            "account_receivable_turnover_ratio": null,
            "reinvestment_rate": -32.18,
            "research_to_sale_ratio": null,
            "price_fair": 9.47,
            "eps_avg_yearly": 3.16,
            "eps_latest_yearly": 0.64,
            "eps_growth_yearly": -113.04
        },
        "20084": {
            "year_quarter": 20084,
            "year": 2008,
            "quarter": 4,
            "eps": 0.12,
            "eps_growth_year": -85.88,
            "eps_4q": 1.2,
            "eps_4q_growth_year": -56.53,
            "roe": 1.08,
            "gross_profit": -237753,
            "gross_margin": -358.7,
            "net_income": 34905,
            "revenue": 66281,
            "common_shares": 3000000,
            "equity": 3361145,
            "current_ratio": 111.92,
            "debt_ratio": 77.17,
            "inventory_turnover_ratio": 0.03,
            "account_receivable_turnover_ratio": 480.3,
            "reinvestment_rate": 3.78,
            "research_to_sale_ratio": null,
            "price_fair": 8.57,
            "eps_avg_yearly": 2.86,
            "eps_latest_yearly": 0.48,
            "eps_growth_yearly": -111.59
        },
        "20091": {
            "year_quarter": 20091,
            "year": 2009,
            "quarter": 1,
            "eps": -0.33,
            "eps_growth_year": -150,
            "eps_4q": 0.18,
            "eps_4q_growth_year": -93.2,
            "roe": -2.93,
            "gross_profit": -53140,
            "gross_margin": -191.65,
            "net_income": -96056,
            "revenue": 27727,
            "common_shares": 3000000,
            "equity": 3206472,
            "current_ratio": 111.12,
            "debt_ratio": 77.92,
            "inventory_turnover_ratio": 0.01,
            "account_receivable_turnover_ratio": 200.92,
            "reinvestment_rate": 4.4,
            "research_to_sale_ratio": null,
            "price_fair": 8.57,
            "eps_avg_yearly": 2.86,
            "eps_latest_yearly": 0.48,
            "eps_growth_yearly": -111.59
        },
        "20092": {
            "year_quarter": 20092,
            "year": 2009,
            "quarter": 2,
            "eps": -0.24,
            "eps_growth_year": -209.09,
            "eps_4q": -0.27,
            "eps_4q_growth_year": -111.49,
            "roe": -2.14,
            "gross_profit": 9090,
            "gross_margin": 35.84,
            "net_income": -68053,
            "revenue": 25360,
            "common_shares": 3000000,
            "equity": 3139872,
            "current_ratio": 109.82,
            "debt_ratio": 78.15,
            "inventory_turnover_ratio": 0,
            "account_receivable_turnover_ratio": 133.83,
            "reinvestment_rate": 26.88,
            "research_to_sale_ratio": null,
            "price_fair": 8.57,
            "eps_avg_yearly": 2.86,
            "eps_latest_yearly": 0.48,
            "eps_growth_yearly": -111.59
        },
        "20093": {
            "year_quarter": 20093,
            "year": 2009,
            "quarter": 3,
            "eps": 0.6,
            "eps_growth_year": 275,
            "eps_4q": 0.17,
            "eps_4q_growth_year": -90.92,
            "roe": 5.55,
            "gross_profit": 74231,
            "gross_margin": 86.63,
            "net_income": 179152,
            "revenue": 85689,
            "common_shares": 3144190,
            "equity": 3319024,
            "current_ratio": 110.43,
            "debt_ratio": 76.4,
            "inventory_turnover_ratio": 0,
            "account_receivable_turnover_ratio": 80.16,
            "reinvestment_rate": 52.26,
            "research_to_sale_ratio": null,
            "price_fair": 8.57,
            "eps_avg_yearly": 2.86,
            "eps_latest_yearly": 0.48,
            "eps_growth_yearly": -111.59
        },
        "20094": {
            "year_quarter": 20094,
            "year": 2009,
            "quarter": 4,
            "eps": 0.53,
            "eps_growth_year": 341.67,
            "eps_4q": 0.49,
            "eps_4q_growth_year": -58.97,
            "roe": 4.34,
            "gross_profit": 299331,
            "gross_margin": 428.36,
            "net_income": 160136,
            "revenue": 69879,
            "common_shares": 3144190,
            "equity": 4066877,
            "current_ratio": 118.28,
            "debt_ratio": 72.18,
            "inventory_turnover_ratio": -0.03,
            "account_receivable_turnover_ratio": 145.89,
            "reinvestment_rate": 261.56,
            "research_to_sale_ratio": null,
            "price_fair": 4.97,
            "eps_avg_yearly": 1.66,
            "eps_latest_yearly": 2.12,
            "eps_growth_yearly": -101.39
        },
        "20101": {
            "year_quarter": 20101,
            "year": 2010,
            "quarter": 1,
            "eps": null,
            "eps_growth_year": null,
            "eps_4q": null,
            "eps_4q_growth_year": null,
            "roe": null,
            "gross_profit": 95949,
            "gross_margin": null,
            "net_income": 5618,
            "revenue": 114245,
            "common_shares": 3944190,
            "equity": 4448669,
            "current_ratio": 113.88,
            "debt_ratio": 69.64,
            "inventory_turnover_ratio": null,
            "account_receivable_turnover_ratio": null,
            "reinvestment_rate": null,
            "research_to_sale_ratio": null,
            "price_fair": 5.58,
            "eps_avg_yearly": 1.86,
            "eps_latest_yearly": 2.12,
            "eps_growth_yearly": -64.22
        },
        "20102": {
            "year_quarter": 20102,
            "year": 2010,
            "quarter": 2,
            "eps": 0.08,
            "eps_growth_year": null,
            "eps_4q": 0.94,
            "eps_4q_growth_year": null,
            "roe": 0.69,
            "gross_profit": 131053,
            "gross_margin": 87.13,
            "net_income": 30920,
            "revenue": 150403,
            "common_shares": 3944190,
            "equity": 4487169,
            "current_ratio": 121.53,
            "debt_ratio": 70.39,
            "inventory_turnover_ratio": 0,
            "account_receivable_turnover_ratio": 12533.58,
            "reinvestment_rate": 272.7,
            "research_to_sale_ratio": null,
            "price_fair": 5.58,
            "eps_avg_yearly": 1.86,
            "eps_latest_yearly": 2.12,
            "eps_growth_yearly": -64.22
        },
        "20103": {
            "year_quarter": 20103,
            "year": 2010,
            "quarter": 3,
            "eps": 0.12,
            "eps_growth_year": -80.65,
            "eps_4q": 0.58,
            "eps_4q_growth_year": 247.93,
            "roe": 1.03,
            "gross_profit": 97733,
            "gross_margin": 223.72,
            "net_income": 47584,
            "revenue": 43685,
            "common_shares": 4100578,
            "equity": 4720565,
            "current_ratio": 123.31,
            "debt_ratio": 68.12,
            "inventory_turnover_ratio": -0.01,
            "account_receivable_turnover_ratio": 448.05,
            "reinvestment_rate": 245.84,
            "research_to_sale_ratio": null,
            "price_fair": 5.12,
            "eps_avg_yearly": 1.71,
            "eps_latest_yearly": 0.48,
            "eps_growth_yearly": -34.86
        },
        "20104": {
            "year_quarter": 20104,
            "year": 2010,
            "quarter": 4,
            "eps": 0.78,
            "eps_growth_year": 46.92,
            "eps_4q": 0.97,
            "eps_4q_growth_year": 97.65,
            "roe": 6.54,
            "gross_profit": 341093,
            "gross_margin": 357.03,
            "net_income": 319102,
            "revenue": 95535,
            "common_shares": 4100578,
            "equity": 5039667,
            "current_ratio": 114.61,
            "debt_ratio": 65.69,
            "inventory_turnover_ratio": -0.07,
            "account_receivable_turnover_ratio": 626.46,
            "reinvestment_rate": 213.12,
            "research_to_sale_ratio": null,
            "price_fair": 64.68,
            "eps_avg_yearly": 1.85,
            "eps_latest_yearly": 3.12,
            "eps_growth_yearly": 188.63
        },
        "20111": {
            "year_quarter": 20111,
            "year": 2011,
            "quarter": 1,
            "eps": -0.27,
            "eps_growth_year": null,
            "eps_4q": 0.71,
            "eps_4q_growth_year": null,
            "roe": -2.18,
            "gross_profit": 2272,
            "gross_margin": 5.99,
            "net_income": -108864,
            "revenue": 37922,
            "common_shares": 4100578,
            "equity": 4931260,
            "current_ratio": 114.23,
            "debt_ratio": 66.07,
            "inventory_turnover_ratio": 0.01,
            "account_receivable_turnover_ratio": 229.14,
            "reinvestment_rate": 273.89,
            "research_to_sale_ratio": null,
            "price_fair": 64.68,
            "eps_avg_yearly": 1.85,
            "eps_latest_yearly": 3.12,
            "eps_growth_yearly": 188.63
        },
        "20112": {
            "year_quarter": 20112,
            "year": 2011,
            "quarter": 2,
            "eps": 1.57,
            "eps_growth_year": 1908.02,
            "eps_4q": 2.12,
            "eps_4q_growth_year": 126.46,
            "roe": 14.25,
            "gross_profit": 884347,
            "gross_margin": 67.69,
            "net_income": 736997,
            "revenue": 1306437,
            "common_shares": 4100578,
            "equity": 5411534,
            "current_ratio": 122.78,
            "debt_ratio": 64.64,
            "inventory_turnover_ratio": 0.13,
            "account_receivable_turnover_ratio": 6.5,
            "reinvestment_rate": 160.67,
            "research_to_sale_ratio": null,
            "price_fair": 63.16,
            "eps_avg_yearly": 1.8,
            "eps_latest_yearly": 3.12,
            "eps_growth_yearly": 219.93
        },
        "20113": {
            "year_quarter": 20113,
            "year": 2011,
            "quarter": 3,
            "eps": -0.24,
            "eps_growth_year": -304.8,
            "eps_4q": 1.52,
            "eps_4q_growth_year": 160.91,
            "roe": -2.25,
            "gross_profit": 33395,
            "gross_margin": 61,
            "net_income": -128440,
            "revenue": 54744,
            "common_shares": 4697982,
            "equity": 6030444,
            "current_ratio": 130.93,
            "debt_ratio": 60.46,
            "inventory_turnover_ratio": 0.01,
            "account_receivable_turnover_ratio": 0.17,
            "reinvestment_rate": 197.54,
            "research_to_sale_ratio": null,
            "price_fair": 60.2,
            "eps_avg_yearly": 1.72,
            "eps_latest_yearly": 3.12,
            "eps_growth_yearly": 242.07
        },
        "20114": {
            "year_quarter": 20114,
            "year": 2011,
            "quarter": 4,
            "eps": 0.08,
            "eps_growth_year": -90.01,
            "eps_4q": 0.92,
            "eps_4q_growth_year": -5.23,
            "roe": 0.72,
            "gross_profit": 218959,
            "gross_margin": 403.94,
            "net_income": 46148,
            "revenue": 54206,
            "common_shares": 6197982,
            "equity": 6860071,
            "current_ratio": 132.77,
            "debt_ratio": 58.97,
            "inventory_turnover_ratio": -0.05,
            "account_receivable_turnover_ratio": 0.43,
            "reinvestment_rate": 295.63,
            "research_to_sale_ratio": null,
            "price_fair": 51.8,
            "eps_avg_yearly": 1.48,
            "eps_latest_yearly": 3.12,
            "eps_growth_yearly": 255.45
        },
        "20121": {
            "year_quarter": 20121,
            "year": 2012,
            "quarter": 1,
            "eps": -0.17,
            "eps_growth_year": null,
            "eps_4q": 0.96,
            "eps_4q_growth_year": 36.57,
            "roe": -1.46,
            "gross_profit": 24252,
            "gross_margin": 33.15,
            "net_income": -98246,
            "revenue": 73166,
            "common_shares": 6197982,
            "equity": 6569058,
            "current_ratio": 127.07,
            "debt_ratio": 59.92,
            "inventory_turnover_ratio": 0.02,
            "account_receivable_turnover_ratio": 8.55,
            "reinvestment_rate": 429.77,
            "research_to_sale_ratio": null,
            "price_fair": 45.03,
            "eps_avg_yearly": 1.29,
            "eps_latest_yearly": 3.12,
            "eps_growth_yearly": 312.93
        },
        "20122": {
            "year_quarter": 20122,
            "year": 2012,
            "quarter": 2,
            "eps": 0.06,
            "eps_growth_year": -96,
            "eps_4q": -0.23,
            "eps_4q_growth_year": -111.09,
            "roe": 0.58,
            "gross_profit": 137778,
            "gross_margin": -1419.81,
            "net_income": 37892,
            "revenue": -9704,
            "common_shares": 6197982,
            "equity": 6506649,
            "current_ratio": 119.84,
            "debt_ratio": 64.24,
            "inventory_turnover_ratio": -0.05,
            "account_receivable_turnover_ratio": -0.87,
            "reinvestment_rate": 458.97,
            "research_to_sale_ratio": null,
            "price_fair": 47.88,
            "eps_avg_yearly": 1.37,
            "eps_latest_yearly": 3.12,
            "eps_growth_yearly": 428.85
        },
        "20123": {
            "year_quarter": 20123,
            "year": 2012,
            "quarter": 3,
            "eps": -0.15,
            "eps_growth_year": null,
            "eps_4q": -0.17,
            "eps_4q_growth_year": -111.28,
            "roe": -1.39,
            "gross_profit": 13852,
            "gross_margin": 37.58,
            "net_income": -89867,
            "revenue": 36858,
            "common_shares": 6197982,
            "equity": 6416044,
            "current_ratio": 116.42,
            "debt_ratio": 65.68,
            "inventory_turnover_ratio": 0.01,
            "account_receivable_turnover_ratio": 2.97,
            "reinvestment_rate": 536.69,
            "research_to_sale_ratio": null,
            "price_fair": 54.25,
            "eps_avg_yearly": 1.55,
            "eps_latest_yearly": 3.12,
            "eps_growth_yearly": 563.33
        },
        "20124": {
            "year_quarter": 20124,
            "year": 2012,
            "quarter": 4,
            "eps": 0.53,
            "eps_growth_year": 583.49,
            "eps_4q": 0.28,
            "eps_4q_growth_year": -69.09,
            "roe": 4.89,
            "gross_profit": 408132,
            "gross_margin": 144.8,
            "net_income": 321788,
            "revenue": 281851,
            "common_shares": 6553003,
            "equity": 6737831,
            "current_ratio": 118.66,
            "debt_ratio": 66.11,
            "inventory_turnover_ratio": -0.04,
            "account_receivable_turnover_ratio": 19.4,
            "reinvestment_rate": 448.63,
            "research_to_sale_ratio": null,
            "price_fair": 66.73,
            "eps_avg_yearly": 1.91,
            "eps_latest_yearly": 3.12,
            "eps_growth_yearly": 784.44
        },
        "20131": {
            "year_quarter": 20131,
            "year": 2013,
            "quarter": 1,
            "eps": -0.2,
            "eps_growth_year": null,
            "eps_4q": 0.25,
            "eps_4q_growth_year": -74.28,
            "roe": -1.8,
            "gross_profit": 6542,
            "gross_margin": 25.07,
            "net_income": -120207,
            "revenue": 26091,
            "common_shares": 6553003,
            "equity": 6611941,
            "current_ratio": 116.87,
            "debt_ratio": 66.62,
            "inventory_turnover_ratio": 0.01,
            "account_receivable_turnover_ratio": 1.52,
            "reinvestment_rate": 270.59,
            "research_to_sale_ratio": null,
            "price_fair": 66.73,
            "eps_avg_yearly": 1.91,
            "eps_latest_yearly": 3.12,
            "eps_growth_yearly": 784.44
        },
        "20132": {
            "year_quarter": 20132,
            "year": 2013,
            "quarter": 2,
            "eps": 0.43,
            "eps_growth_year": 584.74,
            "eps_4q": 0.6,
            "eps_4q_growth_year": null,
            "roe": 3.83,
            "gross_profit": 424260,
            "gross_margin": 102.87,
            "net_income": 262458,
            "revenue": 412417,
            "common_shares": 6553003,
            "equity": 7089851,
            "current_ratio": 121.59,
            "debt_ratio": 62.02,
            "inventory_turnover_ratio": -0,
            "account_receivable_turnover_ratio": 22.62,
            "reinvestment_rate": 226.44,
            "research_to_sale_ratio": null,
            "price_fair": 66.73,
            "eps_avg_yearly": 1.91,
            "eps_latest_yearly": 3.12,
            "eps_growth_yearly": 784.44
        },
        "20133": {
            "year_quarter": 20133,
            "year": 2013,
            "quarter": 3,
            "eps": 0.47,
            "eps_growth_year": null,
            "eps_4q": 1.22,
            "eps_4q_growth_year": null,
            "roe": 4.07,
            "gross_profit": 441878,
            "gross_margin": 32.69,
            "net_income": 294800,
            "revenue": 1351861,
            "common_shares": 6553003,
            "equity": 7383980,
            "current_ratio": 127.65,
            "debt_ratio": 59.19,
            "inventory_turnover_ratio": 0.29,
            "account_receivable_turnover_ratio": 4.06,
            "reinvestment_rate": 218.42,
            "research_to_sale_ratio": null,
            "price_fair": 66.5,
            "eps_avg_yearly": 1.9,
            "eps_latest_yearly": 1.88,
            "eps_growth_yearly": 597.64
        },
        "20134": {
            "year_quarter": 20134,
            "year": 2013,
            "quarter": 4,
            "eps": 0.65,
            "eps_growth_year": 22.5,
            "eps_4q": 1.35,
            "eps_4q_growth_year": 376.09,
            "roe": 5.35,
            "gross_profit": 583094,
            "gross_margin": 78.16,
            "net_income": 406101,
            "revenue": 746048,
            "common_shares": 6553003,
            "equity": 7791074,
            "current_ratio": 114.14,
            "debt_ratio": 56.84,
            "inventory_turnover_ratio": 0.08,
            "account_receivable_turnover_ratio": 2.3,
            "reinvestment_rate": -67.6,
            "research_to_sale_ratio": null,
            "price_fair": 70.7,
            "eps_avg_yearly": 2.02,
            "eps_latest_yearly": 2.6,
            "eps_growth_yearly": 647.6
        },
        "20141": {
            "year_quarter": 20141,
            "year": 2014,
            "quarter": 1,
            "eps": 0.02,
            "eps_growth_year": null,
            "eps_4q": 1.56,
            "eps_4q_growth_year": 530.33,
            "roe": 0.11,
            "gross_profit": 153855,
            "gross_margin": 90.57,
            "net_income": 9730,
            "revenue": 169879,
            "common_shares": 6553003,
            "equity": 10692132,
            "current_ratio": 111.36,
            "debt_ratio": 50.62,
            "inventory_turnover_ratio": 0.01,
            "account_receivable_turnover_ratio": 168.78,
            "reinvestment_rate": -69.54,
            "research_to_sale_ratio": null,
            "price_fair": 57.12,
            "eps_avg_yearly": 1.63,
            "eps_latest_yearly": 0.08,
            "eps_growth_yearly": 440.54
        },
        "20142": {
            "year_quarter": 20142,
            "year": 2014,
            "quarter": 2,
            "eps": -0.1,
            "eps_growth_year": -123.26,
            "eps_4q": 0.99,
            "eps_4q_growth_year": 65.37,
            "roe": -0.59,
            "gross_profit": 63241,
            "gross_margin": 75.29,
            "net_income": -62630,
            "revenue": 83994,
            "common_shares": 6553003,
            "equity": 10481287,
            "current_ratio": 111.99,
            "debt_ratio": 50.75,
            "inventory_turnover_ratio": 0.02,
            "account_receivable_turnover_ratio": 93.17,
            "reinvestment_rate": -80.47,
            "research_to_sale_ratio": null,
            "price_fair": 57.12,
            "eps_avg_yearly": 1.63,
            "eps_latest_yearly": 0.08,
            "eps_growth_yearly": 440.54
        },
        "20143": {
            "year_quarter": 20143,
            "year": 2014,
            "quarter": 3,
            "eps": -0.22,
            "eps_growth_year": -146.81,
            "eps_4q": 0.31,
            "eps_4q_growth_year": -74.18,
            "roe": -1.37,
            "gross_profit": 60219,
            "gross_margin": 85.15,
            "net_income": -143645,
            "revenue": 70719,
            "common_shares": 6553003,
            "equity": 10516904,
            "current_ratio": 117.43,
            "debt_ratio": 53.5,
            "inventory_turnover_ratio": 0.01,
            "account_receivable_turnover_ratio": 36.43,
            "reinvestment_rate": -95.69,
            "research_to_sale_ratio": null,
            "price_fair": 67.2,
            "eps_avg_yearly": 1.92,
            "eps_latest_yearly": 0.08,
            "eps_growth_yearly": 500.68
        },
        "20144": {
            "year_quarter": 20144,
            "year": 2014,
            "quarter": 4,
            "eps": 8.6,
            "eps_growth_year": 1220.11,
            "eps_4q": 8.29,
            "eps_4q_growth_year": 513.14,
            "roe": 41.96,
            "gross_profit": 1438302,
            "gross_margin": 98.05,
            "net_income": 5508560,
            "revenue": 1466894,
            "common_shares": 6791103,
            "equity": 15739364,
            "current_ratio": 123.57,
            "debt_ratio": 42.98,
            "inventory_turnover_ratio": 0.02,
            "account_receivable_turnover_ratio": 526.52,
            "reinvestment_rate": -46.7,
            "research_to_sale_ratio": null,
            "price_fair": 4.56,
            "eps_avg_yearly": 1.52,
            "eps_latest_yearly": 0.08,
            "eps_growth_yearly": -65.76
        },
        "20151": {
            "year_quarter": 20151,
            "year": 2015,
            "quarter": 1,
            "eps": -0.23,
            "eps_growth_year": -1250,
            "eps_4q": 8.21,
            "eps_4q_growth_year": 425.55,
            "roe": -0.95,
            "gross_profit": 57395,
            "gross_margin": 67.9,
            "net_income": -147664,
            "revenue": 84533,
            "common_shares": 6620103,
            "equity": 15452053,
            "current_ratio": 116.16,
            "debt_ratio": 44.43,
            "inventory_turnover_ratio": 0.02,
            "account_receivable_turnover_ratio": 30.43,
            "reinvestment_rate": -47.9,
            "research_to_sale_ratio": null,
            "price_fair": 4.56,
            "eps_avg_yearly": 1.52,
            "eps_latest_yearly": 0.08,
            "eps_growth_yearly": -65.76
        },
        "20152": {
            "year_quarter": 20152,
            "year": 2015,
            "quarter": 2,
            "eps": 0.3,
            "eps_growth_year": null,
            "eps_4q": 7.7,
            "eps_4q_growth_year": 674.98,
            "roe": 1.23,
            "gross_profit": 119371,
            "gross_margin": 80.48,
            "net_income": 190582,
            "revenue": 148317,
            "common_shares": 6620103,
            "equity": 15638144,
            "current_ratio": 117.43,
            "debt_ratio": 44.34,
            "inventory_turnover_ratio": 0.02,
            "account_receivable_turnover_ratio": 51.81,
            "reinvestment_rate": -42.4,
            "research_to_sale_ratio": null,
            "price_fair": 4.56,
            "eps_avg_yearly": 1.52,
            "eps_latest_yearly": 0.08,
            "eps_growth_yearly": -65.76
        },
        "20153": {
            "year_quarter": 20153,
            "year": 2015,
            "quarter": 3,
            "eps": 0.28,
            "eps_growth_year": null,
            "eps_4q": 8.2,
            "eps_4q_growth_year": 2508.93,
            "roe": 1.25,
            "gross_profit": 118655,
            "gross_margin": 78.18,
            "net_income": 197019,
            "revenue": 151776,
            "common_shares": 7258813,
            "equity": 15823799,
            "current_ratio": 112.33,
            "debt_ratio": 45.03,
            "inventory_turnover_ratio": 0.02,
            "account_receivable_turnover_ratio": 47.95,
            "reinvestment_rate": -40.54,
            "research_to_sale_ratio": null,
            "price_fair": 4.26,
            "eps_avg_yearly": 1.42,
            "eps_latest_yearly": 1.12,
            "eps_growth_yearly": -55.99
        },
        "20154": {
            "year_quarter": 20154,
            "year": 2015,
            "quarter": 4,
            "eps": 2.64,
            "eps_growth_year": -69.36,
            "eps_4q": 2.99,
            "eps_4q_growth_year": -63.99,
            "roe": 10.82,
            "gross_profit": 166232,
            "gross_margin": 80.13,
            "net_income": 1799668,
            "revenue": 207443,
            "common_shares": 7258813,
            "equity": 17440945,
            "current_ratio": 102.55,
            "debt_ratio": 42.9,
            "inventory_turnover_ratio": 0.03,
            "account_receivable_turnover_ratio": 67.51,
            "reinvestment_rate": -42.49,
            "research_to_sale_ratio": null,
            "price_fair": 113.68,
            "eps_avg_yearly": 3.25,
            "eps_latest_yearly": 10.56,
            "eps_growth_yearly": 629.49
        },
        "20161": {
            "year_quarter": 20161,
            "year": 2016,
            "quarter": 1,
            "eps": 0.04,
            "eps_growth_year": null,
            "eps_4q": 3.11,
            "eps_4q_growth_year": -62.05,
            "roe": 0.17,
            "gross_profit": 38477,
            "gross_margin": 56.89,
            "net_income": 30215,
            "revenue": 67635,
            "common_shares": 7258906,
            "equity": 17795092,
            "current_ratio": 101.97,
            "debt_ratio": 41.75,
            "inventory_turnover_ratio": 0.02,
            "account_receivable_turnover_ratio": 21.87,
            "reinvestment_rate": -41.31,
            "research_to_sale_ratio": null,
            "price_fair": 95.67,
            "eps_avg_yearly": 2.73,
            "eps_latest_yearly": 0.16,
            "eps_growth_yearly": 458.92
        },
        "20162": {
            "year_quarter": 20162,
            "year": 2016,
            "quarter": 2,
            "eps": 0.4,
            "eps_growth_year": 33.33,
            "eps_4q": 3.04,
            "eps_4q_growth_year": -60.5,
            "roe": 1.59,
            "gross_profit": 31912,
            "gross_margin": 44.95,
            "net_income": 285852,
            "revenue": 71001,
            "common_shares": 7258906,
            "equity": 18083346,
            "current_ratio": 108.48,
            "debt_ratio": 43.97,
            "inventory_turnover_ratio": 0.03,
            "account_receivable_turnover_ratio": 24.83,
            "reinvestment_rate": -41.93,
            "research_to_sale_ratio": null,
            "price_fair": 90,
            "eps_avg_yearly": 2.57,
            "eps_latest_yearly": 1.6,
            "eps_growth_yearly": 907.65
        },
        "20163": {
            "year_quarter": 20163,
            "year": 2016,
            "quarter": 3,
            "eps": -0.19,
            "eps_growth_year": -167.86,
            "eps_4q": 2.62,
            "eps_4q_growth_year": -68.03,
            "roe": -0.8,
            "gross_profit": 39043,
            "gross_margin": 54.49,
            "net_income": -144120,
            "revenue": 71658,
            "common_shares": 7607849,
            "equity": 17850884,
            "current_ratio": 104.28,
            "debt_ratio": 44.34,
            "inventory_turnover_ratio": 0.03,
            "account_receivable_turnover_ratio": 24.83,
            "reinvestment_rate": -43.64,
            "research_to_sale_ratio": null,
            "price_fair": 90,
            "eps_avg_yearly": 2.57,
            "eps_latest_yearly": 1.6,
            "eps_growth_yearly": 907.65
        },
        "20164": {
            "year_quarter": 20164,
            "year": 2016,
            "quarter": 4,
            "eps": 0.1,
            "eps_growth_year": -96.04,
            "eps_4q": 0.33,
            "eps_4q_growth_year": -88.79,
            "roe": 0.42,
            "gross_profit": 38264,
            "gross_margin": 46.36,
            "net_income": 75863,
            "revenue": 82537,
            "common_shares": 7607849,
            "equity": 17926092,
            "current_ratio": 120.09,
            "debt_ratio": 46.01,
            "inventory_turnover_ratio": 0.03,
            "account_receivable_turnover_ratio": 16.91,
            "reinvestment_rate": -51.97,
            "research_to_sale_ratio": null,
            "price_fair": 90,
            "eps_avg_yearly": 2.57,
            "eps_latest_yearly": 1.6,
            "eps_growth_yearly": 907.65
        },
        "20171": {
            "year_quarter": 20171,
            "year": 2017,
            "quarter": 1,
            "eps": 0.04,
            "eps_growth_year": 0,
            "eps_4q": 0.33,
            "eps_4q_growth_year": -89.32,
            "roe": 0.16,
            "gross_profit": 122581,
            "gross_margin": 77.58,
            "net_income": 28654,
            "revenue": 158007,
            "common_shares": 7607849,
            "equity": 17981790,
            "current_ratio": 118.76,
            "debt_ratio": 47.42,
            "inventory_turnover_ratio": 0.03,
            "account_receivable_turnover_ratio": 24.79,
            "reinvestment_rate": -22.92,
            "research_to_sale_ratio": null,
            "price_fair": 79.45,
            "eps_avg_yearly": 2.27,
            "eps_latest_yearly": 0.16,
            "eps_growth_yearly": 764.19
        },
        "20172": {
            "year_quarter": 20172,
            "year": 2017,
            "quarter": 2,
            "eps": 0.38,
            "eps_growth_year": -5,
            "eps_4q": 0.33,
            "eps_4q_growth_year": -89.08,
            "roe": 1.56,
            "gross_profit": 448086,
            "gross_margin": 94.14,
            "net_income": 281551,
            "revenue": 475989,
            "common_shares": 7608841,
            "equity": 18213838,
            "current_ratio": 111.5,
            "debt_ratio": 46.58,
            "inventory_turnover_ratio": 0.02,
            "account_receivable_turnover_ratio": 78.57,
            "reinvestment_rate": -21.59,
            "research_to_sale_ratio": null,
            "price_fair": 76.53,
            "eps_avg_yearly": 2.19,
            "eps_latest_yearly": 1.52,
            "eps_growth_yearly": 1057.06
        },
        "20173": {
            "year_quarter": 20173,
            "year": 2017,
            "quarter": 3,
            "eps": -0.11,
            "eps_growth_year": null,
            "eps_4q": 0.41,
            "eps_4q_growth_year": -84.27,
            "roe": -0.48,
            "gross_profit": 44016,
            "gross_margin": 60.55,
            "net_income": -86560,
            "revenue": 72699,
            "common_shares": 7609436,
            "equity": 18057522,
            "current_ratio": 109.34,
            "debt_ratio": 47.66,
            "inventory_turnover_ratio": 0.02,
            "account_receivable_turnover_ratio": 11.43,
            "reinvestment_rate": -24.11,
            "research_to_sale_ratio": null,
            "price_fair": 77.88,
            "eps_avg_yearly": 2.23,
            "eps_latest_yearly": 1.52,
            "eps_growth_yearly": 1184.54
        },
        "20174": {
            "year_quarter": 20174,
            "year": 2017,
            "quarter": 4,
            "eps": 0.33,
            "eps_growth_year": 218.71,
            "eps_4q": 0.64,
            "eps_4q_growth_year": 91.03,
            "roe": 1.35,
            "gross_profit": 29630,
            "gross_margin": 47.96,
            "net_income": 246229,
            "revenue": 61784,
            "common_shares": 7609436,
            "equity": 18305630,
            "current_ratio": 104.4,
            "debt_ratio": 47.98,
            "inventory_turnover_ratio": 0.02,
            "account_receivable_turnover_ratio": 7.84,
            "reinvestment_rate": 27.6,
            "research_to_sale_ratio": null,
            "price_fair": 76,
            "eps_avg_yearly": 2.17,
            "eps_latest_yearly": 1.52,
            "eps_growth_yearly": 1331.88
        },
        "20181": {
            "year_quarter": 20181,
            "year": 2018,
            "quarter": 1,
            "eps": 0.03,
            "eps_growth_year": -25,
            "eps_4q": 0.63,
            "eps_4q_growth_year": 88.2,
            "roe": 0.12,
            "gross_profit": 39257,
            "gross_margin": 55.7,
            "net_income": 22521,
            "revenue": 70483,
            "common_shares": 7609436,
            "equity": 18388678,
            "current_ratio": 100.96,
            "debt_ratio": 47.21,
            "inventory_turnover_ratio": 0.02,
            "account_receivable_turnover_ratio": 9.77,
            "reinvestment_rate": 27.1,
            "research_to_sale_ratio": null,
            "price_fair": 76.2,
            "eps_avg_yearly": 2.18,
            "eps_latest_yearly": 0.12,
            "eps_growth_yearly": 1335.31
        },
        "20182": {
            "year_quarter": 20182,
            "year": 2018,
            "quarter": 2,
            "eps": 0.17,
            "eps_growth_year": -55.26,
            "eps_4q": 0.42,
            "eps_4q_growth_year": 27.75,
            "roe": 0.68,
            "gross_profit": 40660,
            "gross_margin": 31.47,
            "net_income": 125558,
            "revenue": 129198,
            "common_shares": 7609436,
            "equity": 18334486,
            "current_ratio": 110.51,
            "debt_ratio": 48.38,
            "inventory_turnover_ratio": 0.06,
            "account_receivable_turnover_ratio": 21.04,
            "reinvestment_rate": 25.9,
            "research_to_sale_ratio": null,
            "price_fair": 69.65,
            "eps_avg_yearly": 1.99,
            "eps_latest_yearly": 0.68,
            "eps_growth_yearly": 1401.73
        },
        "20183": {
            "year_quarter": 20183,
            "year": 2018,
            "quarter": 3,
            "eps": -0.1,
            "eps_growth_year": null,
            "eps_4q": 0.44,
            "eps_4q_growth_year": 6.12,
            "roe": -0.39,
            "gross_profit": 59184,
            "gross_margin": 69.05,
            "net_income": -71434,
            "revenue": 85709,
            "common_shares": 7609436,
            "equity": 18344172,
            "current_ratio": 100.17,
            "debt_ratio": 47.7,
            "inventory_turnover_ratio": 0.02,
            "account_receivable_turnover_ratio": 10.84,
            "reinvestment_rate": 25.16,
            "research_to_sale_ratio": null,
            "price_fair": 69.65,
            "eps_avg_yearly": 1.99,
            "eps_latest_yearly": 0.68,
            "eps_growth_yearly": 1401.73
        },
        "20184": {
            "year_quarter": 20184,
            "year": 2018,
            "quarter": 4,
            "eps": 0.44,
            "eps_growth_year": 31.49,
            "eps_4q": 0.54,
            "eps_4q_growth_year": -15.64,
            "roe": 1.76,
            "gross_profit": 28145,
            "gross_margin": 35.02,
            "net_income": 325271,
            "revenue": 80365,
            "common_shares": 7609436,
            "equity": 18723767,
            "current_ratio": 103.6,
            "debt_ratio": 47.44,
            "inventory_turnover_ratio": 0.04,
            "account_receivable_turnover_ratio": 7.01,
            "reinvestment_rate": 68.37,
            "research_to_sale_ratio": null,
            "price_fair": 69.65,
            "eps_avg_yearly": 1.99,
            "eps_latest_yearly": 0.68,
            "eps_growth_yearly": 1401.73
        },
        "20191": {
            "year_quarter": 20191,
            "year": 2019,
            "quarter": 1,
            "eps": 0.11,
            "eps_growth_year": 266.67,
            "eps_4q": 0.62,
            "eps_4q_growth_year": -0.34,
            "roe": 0.44,
            "gross_profit": 44243,
            "gross_margin": 48.15,
            "net_income": 82359,
            "revenue": 91887,
            "common_shares": 7609436,
            "equity": 19024639,
            "current_ratio": 111.9,
            "debt_ratio": 48.26,
            "inventory_turnover_ratio": 0.03,
            "account_receivable_turnover_ratio": 6.17,
            "reinvestment_rate": 18.03,
            "research_to_sale_ratio": null,
            "price_fair": 63.62,
            "eps_avg_yearly": 1.82,
            "eps_latest_yearly": 0.44,
            "eps_growth_yearly": 1212.65
        },
        "20192": {
            "year_quarter": 20192,
            "year": 2019,
            "quarter": 2,
            "eps": 0.01,
            "eps_growth_year": -94.12,
            "eps_4q": 0.46,
            "eps_4q_growth_year": 8.13,
            "roe": 0.03,
            "gross_profit": 56444,
            "gross_margin": 60.6,
            "net_income": 5992,
            "revenue": 93140,
            "common_shares": 7609436,
            "equity": 19081244,
            "current_ratio": 109.06,
            "debt_ratio": 48.22,
            "inventory_turnover_ratio": 0.03,
            "account_receivable_turnover_ratio": 5.63,
            "reinvestment_rate": 18.35,
            "research_to_sale_ratio": null,
            "price_fair": 57.4,
            "eps_avg_yearly": 1.64,
            "eps_latest_yearly": 0.04,
            "eps_growth_yearly": 1055.02
        },
        "20193": {
            "year_quarter": 20193,
            "year": 2019,
            "quarter": 3,
            "eps": 0.05,
            "eps_growth_year": null,
            "eps_4q": 0.6,
            "eps_4q_growth_year": 36.06,
            "roe": 0.2,
            "gross_profit": 60177,
            "gross_margin": 55.91,
            "net_income": 37729,
            "revenue": 107633,
            "common_shares": 7609436,
            "equity": 19212602,
            "current_ratio": 106.2,
            "debt_ratio": 48.01,
            "inventory_turnover_ratio": 0.04,
            "account_receivable_turnover_ratio": 5.77,
            "reinvestment_rate": 18.15,
            "research_to_sale_ratio": null,
            "price_fair": 54.18,
            "eps_avg_yearly": 1.55,
            "eps_latest_yearly": 0.2,
            "eps_growth_yearly": 1217.69
        },
        "20194": {
            "year_quarter": 20194,
            "year": 2019,
            "quarter": 4,
            "eps": 0.23,
            "eps_growth_year": -48.2,
            "eps_4q": 0.39,
            "eps_4q_growth_year": -27.8,
            "roe": 0.88,
            "gross_profit": 46354,
            "gross_margin": 45.77,
            "net_income": 171800,
            "revenue": 101270,
            "common_shares": 7609436,
            "equity": 19774250,
            "current_ratio": 100.69,
            "debt_ratio": 47.46,
            "inventory_turnover_ratio": 0.04,
            "account_receivable_turnover_ratio": 5.34,
            "reinvestment_rate": 21.41,
            "research_to_sale_ratio": null,
            "price_fair": 20.44,
            "eps_avg_yearly": 0.58,
            "eps_latest_yearly": 0.92,
            "eps_growth_yearly": 1024.55
        },
        "20201": {
            "year_quarter": 20201,
            "year": 2020,
            "quarter": 1,
            "eps": -0.25,
            "eps_growth_year": -327.27,
            "eps_4q": 0.04,
            "eps_4q_growth_year": -94.36,
            "roe": -0.94,
            "gross_profit": 53466,
            "gross_margin": 59.68,
            "net_income": -186005,
            "revenue": 89584,
            "common_shares": 7609436,
            "equity": 19610696,
            "current_ratio": 95.77,
            "debt_ratio": 48.04,
            "inventory_turnover_ratio": 0.03,
            "account_receivable_turnover_ratio": 4.87,
            "reinvestment_rate": -35.24,
            "research_to_sale_ratio": null,
            "price_fair": 22.09,
            "eps_avg_yearly": 0.63,
            "eps_latest_yearly": 0.92,
            "eps_growth_yearly": 1182.15
        },
        "20202": {
            "year_quarter": 20202,
            "year": 2020,
            "quarter": 2,
            "eps": -0.73,
            "eps_growth_year": -7400,
            "eps_4q": -0.71,
            "eps_4q_growth_year": -254.03,
            "roe": -2.89,
            "gross_profit": 32656,
            "gross_margin": 45.92,
            "net_income": -557900,
            "revenue": 71117,
            "common_shares": 7609436,
            "equity": 19051470,
            "current_ratio": 75.93,
            "debt_ratio": 49.04,
            "inventory_turnover_ratio": 0.03,
            "account_receivable_turnover_ratio": 3.44,
            "reinvestment_rate": -100.51,
            "research_to_sale_ratio": null,
            "price_fair": 17.85,
            "eps_avg_yearly": 0.51,
            "eps_latest_yearly": 0.92,
            "eps_growth_yearly": 879.92
        },
        "20203": {
            "year_quarter": 20203,
            "year": 2020,
            "quarter": 3,
            "eps": -0.5,
            "eps_growth_year": -1100,
            "eps_4q": -1.25,
            "eps_4q_growth_year": -309.68,
            "roe": -1.99,
            "gross_profit": 61073,
            "gross_margin": 67.58,
            "net_income": -375751,
            "revenue": 90370,
            "common_shares": 7609436,
            "equity": 18674571,
            "current_ratio": 100.66,
            "debt_ratio": 49.59,
            "inventory_turnover_ratio": 0.02,
            "account_receivable_turnover_ratio": 3.92,
            "reinvestment_rate": -570.98,
            "research_to_sale_ratio": null,
            "price_fair": 17.85,
            "eps_avg_yearly": 0.51,
            "eps_latest_yearly": 0.92,
            "eps_growth_yearly": 879.92
        },
        "20204": {
            "year_quarter": 20204,
            "year": 2020,
            "quarter": 4,
            "eps": -0.93,
            "eps_growth_year": -512.52,
            "eps_4q": -2.41,
            "eps_4q_growth_year": -718.29,
            "roe": -3.87,
            "gross_profit": 58551,
            "gross_margin": 69.93,
            "net_income": -709345,
            "revenue": 83733,
            "common_shares": 7609436,
            "equity": 17965226,
            "current_ratio": 85.76,
            "debt_ratio": 50.31,
            "inventory_turnover_ratio": 0.02,
            "account_receivable_turnover_ratio": 4.83,
            "reinvestment_rate": null,
            "research_to_sale_ratio": null,
            "price_fair": 17.85,
            "eps_avg_yearly": 0.51,
            "eps_latest_yearly": 0.92,
            "eps_growth_yearly": 879.92
        },
        "20211": {
            "year_quarter": 20211,
            "year": 2021,
            "quarter": 1,
            "eps": -0.24,
            "eps_growth_year": null,
            "eps_4q": -2.41,
            "eps_4q_growth_year": -6941.01,
            "roe": -1.04,
            "gross_profit": 46189,
            "gross_margin": 58.88,
            "net_income": -185757,
            "revenue": 78442,
            "common_shares": 7609436,
            "equity": 17779469,
            "current_ratio": 86,
            "debt_ratio": 51.01,
            "inventory_turnover_ratio": 0.02,
            "account_receivable_turnover_ratio": 5.6,
            "reinvestment_rate": null,
            "research_to_sale_ratio": null,
            "price_fair": 19.6,
            "eps_avg_yearly": 0.56,
            "eps_latest_yearly": 0.92,
            "eps_growth_yearly": 1039.91
        },
        "20212": {
            "year_quarter": 20212,
            "year": 2021,
            "quarter": 2,
            "eps": -1.21,
            "eps_growth_year": null,
            "eps_4q": -2.88,
            "eps_4q_growth_year": null,
            "roe": -5.28,
            "gross_profit": 34706,
            "gross_margin": 51.45,
            "net_income": -914314,
            "revenue": 67462,
            "common_shares": 7609436,
            "equity": 16865155,
            "current_ratio": 86.48,
            "debt_ratio": 52.59,
            "inventory_turnover_ratio": 0.02,
            "account_receivable_turnover_ratio": 5.34,
            "reinvestment_rate": null,
            "research_to_sale_ratio": null,
            "price_fair": 14,
            "eps_avg_yearly": 0.4,
            "eps_latest_yearly": 0.92,
            "eps_growth_yearly": 646.57
        },
        "20213": {
            "year_quarter": 20213,
            "year": 2021,
            "quarter": 3,
            "eps": -3.16,
            "eps_growth_year": null,
            "eps_4q": -5.55,
            "eps_4q_growth_year": null,
            "roe": -15.38,
            "gross_profit": 27004,
            "gross_margin": 48.6,
            "net_income": -2408366,
            "revenue": 55568,
            "common_shares": 7609436,
            "equity": 14445786,
            "current_ratio": 73.92,
            "debt_ratio": 57.86,
            "inventory_turnover_ratio": 0.02,
            "account_receivable_turnover_ratio": 8.93,
            "reinvestment_rate": null,
            "research_to_sale_ratio": null,
            "price_fair": 14,
            "eps_avg_yearly": 0.4,
            "eps_latest_yearly": 0.92,
            "eps_growth_yearly": 646.57
        }
    },
    "months": {
        "2001-06": {
            "month": "2001-06",
            "price": "4.96",
            "revenue": 1030712
        },
        "2001-07": {
            "month": "2001-07",
            "price": "3.62",
            "revenue": 270186
        },
        "2001-08": {
            "month": "2001-08",
            "price": "3.81",
            "revenue": 155403
        },
        "2001-09": {
            "month": "2001-09",
            "price": "3.71",
            "revenue": 219038
        },
        "2001-10": {
            "month": "2001-10",
            "price": "3.57",
            "revenue": 271467
        },
        "2001-11": {
            "month": "2001-11",
            "price": "3.70",
            "revenue": 179648
        },
        "2001-12": {
            "month": "2001-12",
            "price": "3.73",
            "revenue": 485567
        },
        "2002-01": {
            "month": "2002-01",
            "price": "3.75",
            "revenue": 142119
        },
        "2002-02": {
            "month": "2002-02",
            "price": "3.89",
            "revenue": 117833
        },
        "2002-03": {
            "month": "2002-03",
            "price": "4.20",
            "revenue": 160847
        },
        "2002-04": {
            "month": "2002-04",
            "price": "6.25",
            "revenue": 138155
        },
        "2002-05": {
            "month": "2002-05",
            "price": "4.12",
            "revenue": 117086
        },
        "2002-06": {
            "month": "2002-06",
            "price": "4.00",
            "revenue": 94290
        },
        "2002-07": {
            "month": "2002-07",
            "price": "3.55",
            "revenue": 130549
        },
        "2002-08": {
            "month": "2002-08",
            "price": "3.02",
            "revenue": 113953
        },
        "2002-09": {
            "month": "2002-09",
            "price": "1.95",
            "revenue": 286446
        },
        "2002-10": {
            "month": "2002-10",
            "price": "1.61",
            "revenue": 61031
        },
        "2002-11": {
            "month": "2002-11",
            "price": "1.80",
            "revenue": 99679
        },
        "2002-12": {
            "month": "2002-12",
            "price": "2.58",
            "revenue": 851825
        },
        "2003-01": {
            "month": "2003-01",
            "price": "2.47",
            "revenue": 151481
        },
        "2003-02": {
            "month": "2003-02",
            "price": "2.14",
            "revenue": 124351
        },
        "2003-03": {
            "month": "2003-03",
            "price": "2.11",
            "revenue": 149715
        },
        "2003-04": {
            "month": "2003-04",
            "price": "1.94",
            "revenue": 186034
        },
        "2003-05": {
            "month": "2003-05",
            "price": "1.66",
            "revenue": 205503
        },
        "2003-06": {
            "month": "2003-06",
            "price": "1.70",
            "revenue": 140100
        },
        "2003-07": {
            "month": "2003-07",
            "price": "2.15",
            "revenue": 68748
        },
        "2003-08": {
            "month": "2003-08",
            "price": "2.17",
            "revenue": 72623
        },
        "2003-09": {
            "month": "2003-09",
            "price": "1.97",
            "revenue": 202455
        },
        "2003-10": {
            "month": "2003-10",
            "price": "2.02",
            "revenue": 107087
        },
        "2003-11": {
            "month": "2003-11",
            "price": "2.00",
            "revenue": 338613
        },
        "2003-12": {
            "month": "2003-12",
            "price": "2.06",
            "revenue": 1520821
        },
        "2004-01": {
            "month": "2004-01",
            "price": "3.31",
            "revenue": 51173
        },
        "2004-02": {
            "month": "2004-02",
            "price": "3.83",
            "revenue": 66659
        },
        "2004-03": {
            "month": "2004-03",
            "price": "3.86",
            "revenue": 146996
        },
        "2004-04": {
            "month": "2004-04",
            "price": "3.63",
            "revenue": 46519
        },
        "2004-05": {
            "month": "2004-05",
            "price": "2.70",
            "revenue": 84502
        },
        "2004-06": {
            "month": "2004-06",
            "price": "1.92",
            "revenue": 162111
        },
        "2004-07": {
            "month": "2004-07",
            "price": "1.65",
            "revenue": 47442
        },
        "2004-08": {
            "month": "2004-08",
            "price": "1.62",
            "revenue": 44217
        },
        "2004-09": {
            "month": "2004-09",
            "price": "2.36",
            "revenue": 101321
        },
        "2004-10": {
            "month": "2004-10",
            "price": "3.02",
            "revenue": 50625
        },
        "2004-11": {
            "month": "2004-11",
            "price": "2.59",
            "revenue": 32102
        },
        "2004-12": {
            "month": "2004-12",
            "price": "2.88",
            "revenue": 59481
        },
        "2005-01": {
            "month": "2005-01",
            "price": "3.26",
            "revenue": 32931
        },
        "2005-02": {
            "month": "2005-02",
            "price": "3.26",
            "revenue": 40277
        },
        "2005-03": {
            "month": "2005-03",
            "price": "2.79",
            "revenue": 17132
        },
        "2005-04": {
            "month": "2005-04",
            "price": "2.72",
            "revenue": 364602
        },
        "2005-05": {
            "month": "2005-05",
            "price": "2.87",
            "revenue": 46762
        },
        "2005-06": {
            "month": "2005-06",
            "price": "3.54",
            "revenue": 48382
        },
        "2005-07": {
            "month": "2005-07",
            "price": "3.68",
            "revenue": 126797
        },
        "2005-08": {
            "month": "2005-08",
            "price": "4.52",
            "revenue": 21557
        },
        "2005-09": {
            "month": "2005-09",
            "price": "4.46",
            "revenue": 57549
        },
        "2005-10": {
            "month": "2005-10",
            "price": "4.76",
            "revenue": 17615
        },
        "2005-11": {
            "month": "2005-11",
            "price": "4.60",
            "revenue": 21604
        },
        "2005-12": {
            "month": "2005-12",
            "price": "6.07",
            "revenue": 74156
        },
        "2006-01": {
            "month": "2006-01",
            "price": "8.55",
            "revenue": 19133
        },
        "2006-02": {
            "month": "2006-02",
            "price": "8.28",
            "revenue": 9829
        },
        "2006-03": {
            "month": "2006-03",
            "price": "7.94",
            "revenue": 49455
        },
        "2006-04": {
            "month": "2006-04",
            "price": "8.94",
            "revenue": 121532
        },
        "2006-05": {
            "month": "2006-05",
            "price": "14.89",
            "revenue": 10170
        },
        "2006-06": {
            "month": "2006-06",
            "price": "11.69",
            "revenue": 19114
        },
        "2006-07": {
            "month": "2006-07",
            "price": "12.53",
            "revenue": 5806
        },
        "2006-08": {
            "month": "2006-08",
            "price": "10.83",
            "revenue": 1690
        },
        "2006-09": {
            "month": "2006-09",
            "price": "10.03",
            "revenue": 35638
        },
        "2006-10": {
            "month": "2006-10",
            "price": "12.86",
            "revenue": 22513
        },
        "2006-11": {
            "month": "2006-11",
            "price": "17.37",
            "revenue": 6014
        },
        "2006-12": {
            "month": "2006-12",
            "price": "20.61",
            "revenue": 83872
        },
        "2007-01": {
            "month": "2007-01",
            "price": "17.77",
            "revenue": 81423
        },
        "2007-02": {
            "month": "2007-02",
            "price": "15.56",
            "revenue": 2426
        },
        "2007-03": {
            "month": "2007-03",
            "price": "15.61",
            "revenue": 117084
        },
        "2007-04": {
            "month": "2007-04",
            "price": "15.46",
            "revenue": 61795
        },
        "2007-05": {
            "month": "2007-05",
            "price": "16.77",
            "revenue": 68392
        },
        "2007-06": {
            "month": "2007-06",
            "price": "16.42",
            "revenue": 39046
        },
        "2007-07": {
            "month": "2007-07",
            "price": "19.31",
            "revenue": 49860
        },
        "2007-08": {
            "month": "2007-08",
            "price": "15.91",
            "revenue": 92716
        },
        "2007-09": {
            "month": "2007-09",
            "price": "15.62",
            "revenue": 84853
        },
        "2007-10": {
            "month": "2007-10",
            "price": "14.69",
            "revenue": 15487
        },
        "2007-11": {
            "month": "2007-11",
            "price": "13.80",
            "revenue": 67458
        },
        "2007-12": {
            "month": "2007-12",
            "price": "13.08",
            "revenue": 41662
        },
        "2008-01": {
            "month": "2008-01",
            "price": "15.65",
            "revenue": 44588
        },
        "2008-02": {
            "month": "2008-02",
            "price": "16.64",
            "revenue": 64572
        },
        "2008-03": {
            "month": "2008-03",
            "price": "19.70",
            "revenue": 68160
        },
        "2008-04": {
            "month": "2008-04",
            "price": "20.13",
            "revenue": 26641
        },
        "2008-05": {
            "month": "2008-05",
            "price": "20.51",
            "revenue": 20197
        },
        "2008-06": {
            "month": "2008-06",
            "price": "15.39",
            "revenue": 94122
        },
        "2008-07": {
            "month": "2008-07",
            "price": "12.22",
            "revenue": 16198
        },
        "2008-08": {
            "month": "2008-08",
            "price": "11.04",
            "revenue": 4583
        },
        "2008-09": {
            "month": "2008-09",
            "price": "9.73",
            "revenue": 16389
        },
        "2008-10": {
            "month": "2008-10",
            "price": "8.15",
            "revenue": 42558
        },
        "2008-11": {
            "month": "2008-11",
            "price": "7.77",
            "revenue": 3298
        },
        "2008-12": {
            "month": "2008-12",
            "price": "8.58",
            "revenue": 152640
        },
        "2009-01": {
            "month": "2009-01",
            "price": "8.48",
            "revenue": 2444
        },
        "2009-02": {
            "month": "2009-02",
            "price": "9.00",
            "revenue": 4763
        },
        "2009-03": {
            "month": "2009-03",
            "price": "9.73",
            "revenue": 15654
        },
        "2009-04": {
            "month": "2009-04",
            "price": "12.67",
            "revenue": 5645
        },
        "2009-05": {
            "month": "2009-05",
            "price": "15.79",
            "revenue": 1285
        },
        "2009-06": {
            "month": "2009-06",
            "price": "15.26",
            "revenue": 3528
        },
        "2009-07": {
            "month": "2009-07",
            "price": "16.29",
            "revenue": 5062
        },
        "2009-08": {
            "month": "2009-08",
            "price": "14.34",
            "revenue": 30824
        },
        "2009-09": {
            "month": "2009-09",
            "price": "13.82",
            "revenue": 49893
        },
        "2009-10": {
            "month": "2009-10",
            "price": "14.64",
            "revenue": 13202
        },
        "2009-11": {
            "month": "2009-11",
            "price": "13.97",
            "revenue": 7731
        },
        "2009-12": {
            "month": "2009-12",
            "price": "13.31",
            "revenue": 45597
        },
        "2010-01": {
            "month": "2010-01",
            "price": "13.77",
            "revenue": 45045
        },
        "2010-02": {
            "month": "2010-02",
            "price": "12.39",
            "revenue": 21305
        },
        "2010-03": {
            "month": "2010-03",
            "price": "12.74",
            "revenue": 47062
        },
        "2010-04": {
            "month": "2010-04",
            "price": "14.00",
            "revenue": 11727
        },
        "2010-05": {
            "month": "2010-05",
            "price": "13.05",
            "revenue": 46024
        },
        "2010-06": {
            "month": "2010-06",
            "price": "12.87",
            "revenue": 82513
        },
        "2010-07": {
            "month": "2010-07",
            "price": "12.77",
            "revenue": 8510
        },
        "2010-08": {
            "month": "2010-08",
            "price": "14.45",
            "revenue": 24507
        },
        "2010-09": {
            "month": "2010-09",
            "price": "14.66",
            "revenue": 6080
        },
        "2010-10": {
            "month": "2010-10",
            "price": "14.30",
            "revenue": 12544
        },
        "2010-11": {
            "month": "2010-11",
            "price": "13.77",
            "revenue": 52415
        },
        "2010-12": {
            "month": "2010-12",
            "price": "14.66",
            "revenue": 14861
        },
        "2011-01": {
            "month": "2011-01",
            "price": "16.46",
            "revenue": 4083
        },
        "2011-02": {
            "month": "2011-02",
            "price": "14.71",
            "revenue": 61654
        },
        "2011-03": {
            "month": "2011-03",
            "price": "13.80",
            "revenue": 5365
        },
        "2011-04": {
            "month": "2011-04",
            "price": "15.77",
            "revenue": 2938
        },
        "2011-05": {
            "month": "2011-05",
            "price": "14.79",
            "revenue": 50003
        },
        "2011-06": {
            "month": "2011-06",
            "price": "14.98",
            "revenue": 1218065
        },
        "2011-07": {
            "month": "2011-07",
            "price": "15.86",
            "revenue": 1693
        },
        "2011-08": {
            "month": "2011-08",
            "price": "15.59",
            "revenue": 2106
        },
        "2011-09": {
            "month": "2011-09",
            "price": "12.45",
            "revenue": 32106
        },
        "2011-10": {
            "month": "2011-10",
            "price": "12.08",
            "revenue": 12515
        },
        "2011-11": {
            "month": "2011-11",
            "price": "11.55",
            "revenue": 8557
        },
        "2011-12": {
            "month": "2011-12",
            "price": "11.35",
            "revenue": 24667
        },
        "2012-01": {
            "month": "2012-01",
            "price": "11.58",
            "revenue": 21856
        },
        "2012-02": {
            "month": "2012-02",
            "price": "12.73",
            "revenue": 9170
        },
        "2012-03": {
            "month": "2012-03",
            "price": "12.64",
            "revenue": 632956
        },
        "2012-04": {
            "month": "2012-04",
            "price": "12.08",
            "revenue": 4990
        },
        "2012-05": {
            "month": "2012-05",
            "price": "11.93",
            "revenue": 2122
        },
        "2012-06": {
            "month": "2012-06",
            "price": "11.61",
            "revenue": 2533
        },
        "2012-07": {
            "month": "2012-07",
            "price": "11.45",
            "revenue": 2381
        },
        "2012-08": {
            "month": "2012-08",
            "price": "11.97",
            "revenue": 7210
        },
        "2012-09": {
            "month": "2012-09",
            "price": "12.23",
            "revenue": 2124
        },
        "2012-10": {
            "month": "2012-10",
            "price": "11.87",
            "revenue": 40671
        },
        "2012-11": {
            "month": "2012-11",
            "price": "11.08",
            "revenue": 23743
        },
        "2012-12": {
            "month": "2012-12",
            "price": "11.24",
            "revenue": 152703
        },
        "2013-01": {
            "month": "2013-01",
            "price": "11.38",
            "revenue": 6680
        },
        "2013-02": {
            "month": "2013-02",
            "price": "11.30",
            "revenue": 10923
        },
        "2013-03": {
            "month": "2013-03",
            "price": "11.25",
            "revenue": 8487
        },
        "2013-04": {
            "month": "2013-04",
            "price": "11.54",
            "revenue": 19185
        },
        "2013-05": {
            "month": "2013-05",
            "price": "11.57",
            "revenue": 4571
        },
        "2013-06": {
            "month": "2013-06",
            "price": "11.12",
            "revenue": 381865
        },
        "2013-07": {
            "month": "2013-07",
            "price": "10.87",
            "revenue": 6446
        },
        "2013-08": {
            "month": "2013-08",
            "price": "11.10",
            "revenue": 39300
        },
        "2013-09": {
            "month": "2013-09",
            "price": "11.05",
            "revenue": 1308294
        },
        "2013-10": {
            "month": "2013-10",
            "price": "11.21",
            "revenue": 82648
        },
        "2013-11": {
            "month": "2013-11",
            "price": "11.02",
            "revenue": 10191
        },
        "2013-12": {
            "month": "2013-12",
            "price": "10.88",
            "revenue": 642896
        },
        "2014-01": {
            "month": "2014-01",
            "price": "11.01",
            "revenue": 116973
        },
        "2014-02": {
            "month": "2014-02",
            "price": "11.36",
            "revenue": 9689
        },
        "2014-03": {
            "month": "2014-03",
            "price": "11.16",
            "revenue": 37888
        },
        "2014-04": {
            "month": "2014-04",
            "price": "11.30",
            "revenue": 10211
        },
        "2014-05": {
            "month": "2014-05",
            "price": "11.17",
            "revenue": 52849
        },
        "2014-06": {
            "month": "2014-06",
            "price": "11.12",
            "revenue": 19160
        },
        "2014-07": {
            "month": "2014-07",
            "price": "11.49",
            "revenue": 24897
        },
        "2014-08": {
            "month": "2014-08",
            "price": "11.91",
            "revenue": 31355
        },
        "2014-09": {
            "month": "2014-09",
            "price": "11.60",
            "revenue": 19150
        },
        "2014-10": {
            "month": "2014-10",
            "price": "10.85",
            "revenue": 1168319
        },
        "2014-11": {
            "month": "2014-11",
            "price": "10.75",
            "revenue": 23755
        },
        "2014-12": {
            "month": "2014-12",
            "price": "11.24",
            "revenue": 273910
        },
        "2015-01": {
            "month": "2015-01",
            "price": "11.37",
            "revenue": 28522
        },
        "2015-02": {
            "month": "2015-02",
            "price": "11.42",
            "revenue": 31935
        },
        "2015-03": {
            "month": "2015-03",
            "price": "15.82",
            "revenue": 23856
        },
        "2015-04": {
            "month": "2015-04",
            "price": "15.54",
            "revenue": 24383
        },
        "2015-05": {
            "month": "2015-05",
            "price": "14.23",
            "revenue": 23087
        },
        "2015-06": {
            "month": "2015-06",
            "price": "12.27",
            "revenue": 100888
        },
        "2015-07": {
            "month": "2015-07",
            "price": "11.84",
            "revenue": 90127
        },
        "2015-08": {
            "month": "2015-08",
            "price": "10.68",
            "revenue": 22946
        },
        "2015-09": {
            "month": "2015-09",
            "price": "11.50",
            "revenue": 36812
        },
        "2015-10": {
            "month": "2015-10",
            "price": "10.82",
            "revenue": 23897
        },
        "2015-11": {
            "month": "2015-11",
            "price": "10.65",
            "revenue": 25070
        },
        "2015-12": {
            "month": "2015-12",
            "price": "10.39",
            "revenue": 157710
        },
        "2016-01": {
            "month": "2016-01",
            "price": "10.22",
            "revenue": 28026
        },
        "2016-02": {
            "month": "2016-02",
            "price": "11.26",
            "revenue": 22190
        },
        "2016-03": {
            "month": "2016-03",
            "price": "11.85",
            "revenue": 17724
        },
        "2016-04": {
            "month": "2016-04",
            "price": "11.47",
            "revenue": 21758
        },
        "2016-05": {
            "month": "2016-05",
            "price": "10.46",
            "revenue": 19602
        },
        "2016-06": {
            "month": "2016-06",
            "price": "10.59",
            "revenue": 24485
        },
        "2016-07": {
            "month": "2016-07",
            "price": "10.68",
            "revenue": 33109
        },
        "2016-08": {
            "month": "2016-08",
            "price": "10.78",
            "revenue": 23873
        },
        "2016-09": {
            "month": "2016-09",
            "price": "10.67",
            "revenue": 15882
        },
        "2016-10": {
            "month": "2016-10",
            "price": "10.03",
            "revenue": 21357
        },
        "2016-11": {
            "month": "2016-11",
            "price": "9.84",
            "revenue": 19706
        },
        "2016-12": {
            "month": "2016-12",
            "price": "9.94",
            "revenue": 40403
        },
        "2017-01": {
            "month": "2017-01",
            "price": "10.07",
            "revenue": 26028
        },
        "2017-02": {
            "month": "2017-02",
            "price": "11.14",
            "revenue": 19595
        },
        "2017-03": {
            "month": "2017-03",
            "price": "10.98",
            "revenue": 113138
        },
        "2017-04": {
            "month": "2017-04",
            "price": "11.36",
            "revenue": 21410
        },
        "2017-05": {
            "month": "2017-05",
            "price": "11.16",
            "revenue": 434781
        },
        "2017-06": {
            "month": "2017-06",
            "price": "11.13",
            "revenue": 21623
        },
        "2017-07": {
            "month": "2017-07",
            "price": "10.80",
            "revenue": 18969
        },
        "2017-08": {
            "month": "2017-08",
            "price": "10.39",
            "revenue": 30642
        },
        "2017-09": {
            "month": "2017-09",
            "price": "10.39",
            "revenue": 19467
        },
        "2017-10": {
            "month": "2017-10",
            "price": "10.22",
            "revenue": 23357
        },
        "2017-11": {
            "month": "2017-11",
            "price": "10.08",
            "revenue": 19572
        },
        "2017-12": {
            "month": "2017-12",
            "price": "10.00",
            "revenue": 22476
        },
        "2018-01": {
            "month": "2018-01",
            "price": "10.28",
            "revenue": 27837
        },
        "2018-02": {
            "month": "2018-02",
            "price": "9.81",
            "revenue": 22950
        },
        "2018-03": {
            "month": "2018-03",
            "price": "9.73",
            "revenue": 17638
        },
        "2018-04": {
            "month": "2018-04",
            "price": "9.58",
            "revenue": 18948
        },
        "2018-05": {
            "month": "2018-05",
            "price": "9.29",
            "revenue": 19148
        },
        "2018-06": {
            "month": "2018-06",
            "price": "9.22",
            "revenue": 92322
        },
        "2018-07": {
            "month": "2018-07",
            "price": "8.73",
            "revenue": 20019
        },
        "2018-08": {
            "month": "2018-08",
            "price": "8.82",
            "revenue": 35299
        },
        "2018-09": {
            "month": "2018-09",
            "price": "8.84",
            "revenue": 30974
        },
        "2018-10": {
            "month": "2018-10",
            "price": "8.30",
            "revenue": 17987
        },
        "2018-11": {
            "month": "2018-11",
            "price": "7.97",
            "revenue": 23747
        },
        "2018-12": {
            "month": "2018-12",
            "price": "8.16",
            "revenue": 40024
        },
        "2019-01": {
            "month": "2019-01",
            "price": "8.22",
            "revenue": 31372
        },
        "2019-02": {
            "month": "2019-02",
            "price": "8.48",
            "revenue": 30701
        },
        "2019-03": {
            "month": "2019-03",
            "price": "8.37",
            "revenue": 28751
        },
        "2019-04": {
            "month": "2019-04",
            "price": "8.60",
            "revenue": 27895
        },
        "2019-05": {
            "month": "2019-05",
            "price": "9.04",
            "revenue": 29792
        },
        "2019-06": {
            "month": "2019-06",
            "price": "9.84",
            "revenue": 37559
        },
        "2019-07": {
            "month": "2019-07",
            "price": "9.26",
            "revenue": 40470
        },
        "2019-08": {
            "month": "2019-08",
            "price": "8.70",
            "revenue": 39500
        },
        "2019-09": {
            "month": "2019-09",
            "price": "8.67",
            "revenue": 29207
        },
        "2019-10": {
            "month": "2019-10",
            "price": "8.71",
            "revenue": 37036
        },
        "2019-11": {
            "month": "2019-11",
            "price": "8.67",
            "revenue": 32207
        },
        "2019-12": {
            "month": "2019-12",
            "price": "8.83",
            "revenue": 31946
        },
        "2020-01": {
            "month": "2020-01",
            "price": "8.67",
            "revenue": 41222
        },
        "2020-02": {
            "month": "2020-02",
            "price": "7.54",
            "revenue": 26737
        },
        "2020-03": {
            "month": "2020-03",
            "price": "6.03",
            "revenue": 21305
        },
        "2020-04": {
            "month": "2020-04",
            "price": "6.60",
            "revenue": 19726
        },
        "2020-05": {
            "month": "2020-05",
            "price": "6.54",
            "revenue": 19046
        },
        "2020-06": {
            "month": "2020-06",
            "price": "6.90",
            "revenue": 30780
        },
        "2020-07": {
            "month": "2020-07",
            "price": "6.96",
            "revenue": 33325
        },
        "2020-08": {
            "month": "2020-08",
            "price": "7.73",
            "revenue": 34560
        },
        "2020-09": {
            "month": "2020-09",
            "price": "7.62",
            "revenue": 24537
        },
        "2020-10": {
            "month": "2020-10",
            "price": "7.61",
            "revenue": 34338
        },
        "2020-11": {
            "month": "2020-11",
            "price": "7.48",
            "revenue": 25664
        },
        "2020-12": {
            "month": "2020-12",
            "price": "7.38",
            "revenue": 27273
        },
        "2021-01": {
            "month": "2021-01",
            "price": "7.26",
            "revenue": 27856
        },
        "2021-02": {
            "month": "2021-02",
            "price": "6.97",
            "revenue": 27902
        },
        "2021-03": {
            "month": "2021-03",
            "price": "7.08",
            "revenue": 23233
        },
        "2021-04": {
            "month": "2021-04",
            "price": "6.56",
            "revenue": 30361
        },
        "2021-05": {
            "month": "2021-05",
            "price": "6.57",
            "revenue": 29661
        },
        "2021-06": {
            "month": "2021-06",
            "price": "6.68",
            "revenue": 9896
        },
        "2021-07": {
            "month": "2021-07",
            "price": "6.45",
            "revenue": 14796
        },
        "2021-08": {
            "month": "2021-08",
            "price": "5.98",
            "revenue": 25140
        },
        "2021-09": {
            "month": "2021-09",
            "price": "5.44",
            "revenue": 17729
        },
        "2021-10": {
            "month": "2021-10",
            "price": "4.19",
            "revenue": 21368
        },
        "2021-11": {
            "month": "2021-11",
            "price": "3.81",
            "revenue": 18535
        },
        "2021-12": {
            "month": "2021-12",
            "price": "4.21",
            "revenue": 22800
        },
        "2022-01": {
            "month": "2022-01",
            "price": "3.94",
            "revenue": 17897
        },
        "2022-02": {
            "month": "2022-02",
            "price": "3.49",
            "revenue": 163323
        },
        "2022-03": {
            "month": "2022-03",
            "price": "3.52",
            "revenue": 8342
        },
        "2022-04": {
            "month": "2022-04",
            "price": "2.82",
            "revenue": 4771
        }
    }
}
