{
    "summary": {
        "stock_name": "遠東銀",
        "stock_id": "2845",
        "category": "金融",
        "main_business": "收受存款,辦理放款,保證<br>簽發信用狀,辦理國內外匯兌及承兌業務<br>辦理投資及代銷公債,公司債及金融債券",
        "website_url": "http://www.feib.com.tw",
        "ceo": "周添財",
        "pe_ratio": 0,
        "report_year_from": 2001,
        "report_year_to": 2023,
        "age": 23,
        "eps_negative_percentage": 0,
        "eps_growth_avg": {
            "last_all": -2.44,
            "last_2y": -1.5,
            "last_4y": -7.07,
            "last_8y": -5.57,
            "last_12y": -2.44,
            "last_16y": null,
            "last_20y": null,
            "at_2006_last_3y": null,
            "at_2007_last_3y": null,
            "at_2008_last_3y": null,
            "at_2009_last_3y": null,
            "at_2010_last_3y": null,
            "at_2011_last_3y": null,
            "at_2012_last_3y": null,
            "at_2013_last_3y": null,
            "at_2014_last_3y": 4.59,
            "at_2015_last_3y": 4.3,
            "at_2016_last_3y": -1.77,
            "at_2017_last_3y": -8.74,
            "at_2018_last_3y": -3.69,
            "at_2019_last_3y": -3.61,
            "at_2020_last_3y": -6.38,
            "at_2021_last_3y": 0.67,
            "at_2022_last_3y": 0.41,
            "at_2023_last_3y": -9.3,
            "at_2024_last_3y": -9.3,
            "at_2006_last_all": null,
            "at_2007_last_all": null,
            "at_2008_last_all": null,
            "at_2009_last_all": null,
            "at_2010_last_all": null,
            "at_2011_last_all": null,
            "at_2012_last_all": 2.67,
            "at_2013_last_all": 6.62,
            "at_2014_last_all": 4.59,
            "at_2015_last_all": 3.98,
            "at_2016_last_all": -0.29,
            "at_2017_last_all": -2.16,
            "at_2018_last_all": 0.45,
            "at_2019_last_all": 0.6,
            "at_2020_last_all": -2.73,
            "at_2021_last_all": -1.13,
            "at_2022_last_all": 0.44,
            "at_2023_last_all": -2.44,
            "at_2024_last_all": -2.44
        },
        "latest_eps": 0,
        "latest_price": 14,
        "latest_roe": 0,
        "latest_gross_margin": null,
        "latest_equity": 57714320,
        "latest_revenue": 3396150,
        "latest_gross_profit": null,
        "latest_net_income": 1397319,
        "latest_debt_ratio": 92.78,
        "latest_current_ratio": null,
        "latest_account_receivable_turnover_ratio": null,
        "latest_inventory_turnover_ratio": null,
        "latest_reinvestment_rate": null,
        "latest_research_to_sale_ratio": null
    },
    "eps_dividends": {
        "1993": {
            "cash": 0.2,
            "stock": 0,
            "eps": 0
        },
        "1994": {
            "cash": 0.22,
            "stock": 0,
            "eps": 0
        },
        "1995": {
            "cash": 0,
            "stock": 0.25,
            "eps": 0
        },
        "1996": {
            "cash": 0,
            "stock": 0.28,
            "eps": 0
        },
        "1997": {
            "cash": 0,
            "stock": 0.33,
            "eps": 0
        },
        "1998": {
            "cash": 0,
            "stock": 0.5,
            "eps": 0
        },
        "1999": {
            "cash": 0,
            "stock": 0.55,
            "eps": 0
        },
        "2000": {
            "cash": 0,
            "stock": 0.3,
            "eps": 0
        },
        "2001": {
            "cash": 0.2,
            "stock": 0,
            "eps": 0
        },
        "2002": {
            "cash": 0.2,
            "stock": 0,
            "eps": 0
        },
        "2003": {
            "cash": 0,
            "stock": 0,
            "eps": 0
        },
        "2004": {
            "cash": 0.39,
            "stock": 0,
            "eps": 0
        },
        "2005": {
            "cash": 0.52,
            "stock": 0.63,
            "eps": 0
        },
        "2006": {
            "cash": 0.15,
            "stock": 0.46,
            "eps": 0
        },
        "2007": {
            "cash": 0,
            "stock": 0,
            "eps": 0
        },
        "2008": {
            "cash": 0,
            "stock": 0,
            "eps": 0
        },
        "2009": {
            "cash": 0,
            "stock": 0,
            "eps": 0
        },
        "2010": {
            "cash": 0.1,
            "stock": 0.35,
            "eps": 1.11
        },
        "2011": {
            "cash": 0.5,
            "stock": 1.05,
            "eps": 1.14
        },
        "2012": {
            "cash": 0,
            "stock": 0,
            "eps": 1.17
        },
        "2013": {
            "cash": 0.23,
            "stock": 0.49,
            "eps": 1.34
        },
        "2014": {
            "cash": 0.25,
            "stock": 0.45,
            "eps": 1.32
        },
        "2015": {
            "cash": 0.4,
            "stock": 0.54,
            "eps": 1.34
        },
        "2016": {
            "cash": 0.4,
            "stock": 0.2,
            "eps": 1.05
        },
        "2017": {
            "cash": 0.42,
            "stock": 0.23,
            "eps": 0.91
        },
        "2018": {
            "cash": 0.44,
            "stock": 0.27,
            "eps": 1.08
        },
        "2019": {
            "cash": 0.45,
            "stock": 0.27,
            "eps": 1.1
        },
        "2020": {
            "cash": 0.47,
            "stock": 0.28,
            "eps": 0.74
        },
        "2021": {
            "cash": 0.33,
            "stock": 0.19,
            "eps": 0.85
        },
        "2022": {
            "cash": 0.43,
            "stock": 0.16,
            "eps": 1
        },
        "2023": {
            "cash": 0.41,
            "stock": 0,
            "eps": 0.63
        },
        "2024": {
            "cash": 0.51,
            "stock": 0.51,
            "eps": 0
        }
    },
    "dividends": {
        "1993-05-21": {
            "cash": 0.2,
            "stock": 0
        },
        "1994-04-26": {
            "cash": 0.22,
            "stock": 0
        },
        "1995-05-19": {
            "cash": 0,
            "stock": 0.25
        },
        "1996-05-22": {
            "cash": 0,
            "stock": 0.28
        },
        "1997-05-21": {
            "cash": 0,
            "stock": 0.33
        },
        "1998-05-20": {
            "cash": 0,
            "stock": 0.5
        },
        "1999-05-19": {
            "cash": 0,
            "stock": 0.55
        },
        "2000-04-28": {
            "cash": 0,
            "stock": 0.3
        },
        "2001-05-11": {
            "cash": 0.2,
            "stock": 0
        },
        "2002-06-05": {
            "cash": 0.2,
            "stock": 0
        },
        "2004-03-03": {
            "cash": 0.39,
            "stock": 0
        },
        "2005-05-18": {
            "cash": 0.52,
            "stock": 0.63
        },
        "2006-03-31": {
            "cash": 0.15,
            "stock": 0.46
        },
        "2010-03-16": {
            "cash": 0.1,
            "stock": 0.35
        },
        "2011-01-01": {
            "cash": 0.25,
            "stock": 0.53
        },
        "2011-03-21": {
            "cash": 0.25,
            "stock": 0.52
        },
        "2013-03-20": {
            "cash": 0.23,
            "stock": 0.49
        },
        "2014-09-10": {
            "cash": 0.25,
            "stock": 0.45
        },
        "2015-09-25": {
            "cash": 0.4,
            "stock": 0.54
        },
        "2016-09-30": {
            "cash": 0.4,
            "stock": 0.2
        },
        "2017-09-29": {
            "cash": 0.42,
            "stock": 0.23
        },
        "2018-10-05": {
            "cash": 0.44,
            "stock": 0.27
        },
        "2019-09-27": {
            "cash": 0.45,
            "stock": 0.27
        },
        "2020-09-29": {
            "cash": 0.47,
            "stock": 0.28
        },
        "2021-10-19": {
            "cash": 0.33,
            "stock": 0.19
        },
        "2022-10-06": {
            "cash": 0.43,
            "stock": 0.16
        },
        "2023-08-04": {
            "cash": 0.41,
            "stock": 0
        },
        "2024-03-04": {
            "cash": 0.51,
            "stock": 0.51
        }
    },
    "prices": {
        "200101": "6.69",
        "200102": "7.04",
        "200103": "6.42",
        "200104": "5.96",
        "200105": "5.96",
        "200106": "5.97",
        "200107": "4.68",
        "200108": "4.81",
        "200109": "4.93",
        "200110": "5.14",
        "200111": "4.93",
        "200112": "5.85",
        "200201": "5.59",
        "200202": "5.21",
        "200203": "5.40",
        "200204": "6.70",
        "200205": "6.87",
        "200206": "6.84",
        "200207": "6.13",
        "200208": "6.18",
        "200209": "5.58",
        "200210": "5.53",
        "200211": "6.81",
        "200212": "8.40",
        "200301": "11.65",
        "200302": "11.84",
        "200303": "11.59",
        "200304": "12.60",
        "200305": "11.80",
        "200306": "13.42",
        "200307": "14.85",
        "200308": "15.55",
        "200309": "15.59",
        "200310": "16.27",
        "200311": "16.04",
        "200312": "15.96",
        "200401": "16.78",
        "200402": "18.04",
        "200403": "17.29",
        "200404": "18.55",
        "200405": "16.60",
        "200406": "16.45",
        "200407": "16.33",
        "200408": "16.02",
        "200409": "18.56",
        "200410": "19.98",
        "200411": "20.51",
        "200412": "19.82",
        "200501": "19.52",
        "200502": "19.15",
        "200503": "18.64",
        "200504": "17.77",
        "200505": "17.23",
        "200506": "17.81",
        "200507": "17.27",
        "200508": "16.90",
        "200509": "17.25",
        "200510": "16.80",
        "200511": "16.19",
        "200512": "15.82",
        "200601": "15.75",
        "200602": "15.34",
        "200603": "12.73",
        "200604": "13.55",
        "200605": "14.24",
        "200606": "13.52",
        "200607": "12.60",
        "200608": "11.12",
        "200609": "11.39",
        "200610": "15.34",
        "200611": "15.28",
        "200612": "15.06",
        "200701": "17.60",
        "200702": "18.41",
        "200703": "16.92",
        "200704": "16.74",
        "200705": "15.20",
        "200706": "14.54",
        "200707": "16.73",
        "200708": "14.35",
        "200709": "14.31",
        "200710": "14.44",
        "200711": "12.06",
        "200712": "10.64",
        "200801": "10.81",
        "200802": "9.90",
        "200803": "11.12",
        "200804": "12.70",
        "200805": "12.22",
        "200806": "10.58",
        "200807": "9.08",
        "200808": "8.40",
        "200809": "6.82",
        "200810": "5.33",
        "200811": "4.73",
        "200812": "5.53",
        "200901": "5.21",
        "200902": "4.86",
        "200903": "4.95",
        "200904": "6.32",
        "200905": "8.39",
        "200906": "8.51",
        "200907": "8.17",
        "200908": "7.61",
        "200909": "9.44",
        "200910": "11.01",
        "200911": "11.79",
        "200912": "11.27",
        "201001": "11.44",
        "201002": "9.78",
        "201003": "10.11",
        "201004": "10.49",
        "201005": "9.91",
        "201006": "9.92",
        "201007": "11.87",
        "201008": "13.76",
        "201009": "13.81",
        "201010": "13.88",
        "201011": "12.98",
        "201012": "13.77",
        "201101": "14.69",
        "201102": "14.01",
        "201103": "12.99",
        "201104": "13.55",
        "201105": "13.84",
        "201106": "13.58",
        "201107": "14.31",
        "201108": "14.37",
        "201109": "12.41",
        "201110": "11.84",
        "201111": "11.71",
        "201112": "11.24",
        "201201": "10.88",
        "201202": "12.25",
        "201203": "12.09",
        "201204": "11.64",
        "201205": "11.28",
        "201206": "10.92",
        "201207": "11.53",
        "201208": "11.83",
        "201209": "11.88",
        "201210": "11.15",
        "201211": "10.82",
        "201212": "11.45",
        "201301": "11.75",
        "201302": "12.06",
        "201303": "12.01",
        "201304": "12.03",
        "201305": "12.33",
        "201306": "12.25",
        "201307": "12.33",
        "201308": "12.29",
        "201309": "11.90",
        "201310": "12.14",
        "201311": "12.05",
        "201312": "12.18",
        "201401": "12.22",
        "201402": "11.47",
        "201403": "11.02",
        "201404": "10.86",
        "201405": "10.66",
        "201406": "10.89",
        "201407": "11.13",
        "201408": "10.63",
        "201409": "10.57",
        "201410": "10.16",
        "201411": "10.23",
        "201412": "10.31",
        "201501": "10.47",
        "201502": "10.53",
        "201503": "10.64",
        "201504": "11.09",
        "201505": "11.16",
        "201506": "10.93",
        "201507": "10.90",
        "201508": "10.58",
        "201509": "9.90",
        "201510": "10.00",
        "201511": "9.99",
        "201512": "9.74",
        "201601": "9.26",
        "201602": "9.36",
        "201603": "9.72",
        "201604": "9.46",
        "201605": "9.14",
        "201606": "9.20",
        "201607": "9.26",
        "201608": "9.49",
        "201609": "9.03",
        "201610": "8.96",
        "201611": "9.02",
        "201612": "9.10",
        "201701": "9.13",
        "201702": "9.30",
        "201703": "9.48",
        "201704": "9.46",
        "201705": "9.51",
        "201706": "9.60",
        "201707": "9.88",
        "201708": "9.89",
        "201709": "9.39",
        "201710": "9.41",
        "201711": "9.43",
        "201712": "9.52",
        "201801": "9.70",
        "201802": "9.53",
        "201803": "9.64",
        "201804": "9.88",
        "201805": "9.96",
        "201806": "10.11",
        "201807": "10.12",
        "201808": "10.69",
        "201809": "10.67",
        "201810": "10.14",
        "201811": "10.14",
        "201812": "10.08",
        "201901": "10.22",
        "201902": "10.72",
        "201903": "11.07",
        "201904": "11.24",
        "201905": "11.76",
        "201906": "12.12",
        "201907": "12.50",
        "201908": "12.25",
        "201909": "12.05",
        "201910": "11.98",
        "201911": "12.16",
        "201912": "11.99",
        "202001": "12.04",
        "202002": "11.91",
        "202003": "10.48",
        "202004": "10.22",
        "202005": "10.66",
        "202006": "11.08",
        "202007": "11.19",
        "202008": "11.24",
        "202009": "10.30",
        "202010": "10.34",
        "202011": "10.65",
        "202012": "10.67",
        "202101": "10.54",
        "202102": "10.48",
        "202103": "10.72",
        "202104": "10.85",
        "202105": "10.62",
        "202106": "10.56",
        "202107": "10.68",
        "202108": "10.75",
        "202109": "10.81",
        "202110": "10.46",
        "202111": "10.59",
        "202112": "10.61",
        "202201": "11.04",
        "202202": "11.35",
        "202203": "11.49",
        "202204": "12.34",
        "202205": "11.56",
        "202206": "11.47",
        "202207": "11.09",
        "202208": "11.74",
        "202209": "11.41",
        "202210": "10.56",
        "202211": "10.78",
        "202212": "11.07",
        "202301": "11.41",
        "202302": "11.77",
        "202303": "11.22",
        "202304": "11.18",
        "202305": "11.26",
        "202306": "11.60",
        "202307": "11.65",
        "202308": "11.59",
        "202309": "11.66",
        "202310": "11.62",
        "202311": "11.87",
        "202312": "12.51"
    },
    "quarters": {
        "20011": {
            "year_quarter": 20011,
            "year": 2001,
            "quarter": 1,
            "eps": null,
            "eps_growth_year": null,
            "eps_4q": null,
            "eps_4q_growth_year": null,
            "roe": null,
            "roe_4q": 0,
            "gross_profit": null,
            "gross_margin": null,
            "gross_margin_4q_avg": 0,
            "net_income": null,
            "net_income_4q": null,
            "revenue": null,
            "revenue_4q": null,
            "common_shares": null,
            "book_valuer_per_share": null,
            "book_valuer_per_share_4q_avg": 0,
            "equity": null,
            "current_ratio": null,
            "debt_ratio": null,
            "inventory_turnover_ratio": null,
            "account_receivable_turnover_ratio": null,
            "reinvestment_rate": null,
            "research_to_sale_ratio": null,
            "price_fair": 0,
            "eps_avg_yearly": 0,
            "eps_latest_yearly": 0,
            "eps_growth_yearly": 0
        },
        "20012": {
            "year_quarter": 20012,
            "year": 2001,
            "quarter": 2,
            "eps": null,
            "eps_growth_year": null,
            "eps_4q": null,
            "eps_4q_growth_year": null,
            "roe": null,
            "roe_4q": 0,
            "gross_profit": null,
            "gross_margin": null,
            "gross_margin_4q_avg": 0,
            "net_income": null,
            "net_income_4q": null,
            "revenue": null,
            "revenue_4q": null,
            "common_shares": null,
            "book_valuer_per_share": null,
            "book_valuer_per_share_4q_avg": 0,
            "equity": null,
            "current_ratio": null,
            "debt_ratio": null,
            "inventory_turnover_ratio": null,
            "account_receivable_turnover_ratio": null,
            "reinvestment_rate": null,
            "research_to_sale_ratio": null,
            "price_fair": 0,
            "eps_avg_yearly": 0,
            "eps_latest_yearly": 0,
            "eps_growth_yearly": 0
        },
        "20013": {
            "year_quarter": 20013,
            "year": 2001,
            "quarter": 3,
            "eps": null,
            "eps_growth_year": null,
            "eps_4q": null,
            "eps_4q_growth_year": null,
            "roe": null,
            "roe_4q": 0,
            "gross_profit": null,
            "gross_margin": null,
            "gross_margin_4q_avg": 0,
            "net_income": null,
            "net_income_4q": null,
            "revenue": null,
            "revenue_4q": null,
            "common_shares": null,
            "book_valuer_per_share": null,
            "book_valuer_per_share_4q_avg": 0,
            "equity": null,
            "current_ratio": null,
            "debt_ratio": null,
            "inventory_turnover_ratio": null,
            "account_receivable_turnover_ratio": null,
            "reinvestment_rate": null,
            "research_to_sale_ratio": null,
            "price_fair": 0,
            "eps_avg_yearly": 0,
            "eps_latest_yearly": 0,
            "eps_growth_yearly": 0
        },
        "20014": {
            "year_quarter": 20014,
            "year": 2001,
            "quarter": 4,
            "eps": null,
            "eps_growth_year": null,
            "eps_4q": null,
            "eps_4q_growth_year": null,
            "roe": null,
            "roe_4q": 0,
            "gross_profit": null,
            "gross_margin": null,
            "gross_margin_4q_avg": 0,
            "net_income": null,
            "net_income_4q": null,
            "revenue": null,
            "revenue_4q": null,
            "common_shares": null,
            "book_valuer_per_share": null,
            "book_valuer_per_share_4q_avg": 0,
            "equity": null,
            "current_ratio": null,
            "debt_ratio": null,
            "inventory_turnover_ratio": null,
            "account_receivable_turnover_ratio": null,
            "reinvestment_rate": null,
            "research_to_sale_ratio": null,
            "price_fair": 0,
            "eps_avg_yearly": 0,
            "eps_latest_yearly": 0,
            "eps_growth_yearly": 0
        },
        "20021": {
            "year_quarter": 20021,
            "year": 2002,
            "quarter": 1,
            "eps": null,
            "eps_growth_year": null,
            "eps_4q": null,
            "eps_4q_growth_year": null,
            "roe": null,
            "roe_4q": 0,
            "gross_profit": null,
            "gross_margin": null,
            "gross_margin_4q_avg": 0,
            "net_income": null,
            "net_income_4q": null,
            "revenue": null,
            "revenue_4q": null,
            "common_shares": null,
            "book_valuer_per_share": null,
            "book_valuer_per_share_4q_avg": 0,
            "equity": null,
            "current_ratio": null,
            "debt_ratio": null,
            "inventory_turnover_ratio": null,
            "account_receivable_turnover_ratio": null,
            "reinvestment_rate": null,
            "research_to_sale_ratio": null,
            "price_fair": 0,
            "eps_avg_yearly": 0,
            "eps_latest_yearly": 0,
            "eps_growth_yearly": 0
        },
        "20022": {
            "year_quarter": 20022,
            "year": 2002,
            "quarter": 2,
            "eps": null,
            "eps_growth_year": null,
            "eps_4q": null,
            "eps_4q_growth_year": null,
            "roe": null,
            "roe_4q": 0,
            "gross_profit": null,
            "gross_margin": null,
            "gross_margin_4q_avg": 0,
            "net_income": null,
            "net_income_4q": null,
            "revenue": null,
            "revenue_4q": null,
            "common_shares": null,
            "book_valuer_per_share": null,
            "book_valuer_per_share_4q_avg": 0,
            "equity": null,
            "current_ratio": null,
            "debt_ratio": null,
            "inventory_turnover_ratio": null,
            "account_receivable_turnover_ratio": null,
            "reinvestment_rate": null,
            "research_to_sale_ratio": null,
            "price_fair": 0,
            "eps_avg_yearly": 0,
            "eps_latest_yearly": 0,
            "eps_growth_yearly": 0
        },
        "20023": {
            "year_quarter": 20023,
            "year": 2002,
            "quarter": 3,
            "eps": null,
            "eps_growth_year": null,
            "eps_4q": null,
            "eps_4q_growth_year": null,
            "roe": null,
            "roe_4q": 0,
            "gross_profit": null,
            "gross_margin": null,
            "gross_margin_4q_avg": 0,
            "net_income": null,
            "net_income_4q": null,
            "revenue": null,
            "revenue_4q": null,
            "common_shares": null,
            "book_valuer_per_share": null,
            "book_valuer_per_share_4q_avg": 0,
            "equity": null,
            "current_ratio": null,
            "debt_ratio": null,
            "inventory_turnover_ratio": null,
            "account_receivable_turnover_ratio": null,
            "reinvestment_rate": null,
            "research_to_sale_ratio": null,
            "price_fair": 0,
            "eps_avg_yearly": 0,
            "eps_latest_yearly": 0,
            "eps_growth_yearly": 0
        },
        "20024": {
            "year_quarter": 20024,
            "year": 2002,
            "quarter": 4,
            "eps": null,
            "eps_growth_year": null,
            "eps_4q": null,
            "eps_4q_growth_year": null,
            "roe": null,
            "roe_4q": 0,
            "gross_profit": null,
            "gross_margin": null,
            "gross_margin_4q_avg": 0,
            "net_income": null,
            "net_income_4q": null,
            "revenue": null,
            "revenue_4q": null,
            "common_shares": null,
            "book_valuer_per_share": null,
            "book_valuer_per_share_4q_avg": 0,
            "equity": null,
            "current_ratio": null,
            "debt_ratio": null,
            "inventory_turnover_ratio": null,
            "account_receivable_turnover_ratio": null,
            "reinvestment_rate": null,
            "research_to_sale_ratio": null,
            "price_fair": 0,
            "eps_avg_yearly": 0,
            "eps_latest_yearly": 0,
            "eps_growth_yearly": 0
        },
        "20031": {
            "year_quarter": 20031,
            "year": 2003,
            "quarter": 1,
            "eps": null,
            "eps_growth_year": null,
            "eps_4q": null,
            "eps_4q_growth_year": null,
            "roe": null,
            "roe_4q": 0,
            "gross_profit": null,
            "gross_margin": null,
            "gross_margin_4q_avg": 0,
            "net_income": null,
            "net_income_4q": null,
            "revenue": null,
            "revenue_4q": null,
            "common_shares": null,
            "book_valuer_per_share": null,
            "book_valuer_per_share_4q_avg": 0,
            "equity": null,
            "current_ratio": null,
            "debt_ratio": null,
            "inventory_turnover_ratio": null,
            "account_receivable_turnover_ratio": null,
            "reinvestment_rate": null,
            "research_to_sale_ratio": null,
            "price_fair": 0,
            "eps_avg_yearly": 0,
            "eps_latest_yearly": 0,
            "eps_growth_yearly": 0
        },
        "20032": {
            "year_quarter": 20032,
            "year": 2003,
            "quarter": 2,
            "eps": null,
            "eps_growth_year": null,
            "eps_4q": null,
            "eps_4q_growth_year": null,
            "roe": null,
            "roe_4q": 0,
            "gross_profit": null,
            "gross_margin": null,
            "gross_margin_4q_avg": 0,
            "net_income": null,
            "net_income_4q": null,
            "revenue": null,
            "revenue_4q": null,
            "common_shares": null,
            "book_valuer_per_share": null,
            "book_valuer_per_share_4q_avg": 0,
            "equity": null,
            "current_ratio": null,
            "debt_ratio": null,
            "inventory_turnover_ratio": null,
            "account_receivable_turnover_ratio": null,
            "reinvestment_rate": null,
            "research_to_sale_ratio": null,
            "price_fair": 0,
            "eps_avg_yearly": 0,
            "eps_latest_yearly": 0,
            "eps_growth_yearly": 0
        },
        "20033": {
            "year_quarter": 20033,
            "year": 2003,
            "quarter": 3,
            "eps": null,
            "eps_growth_year": null,
            "eps_4q": null,
            "eps_4q_growth_year": null,
            "roe": null,
            "roe_4q": 0,
            "gross_profit": null,
            "gross_margin": null,
            "gross_margin_4q_avg": 0,
            "net_income": null,
            "net_income_4q": null,
            "revenue": null,
            "revenue_4q": null,
            "common_shares": null,
            "book_valuer_per_share": null,
            "book_valuer_per_share_4q_avg": 0,
            "equity": null,
            "current_ratio": null,
            "debt_ratio": null,
            "inventory_turnover_ratio": null,
            "account_receivable_turnover_ratio": null,
            "reinvestment_rate": null,
            "research_to_sale_ratio": null,
            "price_fair": 0,
            "eps_avg_yearly": 0,
            "eps_latest_yearly": 0,
            "eps_growth_yearly": 0
        },
        "20034": {
            "year_quarter": 20034,
            "year": 2003,
            "quarter": 4,
            "eps": null,
            "eps_growth_year": null,
            "eps_4q": null,
            "eps_4q_growth_year": null,
            "roe": null,
            "roe_4q": 0,
            "gross_profit": null,
            "gross_margin": null,
            "gross_margin_4q_avg": 0,
            "net_income": null,
            "net_income_4q": null,
            "revenue": null,
            "revenue_4q": null,
            "common_shares": null,
            "book_valuer_per_share": null,
            "book_valuer_per_share_4q_avg": 0,
            "equity": null,
            "current_ratio": null,
            "debt_ratio": null,
            "inventory_turnover_ratio": null,
            "account_receivable_turnover_ratio": null,
            "reinvestment_rate": null,
            "research_to_sale_ratio": null,
            "price_fair": 0,
            "eps_avg_yearly": 0,
            "eps_latest_yearly": 0,
            "eps_growth_yearly": 0
        },
        "20041": {
            "year_quarter": 20041,
            "year": 2004,
            "quarter": 1,
            "eps": null,
            "eps_growth_year": null,
            "eps_4q": null,
            "eps_4q_growth_year": null,
            "roe": null,
            "roe_4q": 0,
            "gross_profit": null,
            "gross_margin": null,
            "gross_margin_4q_avg": 0,
            "net_income": null,
            "net_income_4q": null,
            "revenue": null,
            "revenue_4q": null,
            "common_shares": null,
            "book_valuer_per_share": null,
            "book_valuer_per_share_4q_avg": 0,
            "equity": null,
            "current_ratio": null,
            "debt_ratio": null,
            "inventory_turnover_ratio": null,
            "account_receivable_turnover_ratio": null,
            "reinvestment_rate": null,
            "research_to_sale_ratio": null,
            "price_fair": 0,
            "eps_avg_yearly": 0,
            "eps_latest_yearly": 0,
            "eps_growth_yearly": 0
        },
        "20042": {
            "year_quarter": 20042,
            "year": 2004,
            "quarter": 2,
            "eps": null,
            "eps_growth_year": null,
            "eps_4q": null,
            "eps_4q_growth_year": null,
            "roe": null,
            "roe_4q": 0,
            "gross_profit": null,
            "gross_margin": null,
            "gross_margin_4q_avg": 0,
            "net_income": null,
            "net_income_4q": null,
            "revenue": null,
            "revenue_4q": null,
            "common_shares": null,
            "book_valuer_per_share": null,
            "book_valuer_per_share_4q_avg": 0,
            "equity": null,
            "current_ratio": null,
            "debt_ratio": null,
            "inventory_turnover_ratio": null,
            "account_receivable_turnover_ratio": null,
            "reinvestment_rate": null,
            "research_to_sale_ratio": null,
            "price_fair": 0,
            "eps_avg_yearly": 0,
            "eps_latest_yearly": 0,
            "eps_growth_yearly": 0
        },
        "20043": {
            "year_quarter": 20043,
            "year": 2004,
            "quarter": 3,
            "eps": null,
            "eps_growth_year": null,
            "eps_4q": null,
            "eps_4q_growth_year": null,
            "roe": null,
            "roe_4q": 0,
            "gross_profit": null,
            "gross_margin": null,
            "gross_margin_4q_avg": 0,
            "net_income": null,
            "net_income_4q": null,
            "revenue": null,
            "revenue_4q": null,
            "common_shares": null,
            "book_valuer_per_share": null,
            "book_valuer_per_share_4q_avg": 0,
            "equity": null,
            "current_ratio": null,
            "debt_ratio": null,
            "inventory_turnover_ratio": null,
            "account_receivable_turnover_ratio": null,
            "reinvestment_rate": null,
            "research_to_sale_ratio": null,
            "price_fair": 0,
            "eps_avg_yearly": 0,
            "eps_latest_yearly": 0,
            "eps_growth_yearly": 0
        },
        "20044": {
            "year_quarter": 20044,
            "year": 2004,
            "quarter": 4,
            "eps": null,
            "eps_growth_year": null,
            "eps_4q": null,
            "eps_4q_growth_year": null,
            "roe": null,
            "roe_4q": 0,
            "gross_profit": null,
            "gross_margin": null,
            "gross_margin_4q_avg": 0,
            "net_income": null,
            "net_income_4q": null,
            "revenue": null,
            "revenue_4q": null,
            "common_shares": null,
            "book_valuer_per_share": null,
            "book_valuer_per_share_4q_avg": 0,
            "equity": null,
            "current_ratio": null,
            "debt_ratio": null,
            "inventory_turnover_ratio": null,
            "account_receivable_turnover_ratio": null,
            "reinvestment_rate": null,
            "research_to_sale_ratio": null,
            "price_fair": 0,
            "eps_avg_yearly": 0,
            "eps_latest_yearly": 0,
            "eps_growth_yearly": 0
        },
        "20051": {
            "year_quarter": 20051,
            "year": 2005,
            "quarter": 1,
            "eps": null,
            "eps_growth_year": null,
            "eps_4q": null,
            "eps_4q_growth_year": null,
            "roe": null,
            "roe_4q": 0,
            "gross_profit": null,
            "gross_margin": null,
            "gross_margin_4q_avg": 0,
            "net_income": null,
            "net_income_4q": null,
            "revenue": null,
            "revenue_4q": null,
            "common_shares": null,
            "book_valuer_per_share": null,
            "book_valuer_per_share_4q_avg": 0,
            "equity": null,
            "current_ratio": null,
            "debt_ratio": null,
            "inventory_turnover_ratio": null,
            "account_receivable_turnover_ratio": null,
            "reinvestment_rate": null,
            "research_to_sale_ratio": null,
            "price_fair": 0,
            "eps_avg_yearly": 0,
            "eps_latest_yearly": 0,
            "eps_growth_yearly": 0
        },
        "20052": {
            "year_quarter": 20052,
            "year": 2005,
            "quarter": 2,
            "eps": null,
            "eps_growth_year": null,
            "eps_4q": null,
            "eps_4q_growth_year": null,
            "roe": null,
            "roe_4q": 0,
            "gross_profit": null,
            "gross_margin": null,
            "gross_margin_4q_avg": 0,
            "net_income": null,
            "net_income_4q": null,
            "revenue": null,
            "revenue_4q": null,
            "common_shares": null,
            "book_valuer_per_share": null,
            "book_valuer_per_share_4q_avg": 0,
            "equity": null,
            "current_ratio": null,
            "debt_ratio": null,
            "inventory_turnover_ratio": null,
            "account_receivable_turnover_ratio": null,
            "reinvestment_rate": null,
            "research_to_sale_ratio": null,
            "price_fair": 0,
            "eps_avg_yearly": 0,
            "eps_latest_yearly": 0,
            "eps_growth_yearly": 0
        },
        "20053": {
            "year_quarter": 20053,
            "year": 2005,
            "quarter": 3,
            "eps": null,
            "eps_growth_year": null,
            "eps_4q": null,
            "eps_4q_growth_year": null,
            "roe": null,
            "roe_4q": 0,
            "gross_profit": null,
            "gross_margin": null,
            "gross_margin_4q_avg": 0,
            "net_income": null,
            "net_income_4q": null,
            "revenue": null,
            "revenue_4q": null,
            "common_shares": null,
            "book_valuer_per_share": null,
            "book_valuer_per_share_4q_avg": 0,
            "equity": null,
            "current_ratio": null,
            "debt_ratio": null,
            "inventory_turnover_ratio": null,
            "account_receivable_turnover_ratio": null,
            "reinvestment_rate": null,
            "research_to_sale_ratio": null,
            "price_fair": 0,
            "eps_avg_yearly": 0,
            "eps_latest_yearly": 0,
            "eps_growth_yearly": 0
        },
        "20054": {
            "year_quarter": 20054,
            "year": 2005,
            "quarter": 4,
            "eps": null,
            "eps_growth_year": null,
            "eps_4q": null,
            "eps_4q_growth_year": null,
            "roe": null,
            "roe_4q": 0,
            "gross_profit": null,
            "gross_margin": null,
            "gross_margin_4q_avg": 0,
            "net_income": null,
            "net_income_4q": null,
            "revenue": null,
            "revenue_4q": null,
            "common_shares": null,
            "book_valuer_per_share": null,
            "book_valuer_per_share_4q_avg": 0,
            "equity": null,
            "current_ratio": null,
            "debt_ratio": null,
            "inventory_turnover_ratio": null,
            "account_receivable_turnover_ratio": null,
            "reinvestment_rate": null,
            "research_to_sale_ratio": null,
            "price_fair": 0,
            "eps_avg_yearly": 0,
            "eps_latest_yearly": 0,
            "eps_growth_yearly": 0
        },
        "20061": {
            "year_quarter": 20061,
            "year": 2006,
            "quarter": 1,
            "eps": null,
            "eps_growth_year": null,
            "eps_4q": null,
            "eps_4q_growth_year": null,
            "roe": null,
            "roe_4q": 0,
            "gross_profit": null,
            "gross_margin": null,
            "gross_margin_4q_avg": 0,
            "net_income": null,
            "net_income_4q": null,
            "revenue": null,
            "revenue_4q": null,
            "common_shares": null,
            "book_valuer_per_share": null,
            "book_valuer_per_share_4q_avg": 0,
            "equity": null,
            "current_ratio": null,
            "debt_ratio": null,
            "inventory_turnover_ratio": null,
            "account_receivable_turnover_ratio": null,
            "reinvestment_rate": null,
            "research_to_sale_ratio": null,
            "price_fair": 0,
            "eps_avg_yearly": 0,
            "eps_latest_yearly": 0,
            "eps_growth_yearly": 0
        },
        "20062": {
            "year_quarter": 20062,
            "year": 2006,
            "quarter": 2,
            "eps": null,
            "eps_growth_year": null,
            "eps_4q": null,
            "eps_4q_growth_year": null,
            "roe": null,
            "roe_4q": 0,
            "gross_profit": null,
            "gross_margin": null,
            "gross_margin_4q_avg": 0,
            "net_income": null,
            "net_income_4q": null,
            "revenue": null,
            "revenue_4q": null,
            "common_shares": null,
            "book_valuer_per_share": null,
            "book_valuer_per_share_4q_avg": 0,
            "equity": null,
            "current_ratio": null,
            "debt_ratio": null,
            "inventory_turnover_ratio": null,
            "account_receivable_turnover_ratio": null,
            "reinvestment_rate": null,
            "research_to_sale_ratio": null,
            "price_fair": 0,
            "eps_avg_yearly": 0,
            "eps_latest_yearly": 0,
            "eps_growth_yearly": 0
        },
        "20063": {
            "year_quarter": 20063,
            "year": 2006,
            "quarter": 3,
            "eps": null,
            "eps_growth_year": null,
            "eps_4q": null,
            "eps_4q_growth_year": null,
            "roe": null,
            "roe_4q": 0,
            "gross_profit": null,
            "gross_margin": null,
            "gross_margin_4q_avg": 0,
            "net_income": null,
            "net_income_4q": null,
            "revenue": null,
            "revenue_4q": null,
            "common_shares": null,
            "book_valuer_per_share": null,
            "book_valuer_per_share_4q_avg": 0,
            "equity": null,
            "current_ratio": null,
            "debt_ratio": null,
            "inventory_turnover_ratio": null,
            "account_receivable_turnover_ratio": null,
            "reinvestment_rate": null,
            "research_to_sale_ratio": null,
            "price_fair": 0,
            "eps_avg_yearly": 0,
            "eps_latest_yearly": 0,
            "eps_growth_yearly": 0
        },
        "20064": {
            "year_quarter": 20064,
            "year": 2006,
            "quarter": 4,
            "eps": null,
            "eps_growth_year": null,
            "eps_4q": null,
            "eps_4q_growth_year": null,
            "roe": null,
            "roe_4q": 0,
            "gross_profit": null,
            "gross_margin": null,
            "gross_margin_4q_avg": 0,
            "net_income": null,
            "net_income_4q": null,
            "revenue": null,
            "revenue_4q": null,
            "common_shares": null,
            "book_valuer_per_share": null,
            "book_valuer_per_share_4q_avg": 0,
            "equity": null,
            "current_ratio": null,
            "debt_ratio": null,
            "inventory_turnover_ratio": null,
            "account_receivable_turnover_ratio": null,
            "reinvestment_rate": null,
            "research_to_sale_ratio": null,
            "price_fair": 0,
            "eps_avg_yearly": 0,
            "eps_latest_yearly": 0,
            "eps_growth_yearly": 0
        },
        "20071": {
            "year_quarter": 20071,
            "year": 2007,
            "quarter": 1,
            "eps": null,
            "eps_growth_year": null,
            "eps_4q": null,
            "eps_4q_growth_year": null,
            "roe": null,
            "roe_4q": 0,
            "gross_profit": null,
            "gross_margin": null,
            "gross_margin_4q_avg": 0,
            "net_income": null,
            "net_income_4q": null,
            "revenue": null,
            "revenue_4q": null,
            "common_shares": null,
            "book_valuer_per_share": null,
            "book_valuer_per_share_4q_avg": 0,
            "equity": null,
            "current_ratio": null,
            "debt_ratio": null,
            "inventory_turnover_ratio": null,
            "account_receivable_turnover_ratio": null,
            "reinvestment_rate": null,
            "research_to_sale_ratio": null,
            "price_fair": 0,
            "eps_avg_yearly": 0,
            "eps_latest_yearly": 0,
            "eps_growth_yearly": 0
        },
        "20072": {
            "year_quarter": 20072,
            "year": 2007,
            "quarter": 2,
            "eps": null,
            "eps_growth_year": null,
            "eps_4q": null,
            "eps_4q_growth_year": null,
            "roe": null,
            "roe_4q": 0,
            "gross_profit": null,
            "gross_margin": null,
            "gross_margin_4q_avg": 0,
            "net_income": null,
            "net_income_4q": null,
            "revenue": null,
            "revenue_4q": null,
            "common_shares": null,
            "book_valuer_per_share": null,
            "book_valuer_per_share_4q_avg": 0,
            "equity": null,
            "current_ratio": null,
            "debt_ratio": null,
            "inventory_turnover_ratio": null,
            "account_receivable_turnover_ratio": null,
            "reinvestment_rate": null,
            "research_to_sale_ratio": null,
            "price_fair": 0,
            "eps_avg_yearly": 0,
            "eps_latest_yearly": 0,
            "eps_growth_yearly": 0
        },
        "20073": {
            "year_quarter": 20073,
            "year": 2007,
            "quarter": 3,
            "eps": null,
            "eps_growth_year": null,
            "eps_4q": null,
            "eps_4q_growth_year": null,
            "roe": null,
            "roe_4q": 0,
            "gross_profit": null,
            "gross_margin": null,
            "gross_margin_4q_avg": 0,
            "net_income": null,
            "net_income_4q": null,
            "revenue": null,
            "revenue_4q": null,
            "common_shares": null,
            "book_valuer_per_share": null,
            "book_valuer_per_share_4q_avg": 0,
            "equity": null,
            "current_ratio": null,
            "debt_ratio": null,
            "inventory_turnover_ratio": null,
            "account_receivable_turnover_ratio": null,
            "reinvestment_rate": null,
            "research_to_sale_ratio": null,
            "price_fair": 0,
            "eps_avg_yearly": 0,
            "eps_latest_yearly": 0,
            "eps_growth_yearly": 0
        },
        "20074": {
            "year_quarter": 20074,
            "year": 2007,
            "quarter": 4,
            "eps": null,
            "eps_growth_year": null,
            "eps_4q": null,
            "eps_4q_growth_year": null,
            "roe": null,
            "roe_4q": 0,
            "gross_profit": null,
            "gross_margin": null,
            "gross_margin_4q_avg": 0,
            "net_income": null,
            "net_income_4q": null,
            "revenue": null,
            "revenue_4q": null,
            "common_shares": null,
            "book_valuer_per_share": null,
            "book_valuer_per_share_4q_avg": 0,
            "equity": null,
            "current_ratio": null,
            "debt_ratio": null,
            "inventory_turnover_ratio": null,
            "account_receivable_turnover_ratio": null,
            "reinvestment_rate": null,
            "research_to_sale_ratio": null,
            "price_fair": 0,
            "eps_avg_yearly": 0,
            "eps_latest_yearly": 0,
            "eps_growth_yearly": 0
        },
        "20081": {
            "year_quarter": 20081,
            "year": 2008,
            "quarter": 1,
            "eps": null,
            "eps_growth_year": null,
            "eps_4q": null,
            "eps_4q_growth_year": null,
            "roe": null,
            "roe_4q": 0,
            "gross_profit": null,
            "gross_margin": null,
            "gross_margin_4q_avg": 0,
            "net_income": null,
            "net_income_4q": null,
            "revenue": null,
            "revenue_4q": null,
            "common_shares": null,
            "book_valuer_per_share": null,
            "book_valuer_per_share_4q_avg": 0,
            "equity": null,
            "current_ratio": null,
            "debt_ratio": null,
            "inventory_turnover_ratio": null,
            "account_receivable_turnover_ratio": null,
            "reinvestment_rate": null,
            "research_to_sale_ratio": null,
            "price_fair": 0,
            "eps_avg_yearly": 0,
            "eps_latest_yearly": 0,
            "eps_growth_yearly": 0
        },
        "20082": {
            "year_quarter": 20082,
            "year": 2008,
            "quarter": 2,
            "eps": null,
            "eps_growth_year": null,
            "eps_4q": null,
            "eps_4q_growth_year": null,
            "roe": null,
            "roe_4q": 0,
            "gross_profit": null,
            "gross_margin": null,
            "gross_margin_4q_avg": 0,
            "net_income": null,
            "net_income_4q": null,
            "revenue": null,
            "revenue_4q": null,
            "common_shares": null,
            "book_valuer_per_share": null,
            "book_valuer_per_share_4q_avg": 0,
            "equity": null,
            "current_ratio": null,
            "debt_ratio": null,
            "inventory_turnover_ratio": null,
            "account_receivable_turnover_ratio": null,
            "reinvestment_rate": null,
            "research_to_sale_ratio": null,
            "price_fair": 0,
            "eps_avg_yearly": 0,
            "eps_latest_yearly": 0,
            "eps_growth_yearly": 0
        },
        "20083": {
            "year_quarter": 20083,
            "year": 2008,
            "quarter": 3,
            "eps": null,
            "eps_growth_year": null,
            "eps_4q": null,
            "eps_4q_growth_year": null,
            "roe": null,
            "roe_4q": 0,
            "gross_profit": null,
            "gross_margin": null,
            "gross_margin_4q_avg": 0,
            "net_income": null,
            "net_income_4q": null,
            "revenue": null,
            "revenue_4q": null,
            "common_shares": null,
            "book_valuer_per_share": null,
            "book_valuer_per_share_4q_avg": 0,
            "equity": null,
            "current_ratio": null,
            "debt_ratio": null,
            "inventory_turnover_ratio": null,
            "account_receivable_turnover_ratio": null,
            "reinvestment_rate": null,
            "research_to_sale_ratio": null,
            "price_fair": 0,
            "eps_avg_yearly": 0,
            "eps_latest_yearly": 0,
            "eps_growth_yearly": 0
        },
        "20084": {
            "year_quarter": 20084,
            "year": 2008,
            "quarter": 4,
            "eps": null,
            "eps_growth_year": null,
            "eps_4q": null,
            "eps_4q_growth_year": null,
            "roe": null,
            "roe_4q": 0,
            "gross_profit": null,
            "gross_margin": null,
            "gross_margin_4q_avg": 0,
            "net_income": null,
            "net_income_4q": null,
            "revenue": null,
            "revenue_4q": null,
            "common_shares": 23413183,
            "book_valuer_per_share": null,
            "book_valuer_per_share_4q_avg": 0,
            "equity": 19411646,
            "current_ratio": null,
            "debt_ratio": null,
            "inventory_turnover_ratio": null,
            "account_receivable_turnover_ratio": null,
            "reinvestment_rate": null,
            "research_to_sale_ratio": null,
            "price_fair": 0,
            "eps_avg_yearly": 0,
            "eps_latest_yearly": 0,
            "eps_growth_yearly": 0
        },
        "20091": {
            "year_quarter": 20091,
            "year": 2009,
            "quarter": 1,
            "eps": null,
            "eps_growth_year": null,
            "eps_4q": null,
            "eps_4q_growth_year": null,
            "roe": null,
            "roe_4q": 0,
            "gross_profit": null,
            "gross_margin": null,
            "gross_margin_4q_avg": 0,
            "net_income": 211054,
            "net_income_4q": null,
            "revenue": 1409724,
            "revenue_4q": null,
            "common_shares": 23413183,
            "book_valuer_per_share": null,
            "book_valuer_per_share_4q_avg": 0,
            "equity": 19610771,
            "current_ratio": null,
            "debt_ratio": null,
            "inventory_turnover_ratio": null,
            "account_receivable_turnover_ratio": null,
            "reinvestment_rate": null,
            "research_to_sale_ratio": null,
            "price_fair": 0,
            "eps_avg_yearly": 0,
            "eps_latest_yearly": 0,
            "eps_growth_yearly": 0
        },
        "20092": {
            "year_quarter": 20092,
            "year": 2009,
            "quarter": 2,
            "eps": null,
            "eps_growth_year": null,
            "eps_4q": null,
            "eps_4q_growth_year": null,
            "roe": null,
            "roe_4q": 0,
            "gross_profit": null,
            "gross_margin": null,
            "gross_margin_4q_avg": 0,
            "net_income": 137404,
            "net_income_4q": null,
            "revenue": 1371713,
            "revenue_4q": null,
            "common_shares": 19337974,
            "book_valuer_per_share": null,
            "book_valuer_per_share_4q_avg": 0,
            "equity": 19834583,
            "current_ratio": null,
            "debt_ratio": null,
            "inventory_turnover_ratio": null,
            "account_receivable_turnover_ratio": null,
            "reinvestment_rate": null,
            "research_to_sale_ratio": null,
            "price_fair": 0,
            "eps_avg_yearly": 0,
            "eps_latest_yearly": 0,
            "eps_growth_yearly": 0
        },
        "20093": {
            "year_quarter": 20093,
            "year": 2009,
            "quarter": 3,
            "eps": null,
            "eps_growth_year": null,
            "eps_4q": null,
            "eps_4q_growth_year": null,
            "roe": null,
            "roe_4q": 0,
            "gross_profit": null,
            "gross_margin": null,
            "gross_margin_4q_avg": 0,
            "net_income": 529483,
            "net_income_4q": null,
            "revenue": 1973973,
            "revenue_4q": null,
            "common_shares": 19337974,
            "book_valuer_per_share": null,
            "book_valuer_per_share_4q_avg": 0,
            "equity": 20518335,
            "current_ratio": null,
            "debt_ratio": null,
            "inventory_turnover_ratio": null,
            "account_receivable_turnover_ratio": null,
            "reinvestment_rate": null,
            "research_to_sale_ratio": null,
            "price_fair": 0,
            "eps_avg_yearly": 0,
            "eps_latest_yearly": 0,
            "eps_growth_yearly": 0
        },
        "20094": {
            "year_quarter": 20094,
            "year": 2009,
            "quarter": 4,
            "eps": null,
            "eps_growth_year": null,
            "eps_4q": null,
            "eps_4q_growth_year": null,
            "roe": null,
            "roe_4q": 0,
            "gross_profit": null,
            "gross_margin": null,
            "gross_margin_4q_avg": 0,
            "net_income": -438058,
            "net_income_4q": null,
            "revenue": 1463509,
            "revenue_4q": null,
            "common_shares": 19337974,
            "book_valuer_per_share": 10.74,
            "book_valuer_per_share_4q_avg": 2.69,
            "equity": 20762904,
            "current_ratio": null,
            "debt_ratio": 94.49,
            "inventory_turnover_ratio": null,
            "account_receivable_turnover_ratio": null,
            "reinvestment_rate": null,
            "research_to_sale_ratio": null,
            "price_fair": 0,
            "eps_avg_yearly": 0,
            "eps_latest_yearly": 0,
            "eps_growth_yearly": 0
        },
        "20101": {
            "year_quarter": 20101,
            "year": 2010,
            "quarter": 1,
            "eps": 0.32,
            "eps_growth_year": null,
            "eps_4q": 0.32,
            "eps_4q_growth_year": null,
            "roe": 2.95,
            "roe_4q": 2.95,
            "gross_profit": null,
            "gross_margin": null,
            "gross_margin_4q_avg": 0,
            "net_income": 621685,
            "net_income_4q": null,
            "revenue": 1907606,
            "revenue_4q": null,
            "common_shares": 19337974,
            "book_valuer_per_share": 11.04,
            "book_valuer_per_share_4q_avg": 5.45,
            "equity": 21350192,
            "current_ratio": null,
            "debt_ratio": 94.09,
            "inventory_turnover_ratio": null,
            "account_receivable_turnover_ratio": null,
            "reinvestment_rate": null,
            "research_to_sale_ratio": null,
            "price_fair": 0,
            "eps_avg_yearly": 0,
            "eps_latest_yearly": 0,
            "eps_growth_yearly": 0
        },
        "20102": {
            "year_quarter": 20102,
            "year": 2010,
            "quarter": 2,
            "eps": 0.3,
            "eps_growth_year": null,
            "eps_4q": 0.61,
            "eps_4q_growth_year": null,
            "roe": 2.77,
            "roe_4q": 5.720000000000001,
            "gross_profit": null,
            "gross_margin": null,
            "gross_margin_4q_avg": 0,
            "net_income": 597523,
            "net_income_4q": null,
            "revenue": 1847218,
            "revenue_4q": null,
            "common_shares": 19337974,
            "book_valuer_per_share": 11.3,
            "book_valuer_per_share_4q_avg": 8.27,
            "equity": 21858044,
            "current_ratio": null,
            "debt_ratio": 93.88,
            "inventory_turnover_ratio": null,
            "account_receivable_turnover_ratio": null,
            "reinvestment_rate": null,
            "research_to_sale_ratio": null,
            "price_fair": 3.6,
            "eps_avg_yearly": 1.2,
            "eps_latest_yearly": 1.2,
            "eps_growth_yearly": -25
        },
        "20103": {
            "year_quarter": 20103,
            "year": 2010,
            "quarter": 3,
            "eps": 0.31,
            "eps_growth_year": null,
            "eps_4q": 0.92,
            "eps_4q_growth_year": null,
            "roe": 2.79,
            "roe_4q": 8.510000000000002,
            "gross_profit": null,
            "gross_margin": null,
            "gross_margin_4q_avg": 0,
            "net_income": 620610,
            "net_income_4q": null,
            "revenue": 1940515,
            "revenue_4q": null,
            "common_shares": 20071489,
            "book_valuer_per_share": 11.25,
            "book_valuer_per_share_4q_avg": 11.08,
            "equity": 22588842,
            "current_ratio": null,
            "debt_ratio": 94.18,
            "inventory_turnover_ratio": null,
            "account_receivable_turnover_ratio": null,
            "reinvestment_rate": null,
            "research_to_sale_ratio": null,
            "price_fair": 3.66,
            "eps_avg_yearly": 1.22,
            "eps_latest_yearly": 1.24,
            "eps_growth_yearly": -5.83
        },
        "20104": {
            "year_quarter": 20104,
            "year": 2010,
            "quarter": 4,
            "eps": 0.18,
            "eps_growth_year": null,
            "eps_4q": 1.09,
            "eps_4q_growth_year": null,
            "roe": 1.57,
            "roe_4q": 10.080000000000002,
            "gross_profit": null,
            "gross_margin": null,
            "gross_margin_4q_avg": 0,
            "net_income": 356560,
            "net_income_4q": null,
            "revenue": 1817603,
            "revenue_4q": null,
            "common_shares": 20071489,
            "book_valuer_per_share": 11.36,
            "book_valuer_per_share_4q_avg": 11.24,
            "equity": 22807111,
            "current_ratio": null,
            "debt_ratio": 94.55,
            "inventory_turnover_ratio": null,
            "account_receivable_turnover_ratio": null,
            "reinvestment_rate": null,
            "research_to_sale_ratio": null,
            "price_fair": 3.16,
            "eps_avg_yearly": 1.05,
            "eps_latest_yearly": 0.72,
            "eps_growth_yearly": -59.8
        },
        "20111": {
            "year_quarter": 20111,
            "year": 2011,
            "quarter": 1,
            "eps": 0.42,
            "eps_growth_year": 31.25,
            "eps_4q": 1.2,
            "eps_4q_growth_year": 273.58,
            "roe": 3.61,
            "roe_4q": 10.74,
            "gross_profit": null,
            "gross_margin": null,
            "gross_margin_4q_avg": 0,
            "net_income": 835864,
            "net_income_4q": null,
            "revenue": 1942677,
            "revenue_4q": null,
            "common_shares": 20071489,
            "book_valuer_per_share": 11.71,
            "book_valuer_per_share_4q_avg": 11.41,
            "equity": 23513094,
            "current_ratio": null,
            "debt_ratio": 94.31,
            "inventory_turnover_ratio": null,
            "account_receivable_turnover_ratio": null,
            "reinvestment_rate": null,
            "research_to_sale_ratio": null,
            "price_fair": 42.35,
            "eps_avg_yearly": 1.21,
            "eps_latest_yearly": 1.68,
            "eps_growth_yearly": 88.48
        },
        "20112": {
            "year_quarter": 20112,
            "year": 2011,
            "quarter": 2,
            "eps": 0.33,
            "eps_growth_year": 10.77,
            "eps_4q": 1.19,
            "eps_4q_growth_year": 95.17,
            "roe": 2.95,
            "roe_4q": 10.920000000000002,
            "gross_profit": null,
            "gross_margin": null,
            "gross_margin_4q_avg": 0,
            "net_income": 698619,
            "net_income_4q": null,
            "revenue": 1839305,
            "revenue_4q": null,
            "common_shares": 20071489,
            "book_valuer_per_share": 11.85,
            "book_valuer_per_share_4q_avg": 11.54,
            "equity": 23790313,
            "current_ratio": null,
            "debt_ratio": 94.32,
            "inventory_turnover_ratio": null,
            "account_receivable_turnover_ratio": null,
            "reinvestment_rate": null,
            "research_to_sale_ratio": null,
            "price_fair": 43.12,
            "eps_avg_yearly": 1.23,
            "eps_latest_yearly": 1.32,
            "eps_growth_yearly": 53.64
        },
        "20113": {
            "year_quarter": 20113,
            "year": 2011,
            "quarter": 3,
            "eps": 0.3,
            "eps_growth_year": -1.42,
            "eps_4q": 1.2,
            "eps_4q_growth_year": 30.63,
            "roe": 2.68,
            "roe_4q": 10.81,
            "gross_profit": null,
            "gross_margin": null,
            "gross_margin_4q_avg": 0,
            "net_income": 645744,
            "net_income_4q": null,
            "revenue": 2032510,
            "revenue_4q": null,
            "common_shares": 21185604,
            "book_valuer_per_share": 11.53,
            "book_valuer_per_share_4q_avg": 11.61,
            "equity": 24433259,
            "current_ratio": null,
            "debt_ratio": 94.24,
            "inventory_turnover_ratio": null,
            "account_receivable_turnover_ratio": null,
            "reinvestment_rate": null,
            "research_to_sale_ratio": null,
            "price_fair": 42.93,
            "eps_avg_yearly": 1.23,
            "eps_latest_yearly": 1.2,
            "eps_growth_yearly": 38.64
        },
        "20114": {
            "year_quarter": 20114,
            "year": 2011,
            "quarter": 4,
            "eps": 0.09,
            "eps_growth_year": -48.72,
            "eps_4q": 1.12,
            "eps_4q_growth_year": 2.37,
            "roe": 0.79,
            "roe_4q": 10.03,
            "gross_profit": null,
            "gross_margin": null,
            "gross_margin_4q_avg": 0,
            "net_income": 193004,
            "net_income_4q": null,
            "revenue": 2919371,
            "revenue_4q": null,
            "common_shares": 21185604,
            "book_valuer_per_share": 11.64,
            "book_valuer_per_share_4q_avg": 11.68,
            "equity": 24654378,
            "current_ratio": null,
            "debt_ratio": 94.38,
            "inventory_turnover_ratio": null,
            "account_receivable_turnover_ratio": null,
            "reinvestment_rate": null,
            "research_to_sale_ratio": null,
            "price_fair": 3.31,
            "eps_avg_yearly": 1.1,
            "eps_latest_yearly": 0.36,
            "eps_growth_yearly": -6.88
        },
        "20121": {
            "year_quarter": 20121,
            "year": 2012,
            "quarter": 1,
            "eps": 0.4,
            "eps_growth_year": -4.76,
            "eps_4q": 1.13,
            "eps_4q_growth_year": -5.88,
            "roe": 3.42,
            "roe_4q": 9.84,
            "gross_profit": null,
            "gross_margin": null,
            "gross_margin_4q_avg": 0,
            "net_income": 857367,
            "net_income_4q": null,
            "revenue": 2509360,
            "revenue_4q": null,
            "common_shares": 21185604,
            "book_valuer_per_share": 12.05,
            "book_valuer_per_share_4q_avg": 11.77,
            "equity": 25520480,
            "current_ratio": null,
            "debt_ratio": 94.26,
            "inventory_turnover_ratio": null,
            "account_receivable_turnover_ratio": null,
            "reinvestment_rate": null,
            "research_to_sale_ratio": null,
            "price_fair": 40.78,
            "eps_avg_yearly": 1.17,
            "eps_latest_yearly": 1.6,
            "eps_growth_yearly": 166.2
        },
        "20122": {
            "year_quarter": 20122,
            "year": 2012,
            "quarter": 2,
            "eps": 0.31,
            "eps_growth_year": -7.48,
            "eps_4q": 1.06,
            "eps_4q_growth_year": -10.46,
            "roe": 2.67,
            "roe_4q": 9.56,
            "gross_profit": null,
            "gross_margin": null,
            "gross_margin_4q_avg": 0,
            "net_income": 684078,
            "net_income_4q": null,
            "revenue": 2293243,
            "revenue_4q": null,
            "common_shares": 21185604,
            "book_valuer_per_share": 12.12,
            "book_valuer_per_share_4q_avg": 11.84,
            "equity": 25683046,
            "current_ratio": null,
            "debt_ratio": 94.29,
            "inventory_turnover_ratio": null,
            "account_receivable_turnover_ratio": null,
            "reinvestment_rate": null,
            "research_to_sale_ratio": null,
            "price_fair": 41.07,
            "eps_avg_yearly": 1.17,
            "eps_latest_yearly": 1.24,
            "eps_growth_yearly": 137.74
        },
        "20123": {
            "year_quarter": 20123,
            "year": 2012,
            "quarter": 3,
            "eps": 0.31,
            "eps_growth_year": 1.9,
            "eps_4q": 1.08,
            "eps_4q_growth_year": -9.46,
            "roe": 2.67,
            "roe_4q": 9.55,
            "gross_profit": null,
            "gross_margin": null,
            "gross_margin_4q_avg": 0,
            "net_income": 696427,
            "net_income_4q": null,
            "revenue": 2395208,
            "revenue_4q": null,
            "common_shares": 22422596,
            "book_valuer_per_share": 11.79,
            "book_valuer_per_share_4q_avg": 11.9,
            "equity": 26426280,
            "current_ratio": null,
            "debt_ratio": 94.21,
            "inventory_turnover_ratio": null,
            "account_receivable_turnover_ratio": null,
            "reinvestment_rate": null,
            "research_to_sale_ratio": null,
            "price_fair": 41.3,
            "eps_avg_yearly": 1.18,
            "eps_latest_yearly": 1.24,
            "eps_growth_yearly": 123.96
        },
        "20124": {
            "year_quarter": 20124,
            "year": 2012,
            "quarter": 4,
            "eps": 0.15,
            "eps_growth_year": 59.35,
            "eps_4q": 1.14,
            "eps_4q_growth_year": 2.05,
            "roe": 1.23,
            "roe_4q": 9.99,
            "gross_profit": null,
            "gross_margin": null,
            "gross_margin_4q_avg": 0,
            "net_income": 325501,
            "net_income_4q": null,
            "revenue": 2442265,
            "revenue_4q": null,
            "common_shares": 22422596,
            "book_valuer_per_share": 11.86,
            "book_valuer_per_share_4q_avg": 11.96,
            "equity": 26601345,
            "current_ratio": null,
            "debt_ratio": 94.29,
            "inventory_turnover_ratio": null,
            "account_receivable_turnover_ratio": null,
            "reinvestment_rate": 37.86,
            "research_to_sale_ratio": null,
            "price_fair": 39.45,
            "eps_avg_yearly": 1.13,
            "eps_latest_yearly": 0.6,
            "eps_growth_yearly": 93.92
        },
        "20131": {
            "year_quarter": 20131,
            "year": 2013,
            "quarter": 1,
            "eps": 0.41,
            "eps_growth_year": 2.5,
            "eps_4q": 1.17,
            "eps_4q_growth_year": 3.23,
            "roe": 3.38,
            "roe_4q": 9.95,
            "gross_profit": null,
            "gross_margin": null,
            "gross_margin_4q_avg": 0,
            "net_income": 910377,
            "net_income_4q": null,
            "revenue": 2328471,
            "revenue_4q": null,
            "common_shares": 22422596,
            "book_valuer_per_share": 12.19,
            "book_valuer_per_share_4q_avg": 11.99,
            "equity": 27341463,
            "current_ratio": null,
            "debt_ratio": 94.14,
            "inventory_turnover_ratio": null,
            "account_receivable_turnover_ratio": null,
            "reinvestment_rate": 34.81,
            "research_to_sale_ratio": null,
            "price_fair": 40.95,
            "eps_avg_yearly": 1.17,
            "eps_latest_yearly": 1.64,
            "eps_growth_yearly": 143.88
        },
        "20132": {
            "year_quarter": 20132,
            "year": 2013,
            "quarter": 2,
            "eps": 0.42,
            "eps_growth_year": 37.67,
            "eps_4q": 1.22,
            "eps_4q_growth_year": 14.72,
            "roe": 3.42,
            "roe_4q": 10.7,
            "gross_profit": null,
            "gross_margin": null,
            "gross_margin_4q_avg": 0,
            "net_income": 944203,
            "net_income_4q": null,
            "revenue": 2349994,
            "revenue_4q": null,
            "common_shares": 22422596,
            "book_valuer_per_share": 12.41,
            "book_valuer_per_share_4q_avg": 12.06,
            "equity": 27832568,
            "current_ratio": null,
            "debt_ratio": 94.26,
            "inventory_turnover_ratio": null,
            "account_receivable_turnover_ratio": null,
            "reinvestment_rate": 31.68,
            "research_to_sale_ratio": null,
            "price_fair": 42.32,
            "eps_avg_yearly": 1.21,
            "eps_latest_yearly": 1.68,
            "eps_growth_yearly": 133.56
        },
        "20133": {
            "year_quarter": 20133,
            "year": 2013,
            "quarter": 3,
            "eps": 0.37,
            "eps_growth_year": 19.13,
            "eps_4q": 1.29,
            "eps_4q_growth_year": 19.23,
            "roe": 3.1,
            "roe_4q": 11.129999999999999,
            "gross_profit": null,
            "gross_margin": null,
            "gross_margin_4q_avg": 0,
            "net_income": 873166,
            "net_income_4q": null,
            "revenue": 2424943,
            "revenue_4q": null,
            "common_shares": 23621182,
            "book_valuer_per_share": 12.06,
            "book_valuer_per_share_4q_avg": 12.13,
            "equity": 28492010,
            "current_ratio": null,
            "debt_ratio": 94.2,
            "inventory_turnover_ratio": null,
            "account_receivable_turnover_ratio": null,
            "reinvestment_rate": 30.45,
            "research_to_sale_ratio": null,
            "price_fair": 43,
            "eps_avg_yearly": 1.23,
            "eps_latest_yearly": 1.48,
            "eps_growth_yearly": 120.62
        },
        "20134": {
            "year_quarter": 20134,
            "year": 2013,
            "quarter": 4,
            "eps": 0.14,
            "eps_growth_year": -2.73,
            "eps_4q": 1.3,
            "eps_4q_growth_year": 13.36,
            "roe": 1.16,
            "roe_4q": 11.059999999999999,
            "gross_profit": null,
            "gross_margin": null,
            "gross_margin_4q_avg": 0,
            "net_income": 333524,
            "net_income_4q": null,
            "revenue": 2384279,
            "revenue_4q": null,
            "common_shares": 23621182,
            "book_valuer_per_share": 12.26,
            "book_valuer_per_share_4q_avg": 12.23,
            "equity": 28953084,
            "current_ratio": null,
            "debt_ratio": 94.12,
            "inventory_turnover_ratio": null,
            "account_receivable_turnover_ratio": null,
            "reinvestment_rate": 2.86,
            "research_to_sale_ratio": null,
            "price_fair": 41.44,
            "eps_avg_yearly": 1.18,
            "eps_latest_yearly": 0.56,
            "eps_growth_yearly": 96
        },
        "20141": {
            "year_quarter": 20141,
            "year": 2014,
            "quarter": 1,
            "eps": 0.38,
            "eps_growth_year": -7.32,
            "eps_4q": 1.16,
            "eps_4q_growth_year": -0.83,
            "roe": 3.19,
            "roe_4q": 10.87,
            "gross_profit": null,
            "gross_margin": null,
            "gross_margin_4q_avg": 0,
            "net_income": 1004915,
            "net_income_4q": null,
            "revenue": 2749993,
            "revenue_4q": null,
            "common_shares": 27271182,
            "book_valuer_per_share": 12.51,
            "book_valuer_per_share_4q_avg": 12.31,
            "equity": 34105538,
            "current_ratio": null,
            "debt_ratio": 93.08,
            "inventory_turnover_ratio": null,
            "account_receivable_turnover_ratio": null,
            "reinvestment_rate": -4.5,
            "research_to_sale_ratio": null,
            "price_fair": 42.18,
            "eps_avg_yearly": 1.21,
            "eps_latest_yearly": 1.52,
            "eps_growth_yearly": 132.86
        },
        "20142": {
            "year_quarter": 20142,
            "year": 2014,
            "quarter": 2,
            "eps": 0.34,
            "eps_growth_year": -19.05,
            "eps_4q": 1.11,
            "eps_4q_growth_year": -8.74,
            "roe": 2.82,
            "roe_4q": 10.27,
            "gross_profit": null,
            "gross_margin": null,
            "gross_margin_4q_avg": 0,
            "net_income": 968901,
            "net_income_4q": null,
            "revenue": 2543116,
            "revenue_4q": null,
            "common_shares": 27271182,
            "book_valuer_per_share": 12.66,
            "book_valuer_per_share_4q_avg": 12.37,
            "equity": 34517016,
            "current_ratio": null,
            "debt_ratio": 93.18,
            "inventory_turnover_ratio": null,
            "account_receivable_turnover_ratio": null,
            "reinvestment_rate": -10.95,
            "research_to_sale_ratio": null,
            "price_fair": 42.53,
            "eps_avg_yearly": 1.22,
            "eps_latest_yearly": 1.36,
            "eps_growth_yearly": 131.79
        },
        "20143": {
            "year_quarter": 20143,
            "year": 2014,
            "quarter": 3,
            "eps": 0.35,
            "eps_growth_year": -5.41,
            "eps_4q": 1.15,
            "eps_4q_growth_year": -10.72,
            "roe": 2.85,
            "roe_4q": 10.02,
            "gross_profit": null,
            "gross_margin": null,
            "gross_margin_4q_avg": 0,
            "net_income": 995410,
            "net_income_4q": null,
            "revenue": 2775438,
            "revenue_4q": null,
            "common_shares": 28618263,
            "book_valuer_per_share": 12.36,
            "book_valuer_per_share_4q_avg": 12.45,
            "equity": 35380877,
            "current_ratio": null,
            "debt_ratio": 93.09,
            "inventory_turnover_ratio": null,
            "account_receivable_turnover_ratio": null,
            "reinvestment_rate": -10.94,
            "research_to_sale_ratio": null,
            "price_fair": 42.88,
            "eps_avg_yearly": 1.23,
            "eps_latest_yearly": 1.4,
            "eps_growth_yearly": 131.69
        },
        "20144": {
            "year_quarter": 20144,
            "year": 2014,
            "quarter": 4,
            "eps": 0.25,
            "eps_growth_year": 79.49,
            "eps_4q": 1.29,
            "eps_4q_growth_year": -0.39,
            "roe": 2.02,
            "roe_4q": 10.879999999999999,
            "gross_profit": null,
            "gross_margin": null,
            "gross_margin_4q_avg": 0,
            "net_income": 725297,
            "net_income_4q": null,
            "revenue": 2808401,
            "revenue_4q": null,
            "common_shares": 28618263,
            "book_valuer_per_share": 12.67,
            "book_valuer_per_share_4q_avg": 12.55,
            "equity": 36262732,
            "current_ratio": null,
            "debt_ratio": 93.05,
            "inventory_turnover_ratio": null,
            "account_receivable_turnover_ratio": null,
            "reinvestment_rate": -9.6,
            "research_to_sale_ratio": null,
            "price_fair": 43.49,
            "eps_avg_yearly": 1.24,
            "eps_latest_yearly": 1,
            "eps_growth_yearly": 135.03
        },
        "20151": {
            "year_quarter": 20151,
            "year": 2015,
            "quarter": 1,
            "eps": 0.38,
            "eps_growth_year": 0,
            "eps_4q": 1.32,
            "eps_4q_growth_year": 13.75,
            "roe": 2.93,
            "roe_4q": 10.620000000000001,
            "gross_profit": null,
            "gross_margin": null,
            "gross_margin_4q_avg": 0,
            "net_income": 1077398,
            "net_income_4q": null,
            "revenue": 2705278,
            "revenue_4q": null,
            "common_shares": 28618263,
            "book_valuer_per_share": 12.99,
            "book_valuer_per_share_4q_avg": 12.67,
            "equity": 37185151,
            "current_ratio": null,
            "debt_ratio": 93.07,
            "inventory_turnover_ratio": null,
            "account_receivable_turnover_ratio": null,
            "reinvestment_rate": -9.07,
            "research_to_sale_ratio": null,
            "price_fair": 43.14,
            "eps_avg_yearly": 1.23,
            "eps_latest_yearly": 1.52,
            "eps_growth_yearly": 114.7
        },
        "20152": {
            "year_quarter": 20152,
            "year": 2015,
            "quarter": 2,
            "eps": 0.34,
            "eps_growth_year": 0,
            "eps_4q": 1.24,
            "eps_4q_growth_year": 11.84,
            "roe": 2.62,
            "roe_4q": 10.42,
            "gross_profit": null,
            "gross_margin": null,
            "gross_margin_4q_avg": 0,
            "net_income": 971893,
            "net_income_4q": null,
            "revenue": 2744703,
            "revenue_4q": null,
            "common_shares": 28618263,
            "book_valuer_per_share": 12.98,
            "book_valuer_per_share_4q_avg": 12.75,
            "equity": 37147534,
            "current_ratio": null,
            "debt_ratio": 93.1,
            "inventory_turnover_ratio": null,
            "account_receivable_turnover_ratio": null,
            "reinvestment_rate": -8.02,
            "research_to_sale_ratio": null,
            "price_fair": 43.23,
            "eps_avg_yearly": 1.24,
            "eps_latest_yearly": 1.36,
            "eps_growth_yearly": 117.42
        },
        "20153": {
            "year_quarter": 20153,
            "year": 2015,
            "quarter": 3,
            "eps": 0.35,
            "eps_growth_year": 0,
            "eps_4q": 1.26,
            "eps_4q_growth_year": 9.47,
            "roe": 2.81,
            "roe_4q": 10.379999999999999,
            "gross_profit": null,
            "gross_margin": null,
            "gross_margin_4q_avg": 0,
            "net_income": 1057503,
            "net_income_4q": null,
            "revenue": 2962939,
            "revenue_4q": null,
            "common_shares": 30332430,
            "book_valuer_per_share": 12.6,
            "book_valuer_per_share_4q_avg": 12.81,
            "equity": 38220830,
            "current_ratio": null,
            "debt_ratio": 92.97,
            "inventory_turnover_ratio": null,
            "account_receivable_turnover_ratio": null,
            "reinvestment_rate": -6.69,
            "research_to_sale_ratio": null,
            "price_fair": 43.66,
            "eps_avg_yearly": 1.25,
            "eps_latest_yearly": 1.4,
            "eps_growth_yearly": 120.43
        },
        "20154": {
            "year_quarter": 20154,
            "year": 2015,
            "quarter": 4,
            "eps": 0.27,
            "eps_growth_year": 5.02,
            "eps_4q": 1.29,
            "eps_4q_growth_year": -0.04,
            "roe": 2.09,
            "roe_4q": 10.450000000000001,
            "gross_profit": null,
            "gross_margin": null,
            "gross_margin_4q_avg": 0,
            "net_income": 807338,
            "net_income_4q": null,
            "revenue": 2814807,
            "revenue_4q": null,
            "common_shares": 30332430,
            "book_valuer_per_share": 12.85,
            "book_valuer_per_share_4q_avg": 12.86,
            "equity": 38977648,
            "current_ratio": null,
            "debt_ratio": 92.87,
            "inventory_turnover_ratio": null,
            "account_receivable_turnover_ratio": null,
            "reinvestment_rate": -6.95,
            "research_to_sale_ratio": null,
            "price_fair": 45.24,
            "eps_avg_yearly": 1.29,
            "eps_latest_yearly": 1.08,
            "eps_growth_yearly": 132.22
        },
        "20161": {
            "year_quarter": 20161,
            "year": 2016,
            "quarter": 1,
            "eps": 0.28,
            "eps_growth_year": -26.32,
            "eps_4q": 1.22,
            "eps_4q_growth_year": -7.35,
            "roe": 2.19,
            "roe_4q": 9.71,
            "gross_profit": null,
            "gross_margin": null,
            "gross_margin_4q_avg": 0,
            "net_income": 862267,
            "net_income_4q": null,
            "revenue": 2551377,
            "revenue_4q": null,
            "common_shares": 30332430,
            "book_valuer_per_share": 13.14,
            "book_valuer_per_share_4q_avg": 12.89,
            "equity": 39864549,
            "current_ratio": null,
            "debt_ratio": 92.53,
            "inventory_turnover_ratio": null,
            "account_receivable_turnover_ratio": null,
            "reinvestment_rate": -6.23,
            "research_to_sale_ratio": null,
            "price_fair": 44.19,
            "eps_avg_yearly": 1.26,
            "eps_latest_yearly": 1.12,
            "eps_growth_yearly": 47.03
        },
        "20162": {
            "year_quarter": 20162,
            "year": 2016,
            "quarter": 2,
            "eps": 0.26,
            "eps_growth_year": -23.53,
            "eps_4q": 1.13,
            "eps_4q_growth_year": -9.23,
            "roe": 1.97,
            "roe_4q": 9.06,
            "gross_profit": null,
            "gross_margin": null,
            "gross_margin_4q_avg": 0,
            "net_income": 783228,
            "net_income_4q": null,
            "revenue": 2639747,
            "revenue_4q": null,
            "common_shares": 30332430,
            "book_valuer_per_share": 13.08,
            "book_valuer_per_share_4q_avg": 12.92,
            "equity": 39684742,
            "current_ratio": null,
            "debt_ratio": 92.8,
            "inventory_turnover_ratio": null,
            "account_receivable_turnover_ratio": null,
            "reinvestment_rate": -5.55,
            "research_to_sale_ratio": null,
            "price_fair": 43.75,
            "eps_avg_yearly": 1.25,
            "eps_latest_yearly": 1.04,
            "eps_growth_yearly": 50.87
        },
        "20163": {
            "year_quarter": 20163,
            "year": 2016,
            "quarter": 3,
            "eps": 0.26,
            "eps_growth_year": -25.71,
            "eps_4q": 1.05,
            "eps_4q_growth_year": -16.78,
            "roe": 2.04,
            "roe_4q": 8.29,
            "gross_profit": null,
            "gross_margin": null,
            "gross_margin_4q_avg": 0,
            "net_income": 818388,
            "net_income_4q": null,
            "revenue": 2746042,
            "revenue_4q": null,
            "common_shares": 31113672,
            "book_valuer_per_share": 13.03,
            "book_valuer_per_share_4q_avg": 13.03,
            "equity": 40535536,
            "current_ratio": null,
            "debt_ratio": 92.72,
            "inventory_turnover_ratio": null,
            "account_receivable_turnover_ratio": null,
            "reinvestment_rate": -5.37,
            "research_to_sale_ratio": null,
            "price_fair": 43.31,
            "eps_avg_yearly": 1.24,
            "eps_latest_yearly": 1.04,
            "eps_growth_yearly": 50.87
        },
        "20164": {
            "year_quarter": 20164,
            "year": 2016,
            "quarter": 4,
            "eps": 0.25,
            "eps_growth_year": -5.81,
            "eps_4q": 1.04,
            "eps_4q_growth_year": -19.2,
            "roe": 1.91,
            "roe_4q": 8.11,
            "gross_profit": null,
            "gross_margin": null,
            "gross_margin_4q_avg": 0,
            "net_income": 780003,
            "net_income_4q": null,
            "revenue": 3005732,
            "revenue_4q": null,
            "common_shares": 31113672,
            "book_valuer_per_share": 13.16,
            "book_valuer_per_share_4q_avg": 13.1,
            "equity": 40950877,
            "current_ratio": null,
            "debt_ratio": 92.71,
            "inventory_turnover_ratio": null,
            "account_receivable_turnover_ratio": null,
            "reinvestment_rate": -4.74,
            "research_to_sale_ratio": null,
            "price_fair": 44.19,
            "eps_avg_yearly": 1.26,
            "eps_latest_yearly": 1,
            "eps_growth_yearly": 62.81
        },
        "20171": {
            "year_quarter": 20171,
            "year": 2017,
            "quarter": 1,
            "eps": 0.24,
            "eps_growth_year": -14.29,
            "eps_4q": 1,
            "eps_4q_growth_year": -17.95,
            "roe": 1.77,
            "roe_4q": 7.6899999999999995,
            "gross_profit": null,
            "gross_margin": null,
            "gross_margin_4q_avg": 0,
            "net_income": 731673,
            "net_income_4q": null,
            "revenue": 2446375,
            "revenue_4q": null,
            "common_shares": 31113672,
            "book_valuer_per_share": 13.42,
            "book_valuer_per_share_4q_avg": 13.17,
            "equity": 41750057,
            "current_ratio": null,
            "debt_ratio": 93.03,
            "inventory_turnover_ratio": null,
            "account_receivable_turnover_ratio": null,
            "reinvestment_rate": -4.34,
            "research_to_sale_ratio": null,
            "price_fair": 34.74,
            "eps_avg_yearly": 1.22,
            "eps_latest_yearly": 0.96,
            "eps_growth_yearly": 18.48
        },
        "20172": {
            "year_quarter": 20172,
            "year": 2017,
            "quarter": 2,
            "eps": 0.29,
            "eps_growth_year": 11.54,
            "eps_4q": 1.02,
            "eps_4q_growth_year": -9.66,
            "roe": 2.2,
            "roe_4q": 7.92,
            "gross_profit": null,
            "gross_margin": null,
            "gross_margin_4q_avg": 0,
            "net_income": 914071,
            "net_income_4q": null,
            "revenue": 2705530,
            "revenue_4q": null,
            "common_shares": 31113672,
            "book_valuer_per_share": 13.33,
            "book_valuer_per_share_4q_avg": 13.24,
            "equity": 41484408,
            "current_ratio": null,
            "debt_ratio": 92.76,
            "inventory_turnover_ratio": null,
            "account_receivable_turnover_ratio": null,
            "reinvestment_rate": -4.36,
            "research_to_sale_ratio": null,
            "price_fair": 39.28,
            "eps_avg_yearly": 1.19,
            "eps_latest_yearly": 1.16,
            "eps_growth_yearly": 23.08
        },
        "20173": {
            "year_quarter": 20173,
            "year": 2017,
            "quarter": 3,
            "eps": 0.26,
            "eps_growth_year": 0,
            "eps_4q": 1.02,
            "eps_4q_growth_year": -2.78,
            "roe": 1.97,
            "roe_4q": 7.85,
            "gross_profit": null,
            "gross_margin": null,
            "gross_margin_4q_avg": 0,
            "net_income": 827633,
            "net_income_4q": null,
            "revenue": 2773771,
            "revenue_4q": null,
            "common_shares": 31829286,
            "book_valuer_per_share": 13.31,
            "book_valuer_per_share_4q_avg": 13.31,
            "equity": 42375307,
            "current_ratio": null,
            "debt_ratio": 92.53,
            "inventory_turnover_ratio": null,
            "account_receivable_turnover_ratio": null,
            "reinvestment_rate": -3.76,
            "research_to_sale_ratio": null,
            "price_fair": 38.82,
            "eps_avg_yearly": 1.16,
            "eps_latest_yearly": 1.04,
            "eps_growth_yearly": 23.47
        },
        "20174": {
            "year_quarter": 20174,
            "year": 2017,
            "quarter": 4,
            "eps": 0.12,
            "eps_growth_year": -52.31,
            "eps_4q": 0.9,
            "eps_4q_growth_year": -14,
            "roe": 0.89,
            "roe_4q": 6.83,
            "gross_profit": null,
            "gross_margin": null,
            "gross_margin_4q_avg": 0,
            "net_income": 380506,
            "net_income_4q": null,
            "revenue": 2494580,
            "revenue_4q": null,
            "common_shares": 31829286,
            "book_valuer_per_share": 13.44,
            "book_valuer_per_share_4q_avg": 13.38,
            "equity": 42786672,
            "current_ratio": null,
            "debt_ratio": 92.56,
            "inventory_turnover_ratio": null,
            "account_receivable_turnover_ratio": null,
            "reinvestment_rate": -3.77,
            "research_to_sale_ratio": null,
            "price_fair": 40.43,
            "eps_avg_yearly": 1.16,
            "eps_latest_yearly": 0.48,
            "eps_growth_yearly": 25.55
        },
        "20181": {
            "year_quarter": 20181,
            "year": 2018,
            "quarter": 1,
            "eps": 0.23,
            "eps_growth_year": -4.17,
            "eps_4q": 0.9,
            "eps_4q_growth_year": -10.25,
            "roe": 1.71,
            "roe_4q": 6.7700000000000005,
            "gross_profit": null,
            "gross_margin": null,
            "gross_margin_4q_avg": 0,
            "net_income": 736379,
            "net_income_4q": null,
            "revenue": 2544249,
            "revenue_4q": null,
            "common_shares": 31829286,
            "book_valuer_per_share": 13.66,
            "book_valuer_per_share_4q_avg": 13.44,
            "equity": 43485045,
            "current_ratio": null,
            "debt_ratio": 92.72,
            "inventory_turnover_ratio": null,
            "account_receivable_turnover_ratio": null,
            "reinvestment_rate": 2.14,
            "research_to_sale_ratio": null,
            "price_fair": 17.44,
            "eps_avg_yearly": 1.12,
            "eps_latest_yearly": 0.92,
            "eps_growth_yearly": 5.61
        },
        "20182": {
            "year_quarter": 20182,
            "year": 2018,
            "quarter": 2,
            "eps": 0.3,
            "eps_growth_year": 3.45,
            "eps_4q": 0.89,
            "eps_4q_growth_year": -12.61,
            "roe": 2.24,
            "roe_4q": 6.81,
            "gross_profit": null,
            "gross_margin": null,
            "gross_margin_4q_avg": 0,
            "net_income": 967234,
            "net_income_4q": null,
            "revenue": 2882395,
            "revenue_4q": null,
            "common_shares": 31829286,
            "book_valuer_per_share": 13.53,
            "book_valuer_per_share_4q_avg": 13.49,
            "equity": 43061011,
            "current_ratio": null,
            "debt_ratio": 92.93,
            "inventory_turnover_ratio": null,
            "account_receivable_turnover_ratio": null,
            "reinvestment_rate": 2.24,
            "research_to_sale_ratio": null,
            "price_fair": 28.62,
            "eps_avg_yearly": 1.11,
            "eps_latest_yearly": 1.2,
            "eps_growth_yearly": 15.85
        },
        "20183": {
            "year_quarter": 20183,
            "year": 2018,
            "quarter": 3,
            "eps": 0.31,
            "eps_growth_year": 19.23,
            "eps_4q": 0.95,
            "eps_4q_growth_year": -7.01,
            "roe": 2.35,
            "roe_4q": 7.1899999999999995,
            "gross_profit": null,
            "gross_margin": null,
            "gross_margin_4q_avg": 0,
            "net_income": 1023140,
            "net_income_4q": null,
            "revenue": 3013156,
            "revenue_4q": null,
            "common_shares": 32691859,
            "book_valuer_per_share": 13.47,
            "book_valuer_per_share_4q_avg": 13.53,
            "equity": 44032076,
            "current_ratio": null,
            "debt_ratio": 93.06,
            "inventory_turnover_ratio": null,
            "account_receivable_turnover_ratio": null,
            "reinvestment_rate": 1.05,
            "research_to_sale_ratio": null,
            "price_fair": 28.47,
            "eps_avg_yearly": 1.1,
            "eps_latest_yearly": 1.24,
            "eps_growth_yearly": 15.94
        },
        "20184": {
            "year_quarter": 20184,
            "year": 2018,
            "quarter": 4,
            "eps": 0.24,
            "eps_growth_year": 104.05,
            "eps_4q": 1.08,
            "eps_4q_growth_year": 20.23,
            "roe": 1.8,
            "roe_4q": 8.100000000000001,
            "gross_profit": null,
            "gross_margin": null,
            "gross_margin_4q_avg": 0,
            "net_income": 797448,
            "net_income_4q": null,
            "revenue": 2778477,
            "revenue_4q": null,
            "common_shares": 32691859,
            "book_valuer_per_share": 13.69,
            "book_valuer_per_share_4q_avg": 13.59,
            "equity": 44744740,
            "current_ratio": null,
            "debt_ratio": 92.87,
            "inventory_turnover_ratio": null,
            "account_receivable_turnover_ratio": null,
            "reinvestment_rate": 0.97,
            "research_to_sale_ratio": null,
            "price_fair": 30.05,
            "eps_avg_yearly": 1.1,
            "eps_latest_yearly": 0.96,
            "eps_growth_yearly": 17.44
        },
        "20191": {
            "year_quarter": 20191,
            "year": 2019,
            "quarter": 1,
            "eps": 0.35,
            "eps_growth_year": 52.17,
            "eps_4q": 1.21,
            "eps_4q_growth_year": 34.4,
            "roe": 2.55,
            "roe_4q": 8.94,
            "gross_profit": null,
            "gross_margin": null,
            "gross_margin_4q_avg": 0,
            "net_income": 1158261,
            "net_income_4q": null,
            "revenue": 3136447,
            "revenue_4q": null,
            "common_shares": 32691859,
            "book_valuer_per_share": 14.15,
            "book_valuer_per_share_4q_avg": 13.71,
            "equity": 46253460,
            "current_ratio": null,
            "debt_ratio": 92.69,
            "inventory_turnover_ratio": null,
            "account_receivable_turnover_ratio": null,
            "reinvestment_rate": 0.82,
            "research_to_sale_ratio": null,
            "price_fair": 28.17,
            "eps_avg_yearly": 1.09,
            "eps_latest_yearly": 1.4,
            "eps_growth_yearly": 15.9
        },
        "20192": {
            "year_quarter": 20192,
            "year": 2019,
            "quarter": 2,
            "eps": 0.32,
            "eps_growth_year": 6.67,
            "eps_4q": 1.2,
            "eps_4q_growth_year": 34.17,
            "roe": 2.24,
            "roe_4q": 8.94,
            "gross_profit": null,
            "gross_margin": null,
            "gross_margin_4q_avg": 0,
            "net_income": 1031419,
            "net_income_4q": null,
            "revenue": 2912298,
            "revenue_4q": null,
            "common_shares": 32691859,
            "book_valuer_per_share": 14.08,
            "book_valuer_per_share_4q_avg": 13.85,
            "equity": 46032725,
            "current_ratio": null,
            "debt_ratio": 92.73,
            "inventory_turnover_ratio": null,
            "account_receivable_turnover_ratio": null,
            "reinvestment_rate": 0.63,
            "research_to_sale_ratio": null,
            "price_fair": 28.57,
            "eps_avg_yearly": 1.08,
            "eps_latest_yearly": 1.28,
            "eps_growth_yearly": 16.39
        },
        "20193": {
            "year_quarter": 20193,
            "year": 2019,
            "quarter": 3,
            "eps": 0.25,
            "eps_growth_year": -19.35,
            "eps_4q": 1.14,
            "eps_4q_growth_year": 19.69,
            "roe": 1.79,
            "roe_4q": 8.38,
            "gross_profit": null,
            "gross_margin": null,
            "gross_margin_4q_avg": 0,
            "net_income": 830560,
            "net_income_4q": null,
            "revenue": 2847133,
            "revenue_4q": null,
            "common_shares": 33558193,
            "book_valuer_per_share": 13.93,
            "book_valuer_per_share_4q_avg": 13.96,
            "equity": 46738352,
            "current_ratio": null,
            "debt_ratio": 92.68,
            "inventory_turnover_ratio": null,
            "account_receivable_turnover_ratio": null,
            "reinvestment_rate": 0.52,
            "research_to_sale_ratio": null,
            "price_fair": 21.35,
            "eps_avg_yearly": 1.06,
            "eps_latest_yearly": 1,
            "eps_growth_yearly": 10.19
        },
        "20194": {
            "year_quarter": 20194,
            "year": 2019,
            "quarter": 4,
            "eps": 0.18,
            "eps_growth_year": -25.19,
            "eps_4q": 1.08,
            "eps_4q_growth_year": 0.41,
            "roe": 1.3,
            "roe_4q": 7.88,
            "gross_profit": null,
            "gross_margin": null,
            "gross_margin_4q_avg": 0,
            "net_income": 612355,
            "net_income_4q": null,
            "revenue": 2825802,
            "revenue_4q": null,
            "common_shares": 33558193,
            "book_valuer_per_share": 14.09,
            "book_valuer_per_share_4q_avg": 14.06,
            "equity": 47284413,
            "current_ratio": null,
            "debt_ratio": 92.78,
            "inventory_turnover_ratio": null,
            "account_receivable_turnover_ratio": null,
            "reinvestment_rate": 1.71,
            "research_to_sale_ratio": null,
            "price_fair": 19.56,
            "eps_avg_yearly": 1.04,
            "eps_latest_yearly": 0.72,
            "eps_growth_yearly": 8.9
        },
        "20201": {
            "year_quarter": 20201,
            "year": 2020,
            "quarter": 1,
            "eps": 0.11,
            "eps_growth_year": -68.57,
            "eps_4q": 0.85,
            "eps_4q_growth_year": -29.55,
            "roe": 0.8,
            "roe_4q": 6.130000000000001,
            "gross_profit": null,
            "gross_margin": null,
            "gross_margin_4q_avg": 0,
            "net_income": 379433,
            "net_income_4q": null,
            "revenue": 2299349,
            "revenue_4q": null,
            "common_shares": 33558193,
            "book_valuer_per_share": 14.14,
            "book_valuer_per_share_4q_avg": 14.06,
            "equity": 47451015,
            "current_ratio": null,
            "debt_ratio": 93,
            "inventory_turnover_ratio": null,
            "account_receivable_turnover_ratio": null,
            "reinvestment_rate": 1.79,
            "research_to_sale_ratio": null,
            "price_fair": 2.98,
            "eps_avg_yearly": 0.99,
            "eps_latest_yearly": 0.44,
            "eps_growth_yearly": -1.75
        },
        "20202": {
            "year_quarter": 20202,
            "year": 2020,
            "quarter": 2,
            "eps": 0.37,
            "eps_growth_year": 15.62,
            "eps_4q": 0.89,
            "eps_4q_growth_year": -25.79,
            "roe": 2.6,
            "roe_4q": 6.49,
            "gross_profit": null,
            "gross_margin": null,
            "gross_margin_4q_avg": 0,
            "net_income": 1235686,
            "net_income_4q": null,
            "revenue": 3341969,
            "revenue_4q": null,
            "common_shares": 33558193,
            "book_valuer_per_share": 14.22,
            "book_valuer_per_share_4q_avg": 14.1,
            "equity": 47703918,
            "current_ratio": null,
            "debt_ratio": 92.7,
            "inventory_turnover_ratio": null,
            "account_receivable_turnover_ratio": null,
            "reinvestment_rate": 2.16,
            "research_to_sale_ratio": null,
            "price_fair": 35.7,
            "eps_avg_yearly": 1.02,
            "eps_latest_yearly": 1.48,
            "eps_growth_yearly": 59.13
        },
        "20203": {
            "year_quarter": 20203,
            "year": 2020,
            "quarter": 3,
            "eps": 0.21,
            "eps_growth_year": -16,
            "eps_4q": 0.85,
            "eps_4q_growth_year": -24.96,
            "roe": 1.49,
            "roe_4q": 6.1899999999999995,
            "gross_profit": null,
            "gross_margin": null,
            "gross_margin_4q_avg": 0,
            "net_income": 715955,
            "net_income_4q": null,
            "revenue": 2892936,
            "revenue_4q": null,
            "common_shares": 34481044,
            "book_valuer_per_share": 14.04,
            "book_valuer_per_share_4q_avg": 14.12,
            "equity": 48422580,
            "current_ratio": null,
            "debt_ratio": 92.75,
            "inventory_turnover_ratio": null,
            "account_receivable_turnover_ratio": null,
            "reinvestment_rate": 2.23,
            "research_to_sale_ratio": null,
            "price_fair": 35.26,
            "eps_avg_yearly": 1.01,
            "eps_latest_yearly": 0.84,
            "eps_growth_yearly": 48.32
        },
        "20204": {
            "year_quarter": 20204,
            "year": 2020,
            "quarter": 4,
            "eps": 0.05,
            "eps_growth_year": -70.18,
            "eps_4q": 0.73,
            "eps_4q_growth_year": -32.52,
            "roe": 0.39,
            "roe_4q": 5.28,
            "gross_profit": null,
            "gross_margin": null,
            "gross_margin_4q_avg": 0,
            "net_income": 187629,
            "net_income_4q": null,
            "revenue": 2683232,
            "revenue_4q": null,
            "common_shares": 34481044,
            "book_valuer_per_share": 14.14,
            "book_valuer_per_share_4q_avg": 14.14,
            "equity": 48743705,
            "current_ratio": null,
            "debt_ratio": 92.83,
            "inventory_turnover_ratio": null,
            "account_receivable_turnover_ratio": null,
            "reinvestment_rate": 2.43,
            "research_to_sale_ratio": null,
            "price_fair": 33.51,
            "eps_avg_yearly": 0.96,
            "eps_latest_yearly": 0.2,
            "eps_growth_yearly": 30.23
        },
        "20211": {
            "year_quarter": 20211,
            "year": 2021,
            "quarter": 1,
            "eps": 0.23,
            "eps_growth_year": 109.09,
            "eps_4q": 0.85,
            "eps_4q_growth_year": 0.21,
            "roe": 1.63,
            "roe_4q": 6.109999999999999,
            "gross_profit": null,
            "gross_margin": null,
            "gross_margin_4q_avg": 0,
            "net_income": 799081,
            "net_income_4q": null,
            "revenue": 2831248,
            "revenue_4q": null,
            "common_shares": 34481044,
            "book_valuer_per_share": 14.34,
            "book_valuer_per_share_4q_avg": 14.19,
            "equity": 49447105,
            "current_ratio": null,
            "debt_ratio": 92.73,
            "inventory_turnover_ratio": null,
            "account_receivable_turnover_ratio": null,
            "reinvestment_rate": 2.15,
            "research_to_sale_ratio": null,
            "price_fair": 33.43,
            "eps_avg_yearly": 0.96,
            "eps_latest_yearly": 0.92,
            "eps_growth_yearly": 121.23
        },
        "20212": {
            "year_quarter": 20212,
            "year": 2021,
            "quarter": 2,
            "eps": 0.19,
            "eps_growth_year": -48.65,
            "eps_4q": 0.67,
            "eps_4q_growth_year": -24.51,
            "roe": 1.32,
            "roe_4q": 4.83,
            "gross_profit": null,
            "gross_margin": null,
            "gross_margin_4q_avg": 0,
            "net_income": 649968,
            "net_income_4q": null,
            "revenue": 2755356,
            "revenue_4q": null,
            "common_shares": 34481044,
            "book_valuer_per_share": 14.15,
            "book_valuer_per_share_4q_avg": 14.17,
            "equity": 48781960,
            "current_ratio": null,
            "debt_ratio": 93.03,
            "inventory_turnover_ratio": null,
            "account_receivable_turnover_ratio": null,
            "reinvestment_rate": 2.63,
            "research_to_sale_ratio": null,
            "price_fair": 32.55,
            "eps_avg_yearly": 0.93,
            "eps_latest_yearly": 0.76,
            "eps_growth_yearly": 111.67
        },
        "20213": {
            "year_quarter": 20213,
            "year": 2021,
            "quarter": 3,
            "eps": 0.22,
            "eps_growth_year": 4.76,
            "eps_4q": 0.68,
            "eps_4q_growth_year": -19.9,
            "roe": 1.56,
            "roe_4q": 4.8999999999999995,
            "gross_profit": null,
            "gross_margin": null,
            "gross_margin_4q_avg": 0,
            "net_income": 766030,
            "net_income_4q": null,
            "revenue": 2805853,
            "revenue_4q": null,
            "common_shares": 35139632,
            "book_valuer_per_share": 14.04,
            "book_valuer_per_share_4q_avg": 14.17,
            "equity": 49351619,
            "current_ratio": null,
            "debt_ratio": 92.99,
            "inventory_turnover_ratio": null,
            "account_receivable_turnover_ratio": null,
            "reinvestment_rate": 2.31,
            "research_to_sale_ratio": null,
            "price_fair": 32.2,
            "eps_avg_yearly": 0.92,
            "eps_latest_yearly": 0.88,
            "eps_growth_yearly": 118.21
        },
        "20214": {
            "year_quarter": 20214,
            "year": 2021,
            "quarter": 4,
            "eps": 0.21,
            "eps_growth_year": 278.66,
            "eps_4q": 0.84,
            "eps_4q_growth_year": 14.5,
            "roe": 1.46,
            "roe_4q": 5.97,
            "gross_profit": null,
            "gross_margin": null,
            "gross_margin_4q_avg": 0,
            "net_income": 724043,
            "net_income_4q": null,
            "revenue": 2400432,
            "revenue_4q": null,
            "common_shares": 35139632,
            "book_valuer_per_share": 14.14,
            "book_valuer_per_share_4q_avg": 14.17,
            "equity": 49701951,
            "current_ratio": null,
            "debt_ratio": 93.13,
            "inventory_turnover_ratio": null,
            "account_receivable_turnover_ratio": null,
            "reinvestment_rate": 2.31,
            "research_to_sale_ratio": null,
            "price_fair": 32.99,
            "eps_avg_yearly": 0.94,
            "eps_latest_yearly": 0.84,
            "eps_growth_yearly": 130.53
        },
        "20221": {
            "year_quarter": 20221,
            "year": 2022,
            "quarter": 1,
            "eps": 0.19,
            "eps_growth_year": -17.39,
            "eps_4q": 0.8,
            "eps_4q_growth_year": -6.47,
            "roe": 1.33,
            "roe_4q": 5.67,
            "gross_profit": null,
            "gross_margin": null,
            "gross_margin_4q_avg": 0,
            "net_income": 660712,
            "net_income_4q": null,
            "revenue": 2546135,
            "revenue_4q": null,
            "common_shares": 35139632,
            "book_valuer_per_share": 14.15,
            "book_valuer_per_share_4q_avg": 14.12,
            "equity": 49723572,
            "current_ratio": null,
            "debt_ratio": 93.18,
            "inventory_turnover_ratio": null,
            "account_receivable_turnover_ratio": null,
            "reinvestment_rate": 1.99,
            "research_to_sale_ratio": null,
            "price_fair": 32.64,
            "eps_avg_yearly": 0.93,
            "eps_latest_yearly": 0.76,
            "eps_growth_yearly": 105.24
        },
        "20222": {
            "year_quarter": 20222,
            "year": 2022,
            "quarter": 2,
            "eps": 0.28,
            "eps_growth_year": 47.37,
            "eps_4q": 0.88,
            "eps_4q_growth_year": 31.37,
            "roe": 2.02,
            "roe_4q": 6.370000000000001,
            "gross_profit": null,
            "gross_margin": null,
            "gross_margin_4q_avg": 0,
            "net_income": 988689,
            "net_income_4q": null,
            "revenue": 2945612,
            "revenue_4q": null,
            "common_shares": 35139632,
            "book_valuer_per_share": 13.74,
            "book_valuer_per_share_4q_avg": 14.02,
            "equity": 48278204,
            "current_ratio": null,
            "debt_ratio": 93.64,
            "inventory_turnover_ratio": null,
            "account_receivable_turnover_ratio": null,
            "reinvestment_rate": 1.34,
            "research_to_sale_ratio": null,
            "price_fair": 32.46,
            "eps_avg_yearly": 0.93,
            "eps_latest_yearly": 1.12,
            "eps_growth_yearly": 109.47
        },
        "20223": {
            "year_quarter": 20223,
            "year": 2022,
            "quarter": 3,
            "eps": 0.24,
            "eps_growth_year": 9.09,
            "eps_4q": 0.82,
            "eps_4q_growth_year": 19.25,
            "roe": 1.7,
            "roe_4q": 6.51,
            "gross_profit": null,
            "gross_margin": null,
            "gross_margin_4q_avg": 0,
            "net_income": 854468,
            "net_income_4q": null,
            "revenue": 2877064,
            "revenue_4q": null,
            "common_shares": 35694838,
            "book_valuer_per_share": 13.23,
            "book_valuer_per_share_4q_avg": 13.82,
            "equity": 52363599,
            "current_ratio": null,
            "debt_ratio": 93.04,
            "inventory_turnover_ratio": null,
            "account_receivable_turnover_ratio": null,
            "reinvestment_rate": 2.94,
            "research_to_sale_ratio": null,
            "price_fair": 31.85,
            "eps_avg_yearly": 0.91,
            "eps_latest_yearly": 0.96,
            "eps_growth_yearly": 105.06
        },
        "20224": {
            "year_quarter": 20224,
            "year": 2022,
            "quarter": 4,
            "eps": 0.29,
            "eps_growth_year": 39.97,
            "eps_4q": 0.9,
            "eps_4q_growth_year": 8.04,
            "roe": 2.19,
            "roe_4q": 7.24,
            "gross_profit": null,
            "gross_margin": null,
            "gross_margin_4q_avg": 0,
            "net_income": 1173633,
            "net_income_4q": null,
            "revenue": 3370120,
            "revenue_4q": null,
            "common_shares": 40694838,
            "book_valuer_per_share": 13.51,
            "book_valuer_per_share_4q_avg": 13.66,
            "equity": 54972333,
            "current_ratio": null,
            "debt_ratio": 92.58,
            "inventory_turnover_ratio": null,
            "account_receivable_turnover_ratio": null,
            "reinvestment_rate": 16.74,
            "research_to_sale_ratio": null,
            "price_fair": 32.29,
            "eps_avg_yearly": 0.92,
            "eps_latest_yearly": 1.16,
            "eps_growth_yearly": 115.92
        },
        "20231": {
            "year_quarter": 20231,
            "year": 2023,
            "quarter": 1,
            "eps": null,
            "eps_growth_year": null,
            "eps_4q": null,
            "eps_4q_growth_year": null,
            "roe": null,
            "roe_4q": 5.91,
            "gross_profit": null,
            "gross_margin": null,
            "gross_margin_4q_avg": 0,
            "net_income": null,
            "net_income_4q": null,
            "revenue": null,
            "revenue_4q": null,
            "common_shares": null,
            "book_valuer_per_share": 13.83,
            "book_valuer_per_share_4q_avg": 13.58,
            "equity": null,
            "current_ratio": null,
            "debt_ratio": null,
            "inventory_turnover_ratio": null,
            "account_receivable_turnover_ratio": null,
            "reinvestment_rate": null,
            "research_to_sale_ratio": null,
            "price_fair": 31.17,
            "eps_avg_yearly": 0.89,
            "eps_latest_yearly": 1.16,
            "eps_growth_yearly": 111.42
        },
        "20232": {
            "year_quarter": 20232,
            "year": 2023,
            "quarter": 2,
            "eps": 0.29,
            "eps_growth_year": 3.57,
            "eps_4q": null,
            "eps_4q_growth_year": null,
            "roe": 2.12,
            "roe_4q": 6.010000000000001,
            "gross_profit": null,
            "gross_margin": null,
            "gross_margin_4q_avg": 0,
            "net_income": 1190946,
            "net_income_4q": null,
            "revenue": 3358138,
            "revenue_4q": null,
            "common_shares": 40694838,
            "book_valuer_per_share": 13.79,
            "book_valuer_per_share_4q_avg": 13.59,
            "equity": 56108456,
            "current_ratio": null,
            "debt_ratio": 92.89,
            "inventory_turnover_ratio": null,
            "account_receivable_turnover_ratio": null,
            "reinvestment_rate": null,
            "research_to_sale_ratio": null,
            "price_fair": 30.2,
            "eps_avg_yearly": 0.86,
            "eps_latest_yearly": 1.16,
            "eps_growth_yearly": 121.83
        },
        "20233": {
            "year_quarter": 20233,
            "year": 2023,
            "quarter": 3,
            "eps": 0.34,
            "eps_growth_year": 41.67,
            "eps_4q": null,
            "eps_4q_growth_year": null,
            "roe": 2.46,
            "roe_4q": 6.77,
            "gross_profit": null,
            "gross_margin": null,
            "gross_margin_4q_avg": 0,
            "net_income": 1397319,
            "net_income_4q": null,
            "revenue": 3396150,
            "revenue_4q": null,
            "common_shares": 40694838,
            "book_valuer_per_share": 14.18,
            "book_valuer_per_share_4q_avg": 13.83,
            "equity": 57714320,
            "current_ratio": null,
            "debt_ratio": 92.78,
            "inventory_turnover_ratio": null,
            "account_receivable_turnover_ratio": null,
            "reinvestment_rate": null,
            "research_to_sale_ratio": null,
            "price_fair": 31.1,
            "eps_avg_yearly": 0.89,
            "eps_latest_yearly": 1.36,
            "eps_growth_yearly": 133.01
        }
    },
    "months": {
        "2001-06": {
            "month": "2001-06",
            "price": "5.97",
            "revenue": 1182850
        },
        "2001-07": {
            "month": "2001-07",
            "price": "4.68",
            "revenue": 1074567
        },
        "2001-08": {
            "month": "2001-08",
            "price": "4.81",
            "revenue": 1017898
        },
        "2001-09": {
            "month": "2001-09",
            "price": "4.93",
            "revenue": 913865
        },
        "2001-10": {
            "month": "2001-10",
            "price": "5.14",
            "revenue": 1063390
        },
        "2001-11": {
            "month": "2001-11",
            "price": "4.93",
            "revenue": 960721
        },
        "2001-12": {
            "month": "2001-12",
            "price": "5.85",
            "revenue": 957567
        },
        "2002-01": {
            "month": "2002-01",
            "price": "5.59",
            "revenue": 1020878
        },
        "2002-02": {
            "month": "2002-02",
            "price": "5.21",
            "revenue": 881669
        },
        "2002-03": {
            "month": "2002-03",
            "price": "5.40",
            "revenue": 929198
        },
        "2002-04": {
            "month": "2002-04",
            "price": "6.70",
            "revenue": 884109
        },
        "2002-05": {
            "month": "2002-05",
            "price": "6.87",
            "revenue": 946160
        },
        "2002-06": {
            "month": "2002-06",
            "price": "6.84",
            "revenue": 710523
        },
        "2002-07": {
            "month": "2002-07",
            "price": "6.13",
            "revenue": 916226
        },
        "2002-08": {
            "month": "2002-08",
            "price": "6.18",
            "revenue": 975450
        },
        "2002-09": {
            "month": "2002-09",
            "price": "5.58",
            "revenue": 939005
        },
        "2002-10": {
            "month": "2002-10",
            "price": "5.53",
            "revenue": 985212
        },
        "2002-11": {
            "month": "2002-11",
            "price": "6.81",
            "revenue": 960431
        },
        "2002-12": {
            "month": "2002-12",
            "price": "8.40",
            "revenue": 1062703
        },
        "2003-01": {
            "month": "2003-01",
            "price": "11.65",
            "revenue": 1360023
        },
        "2003-02": {
            "month": "2003-02",
            "price": "11.84",
            "revenue": 1185727
        },
        "2003-03": {
            "month": "2003-03",
            "price": "11.59",
            "revenue": 1102122
        },
        "2003-04": {
            "month": "2003-04",
            "price": "12.60",
            "revenue": 974374
        },
        "2003-05": {
            "month": "2003-05",
            "price": "11.80",
            "revenue": 1070390
        },
        "2003-06": {
            "month": "2003-06",
            "price": "13.42",
            "revenue": 1075619
        },
        "2003-07": {
            "month": "2003-07",
            "price": "14.85",
            "revenue": 935177
        },
        "2003-08": {
            "month": "2003-08",
            "price": "15.55",
            "revenue": 921871
        },
        "2003-09": {
            "month": "2003-09",
            "price": "15.59",
            "revenue": 981910
        },
        "2003-10": {
            "month": "2003-10",
            "price": "16.27",
            "revenue": 888207
        },
        "2003-11": {
            "month": "2003-11",
            "price": "16.04",
            "revenue": 928391
        },
        "2003-12": {
            "month": "2003-12",
            "price": "15.96",
            "revenue": 953014
        },
        "2004-01": {
            "month": "2004-01",
            "price": "16.78",
            "revenue": 984190
        },
        "2004-02": {
            "month": "2004-02",
            "price": "18.04",
            "revenue": 1124503
        },
        "2004-03": {
            "month": "2004-03",
            "price": "17.29",
            "revenue": 1033150
        },
        "2004-04": {
            "month": "2004-04",
            "price": "18.55",
            "revenue": 1078768
        },
        "2004-05": {
            "month": "2004-05",
            "price": "16.60",
            "revenue": 1095141
        },
        "2004-06": {
            "month": "2004-06",
            "price": "16.45",
            "revenue": 1017539
        },
        "2004-07": {
            "month": "2004-07",
            "price": "16.33",
            "revenue": 1033462
        },
        "2004-08": {
            "month": "2004-08",
            "price": "16.02",
            "revenue": 1100997
        },
        "2004-09": {
            "month": "2004-09",
            "price": "18.56",
            "revenue": 1183041
        },
        "2004-10": {
            "month": "2004-10",
            "price": "19.98",
            "revenue": 1089268
        },
        "2004-11": {
            "month": "2004-11",
            "price": "20.51",
            "revenue": 1183392
        },
        "2004-12": {
            "month": "2004-12",
            "price": "19.82",
            "revenue": 1097585
        },
        "2005-01": {
            "month": "2005-01",
            "price": "19.52",
            "revenue": 1223467
        },
        "2005-02": {
            "month": "2005-02",
            "price": "19.15",
            "revenue": 1166854
        },
        "2005-03": {
            "month": "2005-03",
            "price": "18.64",
            "revenue": 1242321
        },
        "2005-04": {
            "month": "2005-04",
            "price": "17.77",
            "revenue": 1231826
        },
        "2005-05": {
            "month": "2005-05",
            "price": "17.23",
            "revenue": 1261430
        },
        "2005-06": {
            "month": "2005-06",
            "price": "17.81",
            "revenue": 1561791
        },
        "2005-07": {
            "month": "2005-07",
            "price": "17.27",
            "revenue": 1283473
        },
        "2005-08": {
            "month": "2005-08",
            "price": "16.90",
            "revenue": 1434318
        },
        "2005-09": {
            "month": "2005-09",
            "price": "17.25",
            "revenue": 1156994
        },
        "2005-10": {
            "month": "2005-10",
            "price": "16.80",
            "revenue": 1299963
        },
        "2005-11": {
            "month": "2005-11",
            "price": "16.19",
            "revenue": 1925156
        },
        "2005-12": {
            "month": "2005-12",
            "price": "15.82",
            "revenue": 1314100
        },
        "2006-01": {
            "month": "2006-01",
            "price": "15.75",
            "revenue": 760860
        },
        "2006-02": {
            "month": "2006-02",
            "price": "15.34",
            "revenue": 772816
        },
        "2006-03": {
            "month": "2006-03",
            "price": "12.73",
            "revenue": 792970
        },
        "2006-04": {
            "month": "2006-04",
            "price": "13.55",
            "revenue": 798731
        },
        "2006-05": {
            "month": "2006-05",
            "price": "14.24",
            "revenue": 828849
        },
        "2006-06": {
            "month": "2006-06",
            "price": "13.52",
            "revenue": 556363
        },
        "2006-07": {
            "month": "2006-07",
            "price": "12.60",
            "revenue": 678248
        },
        "2006-08": {
            "month": "2006-08",
            "price": "11.12",
            "revenue": 647736
        },
        "2006-09": {
            "month": "2006-09",
            "price": "11.39",
            "revenue": 621849
        },
        "2006-10": {
            "month": "2006-10",
            "price": "15.34",
            "revenue": 550749
        },
        "2006-11": {
            "month": "2006-11",
            "price": "15.28",
            "revenue": 609277
        },
        "2006-12": {
            "month": "2006-12",
            "price": "15.06",
            "revenue": 518031
        },
        "2007-01": {
            "month": "2007-01",
            "price": "17.60",
            "revenue": 642828
        },
        "2007-02": {
            "month": "2007-02",
            "price": "18.41",
            "revenue": 634201
        },
        "2007-03": {
            "month": "2007-03",
            "price": "16.92",
            "revenue": 723417
        },
        "2007-04": {
            "month": "2007-04",
            "price": "16.74",
            "revenue": 652140
        },
        "2007-05": {
            "month": "2007-05",
            "price": "15.20",
            "revenue": 753790
        },
        "2007-06": {
            "month": "2007-06",
            "price": "14.54",
            "revenue": 862014
        },
        "2007-07": {
            "month": "2007-07",
            "price": "16.73",
            "revenue": 640752
        },
        "2007-08": {
            "month": "2007-08",
            "price": "14.35",
            "revenue": 643347
        },
        "2007-09": {
            "month": "2007-09",
            "price": "14.31",
            "revenue": 661856
        },
        "2007-10": {
            "month": "2007-10",
            "price": "14.44",
            "revenue": 598850
        },
        "2007-11": {
            "month": "2007-11",
            "price": "12.06",
            "revenue": 552381
        },
        "2007-12": {
            "month": "2007-12",
            "price": "10.64",
            "revenue": 567028
        },
        "2008-01": {
            "month": "2008-01",
            "price": "10.81",
            "revenue": 595767
        },
        "2008-02": {
            "month": "2008-02",
            "price": "9.90",
            "revenue": 590758
        },
        "2008-03": {
            "month": "2008-03",
            "price": "11.12",
            "revenue": 600703
        },
        "2008-04": {
            "month": "2008-04",
            "price": "12.70",
            "revenue": 562501
        },
        "2008-05": {
            "month": "2008-05",
            "price": "12.22",
            "revenue": 557879
        },
        "2008-06": {
            "month": "2008-06",
            "price": "10.58",
            "revenue": 414672
        },
        "2008-07": {
            "month": "2008-07",
            "price": "9.08",
            "revenue": 539631
        },
        "2008-08": {
            "month": "2008-08",
            "price": "8.40",
            "revenue": 549487
        },
        "2008-09": {
            "month": "2008-09",
            "price": "6.82",
            "revenue": 256923
        },
        "2008-10": {
            "month": "2008-10",
            "price": "5.33",
            "revenue": 354245
        },
        "2008-11": {
            "month": "2008-11",
            "price": "4.73",
            "revenue": 468308
        },
        "2008-12": {
            "month": "2008-12",
            "price": "5.53",
            "revenue": 107312
        },
        "2009-01": {
            "month": "2009-01",
            "price": "5.21",
            "revenue": 445744
        },
        "2009-02": {
            "month": "2009-02",
            "price": "4.86",
            "revenue": 425954
        },
        "2009-03": {
            "month": "2009-03",
            "price": "4.95",
            "revenue": 502852
        },
        "2009-04": {
            "month": "2009-04",
            "price": "6.32",
            "revenue": 368734
        },
        "2009-05": {
            "month": "2009-05",
            "price": "8.39",
            "revenue": 484221
        },
        "2009-06": {
            "month": "2009-06",
            "price": "8.51",
            "revenue": 456177
        },
        "2009-07": {
            "month": "2009-07",
            "price": "8.17",
            "revenue": 554706
        },
        "2009-08": {
            "month": "2009-08",
            "price": "7.61",
            "revenue": 489787
        },
        "2009-09": {
            "month": "2009-09",
            "price": "9.44",
            "revenue": 893897
        },
        "2009-10": {
            "month": "2009-10",
            "price": "11.01",
            "revenue": 643889
        },
        "2009-11": {
            "month": "2009-11",
            "price": "11.79",
            "revenue": 668601
        },
        "2009-12": {
            "month": "2009-12",
            "price": "11.27",
            "revenue": 95228
        },
        "2010-01": {
            "month": "2010-01",
            "price": "11.44",
            "revenue": 665579
        },
        "2010-02": {
            "month": "2010-02",
            "price": "9.78",
            "revenue": 548918
        },
        "2010-03": {
            "month": "2010-03",
            "price": "10.11",
            "revenue": 640023
        },
        "2010-04": {
            "month": "2010-04",
            "price": "10.49",
            "revenue": 619168
        },
        "2010-05": {
            "month": "2010-05",
            "price": "9.91",
            "revenue": 529945
        },
        "2010-06": {
            "month": "2010-06",
            "price": "9.92",
            "revenue": 654324
        },
        "2010-07": {
            "month": "2010-07",
            "price": "11.87",
            "revenue": 625322
        },
        "2010-08": {
            "month": "2010-08",
            "price": "13.76",
            "revenue": 625439
        },
        "2010-09": {
            "month": "2010-09",
            "price": "13.81",
            "revenue": 657147
        },
        "2010-10": {
            "month": "2010-10",
            "price": "13.88",
            "revenue": 632808
        },
        "2010-11": {
            "month": "2010-11",
            "price": "12.98",
            "revenue": 575700
        },
        "2010-12": {
            "month": "2010-12",
            "price": "13.77",
            "revenue": 616408
        },
        "2011-01": {
            "month": "2011-01",
            "price": "14.69",
            "revenue": 681868
        },
        "2011-02": {
            "month": "2011-02",
            "price": "14.01",
            "revenue": 600226
        },
        "2011-03": {
            "month": "2011-03",
            "price": "12.99",
            "revenue": 619264
        },
        "2011-04": {
            "month": "2011-04",
            "price": "13.55",
            "revenue": 587263
        },
        "2011-05": {
            "month": "2011-05",
            "price": "13.84",
            "revenue": 615164
        },
        "2011-06": {
            "month": "2011-06",
            "price": "13.58",
            "revenue": 613992
        },
        "2011-07": {
            "month": "2011-07",
            "price": "14.31",
            "revenue": 703017
        },
        "2011-08": {
            "month": "2011-08",
            "price": "14.37",
            "revenue": 589809
        },
        "2011-09": {
            "month": "2011-09",
            "price": "12.41",
            "revenue": 712952
        },
        "2011-10": {
            "month": "2011-10",
            "price": "11.84",
            "revenue": 541191
        },
        "2011-11": {
            "month": "2011-11",
            "price": "11.71",
            "revenue": 518338
        },
        "2011-12": {
            "month": "2011-12",
            "price": "11.24",
            "revenue": 1804230
        },
        "2012-01": {
            "month": "2012-01",
            "price": "10.88",
            "revenue": 679797
        },
        "2012-02": {
            "month": "2012-02",
            "price": "12.25",
            "revenue": 778912
        },
        "2012-03": {
            "month": "2012-03",
            "price": "12.09",
            "revenue": 978241
        },
        "2012-04": {
            "month": "2012-04",
            "price": "11.64",
            "revenue": 658700
        },
        "2012-05": {
            "month": "2012-05",
            "price": "11.28",
            "revenue": 801946
        },
        "2012-06": {
            "month": "2012-06",
            "price": "10.92",
            "revenue": 724020
        },
        "2012-07": {
            "month": "2012-07",
            "price": "11.53",
            "revenue": 835521
        },
        "2012-08": {
            "month": "2012-08",
            "price": "11.83",
            "revenue": 794072
        },
        "2012-09": {
            "month": "2012-09",
            "price": "11.88",
            "revenue": 690496
        },
        "2012-10": {
            "month": "2012-10",
            "price": "11.15",
            "revenue": 713076
        },
        "2012-11": {
            "month": "2012-11",
            "price": "10.82",
            "revenue": 716553
        },
        "2012-12": {
            "month": "2012-12",
            "price": "11.45",
            "revenue": 919786
        },
        "2013-01": {
            "month": "2013-01",
            "price": "11.75",
            "revenue": 841734
        },
        "2013-02": {
            "month": "2013-02",
            "price": "12.06",
            "revenue": 705371
        },
        "2013-03": {
            "month": "2013-03",
            "price": "12.01",
            "revenue": 774785
        },
        "2013-04": {
            "month": "2013-04",
            "price": "12.03",
            "revenue": 817602
        },
        "2013-05": {
            "month": "2013-05",
            "price": "12.33",
            "revenue": 817213
        },
        "2013-06": {
            "month": "2013-06",
            "price": "12.25",
            "revenue": 722823
        },
        "2013-07": {
            "month": "2013-07",
            "price": "12.33",
            "revenue": 814765
        },
        "2013-08": {
            "month": "2013-08",
            "price": "12.29",
            "revenue": 829778
        },
        "2013-09": {
            "month": "2013-09",
            "price": "11.90",
            "revenue": 780763
        },
        "2013-10": {
            "month": "2013-10",
            "price": "12.14",
            "revenue": 794707
        },
        "2013-11": {
            "month": "2013-11",
            "price": "12.05",
            "revenue": 848420
        },
        "2013-12": {
            "month": "2013-12",
            "price": "12.18",
            "revenue": 731862
        },
        "2014-01": {
            "month": "2014-01",
            "price": "12.22",
            "revenue": 996010
        },
        "2014-02": {
            "month": "2014-02",
            "price": "11.47",
            "revenue": 801999
        },
        "2014-03": {
            "month": "2014-03",
            "price": "11.02",
            "revenue": 928227
        },
        "2014-04": {
            "month": "2014-04",
            "price": "10.86",
            "revenue": 842510
        },
        "2014-05": {
            "month": "2014-05",
            "price": "10.66",
            "revenue": 857617
        },
        "2014-06": {
            "month": "2014-06",
            "price": "10.89",
            "revenue": 867885
        },
        "2014-07": {
            "month": "2014-07",
            "price": "11.13",
            "revenue": 1009575
        },
        "2014-08": {
            "month": "2014-08",
            "price": "10.63",
            "revenue": 876649
        },
        "2014-09": {
            "month": "2014-09",
            "price": "10.57",
            "revenue": 886186
        },
        "2014-10": {
            "month": "2014-10",
            "price": "10.16",
            "revenue": 858889
        },
        "2014-11": {
            "month": "2014-11",
            "price": "10.23",
            "revenue": 974916
        },
        "2014-12": {
            "month": "2014-12",
            "price": "10.31",
            "revenue": 969587
        },
        "2015-01": {
            "month": "2015-01",
            "price": "10.47",
            "revenue": 891577
        },
        "2015-02": {
            "month": "2015-02",
            "price": "10.53",
            "revenue": 833221
        },
        "2015-03": {
            "month": "2015-03",
            "price": "10.64",
            "revenue": 966428
        },
        "2015-04": {
            "month": "2015-04",
            "price": "11.09",
            "revenue": 932047
        },
        "2015-05": {
            "month": "2015-05",
            "price": "11.16",
            "revenue": 879306
        },
        "2015-06": {
            "month": "2015-06",
            "price": "10.93",
            "revenue": 936630
        },
        "2015-07": {
            "month": "2015-07",
            "price": "10.90",
            "revenue": 939548
        },
        "2015-08": {
            "month": "2015-08",
            "price": "10.58",
            "revenue": 1069469
        },
        "2015-09": {
            "month": "2015-09",
            "price": "9.90",
            "revenue": 961595
        },
        "2015-10": {
            "month": "2015-10",
            "price": "10.00",
            "revenue": 925581
        },
        "2015-11": {
            "month": "2015-11",
            "price": "9.99",
            "revenue": 896909
        },
        "2015-12": {
            "month": "2015-12",
            "price": "9.74",
            "revenue": 1022114
        },
        "2016-01": {
            "month": "2016-01",
            "price": "9.26",
            "revenue": 1011088
        },
        "2016-02": {
            "month": "2016-02",
            "price": "9.36",
            "revenue": 725784
        },
        "2016-03": {
            "month": "2016-03",
            "price": "9.72",
            "revenue": 797213
        },
        "2016-04": {
            "month": "2016-04",
            "price": "9.46",
            "revenue": 917096
        },
        "2016-05": {
            "month": "2016-05",
            "price": "9.14",
            "revenue": 904730
        },
        "2016-06": {
            "month": "2016-06",
            "price": "9.20",
            "revenue": 828603
        },
        "2016-07": {
            "month": "2016-07",
            "price": "9.26",
            "revenue": 983582
        },
        "2016-08": {
            "month": "2016-08",
            "price": "9.49",
            "revenue": 872449
        },
        "2016-09": {
            "month": "2016-09",
            "price": "9.03",
            "revenue": 897578
        },
        "2016-10": {
            "month": "2016-10",
            "price": "8.96",
            "revenue": 910310
        },
        "2016-11": {
            "month": "2016-11",
            "price": "9.02",
            "revenue": 1108450
        },
        "2016-12": {
            "month": "2016-12",
            "price": "9.10",
            "revenue": 994052
        },
        "2017-01": {
            "month": "2017-01",
            "price": "9.13",
            "revenue": 816372
        },
        "2017-02": {
            "month": "2017-02",
            "price": "9.30",
            "revenue": 700544
        },
        "2017-03": {
            "month": "2017-03",
            "price": "9.48",
            "revenue": 964960
        },
        "2017-04": {
            "month": "2017-04",
            "price": "9.46",
            "revenue": 849146
        },
        "2017-05": {
            "month": "2017-05",
            "price": "9.51",
            "revenue": 825594
        },
        "2017-06": {
            "month": "2017-06",
            "price": "9.60",
            "revenue": 1029145
        },
        "2017-07": {
            "month": "2017-07",
            "price": "9.88",
            "revenue": 845174
        },
        "2017-08": {
            "month": "2017-08",
            "price": "9.89",
            "revenue": 991941
        },
        "2017-09": {
            "month": "2017-09",
            "price": "9.39",
            "revenue": 946050
        },
        "2017-10": {
            "month": "2017-10",
            "price": "9.41",
            "revenue": 886387
        },
        "2017-11": {
            "month": "2017-11",
            "price": "9.43",
            "revenue": 848027
        },
        "2017-12": {
            "month": "2017-12",
            "price": "9.52",
            "revenue": 748360
        },
        "2018-01": {
            "month": "2018-01",
            "price": "9.70",
            "revenue": 783930
        },
        "2018-02": {
            "month": "2018-02",
            "price": "9.53",
            "revenue": 728711
        },
        "2018-03": {
            "month": "2018-03",
            "price": "9.64",
            "revenue": 1027960
        },
        "2018-04": {
            "month": "2018-04",
            "price": "9.88",
            "revenue": 906535
        },
        "2018-05": {
            "month": "2018-05",
            "price": "9.96",
            "revenue": 949532
        },
        "2018-06": {
            "month": "2018-06",
            "price": "10.11",
            "revenue": 1028490
        },
        "2018-07": {
            "month": "2018-07",
            "price": "10.12",
            "revenue": 1135709
        },
        "2018-08": {
            "month": "2018-08",
            "price": "10.69",
            "revenue": 956670
        },
        "2018-09": {
            "month": "2018-09",
            "price": "10.67",
            "revenue": 922235
        },
        "2018-10": {
            "month": "2018-10",
            "price": "10.14",
            "revenue": 855412
        },
        "2018-11": {
            "month": "2018-11",
            "price": "10.14",
            "revenue": 1014726
        },
        "2018-12": {
            "month": "2018-12",
            "price": "10.08",
            "revenue": 901051
        },
        "2019-01": {
            "month": "2019-01",
            "price": "10.22",
            "revenue": 1174805
        },
        "2019-02": {
            "month": "2019-02",
            "price": "10.72",
            "revenue": 849143
        },
        "2019-03": {
            "month": "2019-03",
            "price": "11.07",
            "revenue": 1100061
        },
        "2019-04": {
            "month": "2019-04",
            "price": "11.24",
            "revenue": 917136
        },
        "2019-05": {
            "month": "2019-05",
            "price": "11.76",
            "revenue": 900642
        },
        "2019-06": {
            "month": "2019-06",
            "price": "12.12",
            "revenue": 1099020
        },
        "2019-07": {
            "month": "2019-07",
            "price": "12.50",
            "revenue": 1029396
        },
        "2019-08": {
            "month": "2019-08",
            "price": "12.25",
            "revenue": 985947
        },
        "2019-09": {
            "month": "2019-09",
            "price": "12.05",
            "revenue": 847204
        },
        "2019-10": {
            "month": "2019-10",
            "price": "11.98",
            "revenue": 1032976
        },
        "2019-11": {
            "month": "2019-11",
            "price": "12.16",
            "revenue": 867393
        },
        "2019-12": {
            "month": "2019-12",
            "price": "11.99",
            "revenue": 909707
        },
        "2020-01": {
            "month": "2020-01",
            "price": "12.04",
            "revenue": 1060043
        },
        "2020-02": {
            "month": "2020-02",
            "price": "11.91",
            "revenue": 958616
        },
        "2020-03": {
            "month": "2020-03",
            "price": "10.48",
            "revenue": 275454
        },
        "2020-04": {
            "month": "2020-04",
            "price": "10.22",
            "revenue": 1230541
        },
        "2020-05": {
            "month": "2020-05",
            "price": "10.66",
            "revenue": 1103194
        },
        "2020-06": {
            "month": "2020-06",
            "price": "11.08",
            "revenue": 1012785
        },
        "2020-07": {
            "month": "2020-07",
            "price": "11.19",
            "revenue": 1066604
        },
        "2020-08": {
            "month": "2020-08",
            "price": "11.24",
            "revenue": 1048794
        },
        "2020-09": {
            "month": "2020-09",
            "price": "10.30",
            "revenue": 780289
        },
        "2020-10": {
            "month": "2020-10",
            "price": "10.34",
            "revenue": 925018
        },
        "2020-11": {
            "month": "2020-11",
            "price": "10.65",
            "revenue": 933339
        },
        "2020-12": {
            "month": "2020-12",
            "price": "10.67",
            "revenue": 852284
        },
        "2021-01": {
            "month": "2021-01",
            "price": "10.54",
            "revenue": 957112
        },
        "2021-02": {
            "month": "2021-02",
            "price": "10.48",
            "revenue": 920534
        },
        "2021-03": {
            "month": "2021-03",
            "price": "10.72",
            "revenue": 945384
        },
        "2021-04": {
            "month": "2021-04",
            "price": "10.85",
            "revenue": 915129
        },
        "2021-05": {
            "month": "2021-05",
            "price": "10.62",
            "revenue": 877098
        },
        "2021-06": {
            "month": "2021-06",
            "price": "10.56",
            "revenue": 957057
        },
        "2021-07": {
            "month": "2021-07",
            "price": "10.68",
            "revenue": 964022
        },
        "2021-08": {
            "month": "2021-08",
            "price": "10.75",
            "revenue": 961934
        },
        "2021-09": {
            "month": "2021-09",
            "price": "10.81",
            "revenue": 892677
        },
        "2021-10": {
            "month": "2021-10",
            "price": "10.46",
            "revenue": 873737
        },
        "2021-11": {
            "month": "2021-11",
            "price": "10.59",
            "revenue": 932763
        },
        "2021-12": {
            "month": "2021-12",
            "price": "10.61",
            "revenue": 597617
        },
        "2022-01": {
            "month": "2022-01",
            "price": "11.04",
            "revenue": 981976
        },
        "2022-02": {
            "month": "2022-02",
            "price": "11.35",
            "revenue": 701056
        },
        "2022-03": {
            "month": "2022-03",
            "price": "11.49",
            "revenue": 866867
        },
        "2022-04": {
            "month": "2022-04",
            "price": "12.34",
            "revenue": 1025486
        },
        "2022-05": {
            "month": "2022-05",
            "price": "11.56",
            "revenue": 984628
        },
        "2022-06": {
            "month": "2022-06",
            "price": "11.47",
            "revenue": 932458
        },
        "2022-07": {
            "month": "2022-07",
            "price": "11.09",
            "revenue": 1028245
        },
        "2022-08": {
            "month": "2022-08",
            "price": "11.74",
            "revenue": 1128926
        },
        "2022-09": {
            "month": "2022-09",
            "price": "11.41",
            "revenue": 709086
        },
        "2022-10": {
            "month": "2022-10",
            "price": "10.56",
            "revenue": 1026802
        },
        "2022-11": {
            "month": "2022-11",
            "price": "10.78",
            "revenue": 1163514
        },
        "2022-12": {
            "month": "2022-12",
            "price": "11.07",
            "revenue": 1189258
        },
        "2023-01": {
            "month": "2023-01",
            "price": "11.41",
            "revenue": 1042533
        },
        "2023-02": {
            "month": "2023-02",
            "price": "11.77",
            "revenue": 953833
        },
        "2023-03": {
            "month": "2023-03",
            "price": "11.22",
            "revenue": 1057844
        },
        "2023-04": {
            "month": "2023-04",
            "price": "11.18",
            "revenue": 1117353
        },
        "2023-05": {
            "month": "2023-05",
            "price": "11.26",
            "revenue": 1017755
        },
        "2023-06": {
            "month": "2023-06",
            "price": "11.60",
            "revenue": 1219587
        },
        "2023-07": {
            "month": "2023-07",
            "price": "11.65",
            "revenue": 1172180
        },
        "2023-08": {
            "month": "2023-08",
            "price": "11.59",
            "revenue": 1157078
        },
        "2023-09": {
            "month": "2023-09",
            "price": "11.66",
            "revenue": 1083254
        },
        "2023-10": {
            "month": "2023-10",
            "price": "11.62",
            "revenue": 953894
        },
        "2023-11": {
            "month": "2023-11",
            "price": "11.87",
            "revenue": 1083828
        },
        "2023-12": {
            "month": "2023-12",
            "price": "12.51",
            "revenue": 936172
        }
    }
}
