{
    "summary": {
        "stock_name": "大眾銀",
        "stock_id": "2847",
        "category": "金融",
        "main_business": "H101021商業銀行業H601011人身保險代理人H601021財產保險代理人",
        "website_url": "",
        "ceo": "金家琳",
        "pe_ratio": 54,
        "report_year_from": 2001,
        "report_year_to": 2017,
        "age": 22,
        "eps_negative_percentage": 0,
        "eps_growth_avg": {
            "last_all": -1.02,
            "last_2y": -46.03,
            "last_4y": -21.22,
            "last_8y": null,
            "last_12y": null,
            "last_16y": null,
            "last_20y": null,
            "at_2006_last_3y": null,
            "at_2007_last_3y": null,
            "at_2008_last_3y": null,
            "at_2009_last_3y": null,
            "at_2010_last_3y": null,
            "at_2011_last_3y": null,
            "at_2012_last_3y": null,
            "at_2013_last_3y": null,
            "at_2014_last_3y": 30.83,
            "at_2015_last_3y": -4.31,
            "at_2016_last_3y": -23.27,
            "at_2017_last_3y": -23.27,
            "at_2018_last_3y": -23.27,
            "at_2019_last_3y": -23.27,
            "at_2020_last_3y": -23.27,
            "at_2021_last_3y": -23.27,
            "at_2022_last_3y": -23.27,
            "at_2023_last_3y": -23.27,
            "at_2006_last_all": null,
            "at_2007_last_all": null,
            "at_2008_last_all": null,
            "at_2009_last_all": null,
            "at_2010_last_all": null,
            "at_2011_last_all": null,
            "at_2012_last_all": 43.48,
            "at_2013_last_all": 43.99,
            "at_2014_last_all": 30.83,
            "at_2015_last_all": 16.55,
            "at_2016_last_all": -1.02,
            "at_2017_last_all": -1.02,
            "at_2018_last_all": -1.02,
            "at_2019_last_all": -1.02,
            "at_2020_last_all": -1.02,
            "at_2021_last_all": -1.02,
            "at_2022_last_all": -1.02,
            "at_2023_last_all": -1.02
        },
        "latest_eps": 0.24,
        "latest_price": 13,
        "latest_roe": 2.38,
        "latest_gross_margin": null,
        "latest_equity": 46114016,
        "latest_revenue": 2470862,
        "latest_gross_profit": null,
        "latest_net_income": 802449,
        "latest_debt_ratio": 89.5,
        "latest_current_ratio": null,
        "latest_account_receivable_turnover_ratio": null,
        "latest_inventory_turnover_ratio": null,
        "latest_reinvestment_rate": 40.59,
        "latest_research_to_sale_ratio": null
    },
    "eps_dividends": {
        "2001": {
            "cash": 0,
            "stock": 0,
            "eps": 0
        },
        "2002": {
            "cash": 0,
            "stock": 0,
            "eps": 0
        },
        "2003": {
            "cash": 0,
            "stock": 0,
            "eps": 0
        },
        "2004": {
            "cash": 0,
            "stock": 0,
            "eps": 0
        },
        "2005": {
            "cash": 0,
            "stock": 0,
            "eps": 0
        },
        "2006": {
            "cash": 0,
            "stock": 0,
            "eps": 0
        },
        "2007": {
            "cash": 0,
            "stock": 0,
            "eps": 0
        },
        "2008": {
            "cash": 0,
            "stock": 0,
            "eps": 0
        },
        "2009": {
            "cash": 0,
            "stock": 0,
            "eps": 0
        },
        "2010": {
            "cash": 0,
            "stock": 0,
            "eps": 0.4
        },
        "2011": {
            "cash": 0,
            "stock": 0,
            "eps": 0.92
        },
        "2012": {
            "cash": 0,
            "stock": 0,
            "eps": 0.8
        },
        "2013": {
            "cash": 0,
            "stock": 0,
            "eps": 1.16
        },
        "2014": {
            "cash": 0,
            "stock": 0,
            "eps": 1.06
        },
        "2015": {
            "cash": 0,
            "stock": 0,
            "eps": 0.63
        },
        "2016": {
            "cash": 0,
            "stock": 0,
            "eps": 0.07
        }
    },
    "dividends": [],
    "prices": {
        "200101": "5.26",
        "200102": "5.76",
        "200103": "5.69",
        "200104": "5.13",
        "200105": "4.51",
        "200106": "5.19",
        "200107": "4.58",
        "200108": "4.67",
        "200109": "4.59",
        "200110": "4.89",
        "200111": "4.69",
        "200112": "5.00",
        "200201": "4.91",
        "200202": "4.60",
        "200203": "4.69",
        "200204": "5.92",
        "200205": "6.15",
        "200206": "6.34",
        "200207": "5.78",
        "200208": "5.28",
        "200209": "4.62",
        "200210": "4.30",
        "200211": "4.91",
        "200212": "5.50",
        "200301": "7.49",
        "200302": "8.24",
        "200303": "7.96",
        "200304": "8.55",
        "200305": "7.99",
        "200306": "8.78",
        "200307": "9.16",
        "200308": "9.28",
        "200309": "9.42",
        "200310": "9.72",
        "200311": "10.14",
        "200312": "9.82",
        "200401": "10.82",
        "200402": "13.42",
        "200403": "13.36",
        "200404": "13.33",
        "200405": "11.18",
        "200406": "10.83",
        "200407": "10.10",
        "200408": "9.86",
        "200409": "10.80",
        "200410": "11.90",
        "200411": "11.97",
        "200412": "11.91",
        "200501": "11.56",
        "200502": "11.02",
        "200503": "10.52",
        "200504": "9.54",
        "200505": "9.48",
        "200506": "9.77",
        "200507": "10.11",
        "200508": "10.06",
        "200509": "9.31",
        "200510": "9.08",
        "200511": "9.14",
        "200512": "9.15",
        "200601": "8.98",
        "200602": "8.60",
        "200603": "7.03",
        "200604": "7.74",
        "200605": "8.48",
        "200606": "8.30",
        "200607": "8.41",
        "200608": "8.75",
        "200609": "9.31",
        "200610": "10.42",
        "200611": "9.78",
        "200612": "10.29",
        "200701": "10.69",
        "200702": "10.71",
        "200703": "10.65",
        "200704": "10.35",
        "200705": "9.55",
        "200706": "10.01",
        "200707": "12.08",
        "200708": "10.32",
        "200709": "10.93",
        "200710": "11.83",
        "200711": "10.84",
        "200712": "9.82",
        "200801": "9.74",
        "200802": "9.64",
        "200803": "9.59",
        "200804": "10.06",
        "200805": "10.32",
        "200806": "10.04",
        "200807": "8.67",
        "200808": "8.20",
        "200809": "7.78",
        "200810": "5.54",
        "200811": "5.18",
        "200812": "4.99",
        "200901": "4.23",
        "200902": "3.76",
        "200903": "3.79",
        "200904": "4.69",
        "200905": "5.69",
        "200906": "5.86",
        "200907": "5.98",
        "200908": "5.55",
        "200909": "5.57",
        "200910": "6.78",
        "200911": "6.79",
        "200912": "6.57",
        "201001": "6.75",
        "201002": "6.06",
        "201003": "6.26",
        "201004": "6.55",
        "201005": "6.19",
        "201006": "6.43",
        "201007": "7.58",
        "201008": "8.57",
        "201009": "8.14",
        "201010": "7.49",
        "201011": "7.74",
        "201012": "10.80",
        "201101": "12.37",
        "201102": "11.78",
        "201103": "10.73",
        "201104": "10.91",
        "201105": "11.03",
        "201106": "10.93",
        "201107": "11.47",
        "201108": "9.88",
        "201109": "8.57",
        "201110": "8.44",
        "201111": "8.49",
        "201112": "7.36",
        "201201": "7.08",
        "201202": "10.13",
        "201203": "11.88",
        "201204": "11.28",
        "201205": "11.15",
        "201206": "8.91",
        "201207": "9.28",
        "201208": "9.27",
        "201209": "9.74",
        "201210": "9.65",
        "201211": "9.21",
        "201212": "9.90",
        "201301": "9.95",
        "201302": "10.72",
        "201303": "11.02",
        "201304": "10.48",
        "201305": "10.45",
        "201306": "10.00",
        "201307": "10.07",
        "201308": "9.54",
        "201309": "9.84",
        "201310": "10.29",
        "201311": "10.34",
        "201312": "10.75",
        "201401": "10.77",
        "201402": "10.58",
        "201403": "10.23",
        "201404": "10.20",
        "201405": "10.03",
        "201406": "10.10",
        "201407": "10.03",
        "201408": "9.49",
        "201409": "9.74",
        "201410": "9.76",
        "201411": "10.23",
        "201412": "10.65",
        "201501": "10.52",
        "201502": "10.53",
        "201503": "10.44",
        "201504": "10.69",
        "201505": "11.06",
        "201506": "10.81",
        "201507": "11.60",
        "201508": "13.05",
        "201509": "13.56",
        "201510": "13.67",
        "201511": "13.78",
        "201512": "13.40",
        "201601": "12.62",
        "201602": "12.93",
        "201603": "13.30",
        "201604": "無",
        "201605": "無",
        "201606": "無",
        "201607": "無",
        "201608": "無",
        "201609": "無",
        "201610": "無",
        "201611": "無",
        "201612": "無",
        "201701": "無",
        "201702": "無",
        "201703": "無",
        "201704": "無",
        "201705": "無",
        "201706": "無",
        "201707": "無",
        "201708": "無",
        "201709": "無",
        "201710": "無",
        "201711": "無",
        "201712": "無",
        "201801": "無",
        "201802": "無",
        "201803": "無",
        "201804": "無",
        "201805": "無",
        "201806": "無",
        "201807": "無",
        "201808": "無",
        "201809": "無",
        "201810": "無",
        "201811": "無",
        "201812": "無",
        "201901": "無",
        "201902": "無",
        "201903": "無",
        "201904": "無",
        "201905": "無",
        "201906": "無",
        "201907": "無",
        "201908": "無",
        "201909": "無",
        "201910": "無",
        "201911": "無",
        "201912": "無",
        "202001": "無",
        "202002": "無",
        "202003": "無",
        "202004": "無",
        "202005": "無",
        "202006": "無",
        "202007": "無",
        "202008": "無",
        "202009": "無",
        "202010": "無",
        "202011": "無",
        "202012": "無",
        "202101": "無",
        "202102": "無",
        "202103": "無",
        "202104": "無",
        "202105": "無",
        "202106": "無",
        "202107": "無",
        "202108": "無",
        "202109": "無",
        "202110": "無",
        "202111": "無",
        "202112": "無",
        "202201": "無",
        "202202": "無",
        "202203": "無",
        "202204": "無",
        "202205": "無",
        "202206": "無",
        "202207": "無",
        "202208": "無",
        "202209": "無",
        "202210": "無",
        "202211": "無",
        "202212": "無",
        "202301": "無",
        "202302": "無",
        "202303": "無",
        "202304": "無",
        "202305": "無",
        "202306": "無"
    },
    "quarters": {
        "20011": {
            "year_quarter": 20011,
            "year": 2001,
            "quarter": 1,
            "eps": null,
            "eps_growth_year": null,
            "eps_4q": null,
            "eps_4q_growth_year": null,
            "roe": null,
            "roe_4q": 0,
            "gross_profit": null,
            "gross_margin": null,
            "gross_margin_4q_avg": 0,
            "net_income": null,
            "revenue": null,
            "common_shares": null,
            "book_valuer_per_share": null,
            "book_valuer_per_share_4q_avg": 0,
            "equity": null,
            "current_ratio": null,
            "debt_ratio": null,
            "inventory_turnover_ratio": null,
            "account_receivable_turnover_ratio": null,
            "reinvestment_rate": null,
            "research_to_sale_ratio": null,
            "price_fair": 0,
            "eps_avg_yearly": 0,
            "eps_latest_yearly": 0,
            "eps_growth_yearly": 0
        },
        "20012": {
            "year_quarter": 20012,
            "year": 2001,
            "quarter": 2,
            "eps": null,
            "eps_growth_year": null,
            "eps_4q": null,
            "eps_4q_growth_year": null,
            "roe": null,
            "roe_4q": 0,
            "gross_profit": null,
            "gross_margin": null,
            "gross_margin_4q_avg": 0,
            "net_income": null,
            "revenue": null,
            "common_shares": null,
            "book_valuer_per_share": null,
            "book_valuer_per_share_4q_avg": 0,
            "equity": null,
            "current_ratio": null,
            "debt_ratio": null,
            "inventory_turnover_ratio": null,
            "account_receivable_turnover_ratio": null,
            "reinvestment_rate": null,
            "research_to_sale_ratio": null,
            "price_fair": 0,
            "eps_avg_yearly": 0,
            "eps_latest_yearly": 0,
            "eps_growth_yearly": 0
        },
        "20013": {
            "year_quarter": 20013,
            "year": 2001,
            "quarter": 3,
            "eps": null,
            "eps_growth_year": null,
            "eps_4q": null,
            "eps_4q_growth_year": null,
            "roe": null,
            "roe_4q": 0,
            "gross_profit": null,
            "gross_margin": null,
            "gross_margin_4q_avg": 0,
            "net_income": null,
            "revenue": null,
            "common_shares": null,
            "book_valuer_per_share": null,
            "book_valuer_per_share_4q_avg": 0,
            "equity": null,
            "current_ratio": null,
            "debt_ratio": null,
            "inventory_turnover_ratio": null,
            "account_receivable_turnover_ratio": null,
            "reinvestment_rate": null,
            "research_to_sale_ratio": null,
            "price_fair": 0,
            "eps_avg_yearly": 0,
            "eps_latest_yearly": 0,
            "eps_growth_yearly": 0
        },
        "20014": {
            "year_quarter": 20014,
            "year": 2001,
            "quarter": 4,
            "eps": null,
            "eps_growth_year": null,
            "eps_4q": null,
            "eps_4q_growth_year": null,
            "roe": null,
            "roe_4q": 0,
            "gross_profit": null,
            "gross_margin": null,
            "gross_margin_4q_avg": 0,
            "net_income": null,
            "revenue": null,
            "common_shares": null,
            "book_valuer_per_share": null,
            "book_valuer_per_share_4q_avg": 0,
            "equity": null,
            "current_ratio": null,
            "debt_ratio": null,
            "inventory_turnover_ratio": null,
            "account_receivable_turnover_ratio": null,
            "reinvestment_rate": null,
            "research_to_sale_ratio": null,
            "price_fair": 0,
            "eps_avg_yearly": 0,
            "eps_latest_yearly": 0,
            "eps_growth_yearly": 0
        },
        "20021": {
            "year_quarter": 20021,
            "year": 2002,
            "quarter": 1,
            "eps": null,
            "eps_growth_year": null,
            "eps_4q": null,
            "eps_4q_growth_year": null,
            "roe": null,
            "roe_4q": 0,
            "gross_profit": null,
            "gross_margin": null,
            "gross_margin_4q_avg": 0,
            "net_income": null,
            "revenue": null,
            "common_shares": null,
            "book_valuer_per_share": null,
            "book_valuer_per_share_4q_avg": 0,
            "equity": null,
            "current_ratio": null,
            "debt_ratio": null,
            "inventory_turnover_ratio": null,
            "account_receivable_turnover_ratio": null,
            "reinvestment_rate": null,
            "research_to_sale_ratio": null,
            "price_fair": 0,
            "eps_avg_yearly": 0,
            "eps_latest_yearly": 0,
            "eps_growth_yearly": 0
        },
        "20022": {
            "year_quarter": 20022,
            "year": 2002,
            "quarter": 2,
            "eps": null,
            "eps_growth_year": null,
            "eps_4q": null,
            "eps_4q_growth_year": null,
            "roe": null,
            "roe_4q": 0,
            "gross_profit": null,
            "gross_margin": null,
            "gross_margin_4q_avg": 0,
            "net_income": null,
            "revenue": null,
            "common_shares": null,
            "book_valuer_per_share": null,
            "book_valuer_per_share_4q_avg": 0,
            "equity": null,
            "current_ratio": null,
            "debt_ratio": null,
            "inventory_turnover_ratio": null,
            "account_receivable_turnover_ratio": null,
            "reinvestment_rate": null,
            "research_to_sale_ratio": null,
            "price_fair": 0,
            "eps_avg_yearly": 0,
            "eps_latest_yearly": 0,
            "eps_growth_yearly": 0
        },
        "20023": {
            "year_quarter": 20023,
            "year": 2002,
            "quarter": 3,
            "eps": null,
            "eps_growth_year": null,
            "eps_4q": null,
            "eps_4q_growth_year": null,
            "roe": null,
            "roe_4q": 0,
            "gross_profit": null,
            "gross_margin": null,
            "gross_margin_4q_avg": 0,
            "net_income": null,
            "revenue": null,
            "common_shares": null,
            "book_valuer_per_share": null,
            "book_valuer_per_share_4q_avg": 0,
            "equity": null,
            "current_ratio": null,
            "debt_ratio": null,
            "inventory_turnover_ratio": null,
            "account_receivable_turnover_ratio": null,
            "reinvestment_rate": null,
            "research_to_sale_ratio": null,
            "price_fair": 0,
            "eps_avg_yearly": 0,
            "eps_latest_yearly": 0,
            "eps_growth_yearly": 0
        },
        "20024": {
            "year_quarter": 20024,
            "year": 2002,
            "quarter": 4,
            "eps": null,
            "eps_growth_year": null,
            "eps_4q": null,
            "eps_4q_growth_year": null,
            "roe": null,
            "roe_4q": 0,
            "gross_profit": null,
            "gross_margin": null,
            "gross_margin_4q_avg": 0,
            "net_income": null,
            "revenue": null,
            "common_shares": null,
            "book_valuer_per_share": null,
            "book_valuer_per_share_4q_avg": 0,
            "equity": null,
            "current_ratio": null,
            "debt_ratio": null,
            "inventory_turnover_ratio": null,
            "account_receivable_turnover_ratio": null,
            "reinvestment_rate": null,
            "research_to_sale_ratio": null,
            "price_fair": 0,
            "eps_avg_yearly": 0,
            "eps_latest_yearly": 0,
            "eps_growth_yearly": 0
        },
        "20031": {
            "year_quarter": 20031,
            "year": 2003,
            "quarter": 1,
            "eps": null,
            "eps_growth_year": null,
            "eps_4q": null,
            "eps_4q_growth_year": null,
            "roe": null,
            "roe_4q": 0,
            "gross_profit": null,
            "gross_margin": null,
            "gross_margin_4q_avg": 0,
            "net_income": null,
            "revenue": null,
            "common_shares": null,
            "book_valuer_per_share": null,
            "book_valuer_per_share_4q_avg": 0,
            "equity": null,
            "current_ratio": null,
            "debt_ratio": null,
            "inventory_turnover_ratio": null,
            "account_receivable_turnover_ratio": null,
            "reinvestment_rate": null,
            "research_to_sale_ratio": null,
            "price_fair": 0,
            "eps_avg_yearly": 0,
            "eps_latest_yearly": 0,
            "eps_growth_yearly": 0
        },
        "20032": {
            "year_quarter": 20032,
            "year": 2003,
            "quarter": 2,
            "eps": null,
            "eps_growth_year": null,
            "eps_4q": null,
            "eps_4q_growth_year": null,
            "roe": null,
            "roe_4q": 0,
            "gross_profit": null,
            "gross_margin": null,
            "gross_margin_4q_avg": 0,
            "net_income": null,
            "revenue": null,
            "common_shares": null,
            "book_valuer_per_share": null,
            "book_valuer_per_share_4q_avg": 0,
            "equity": null,
            "current_ratio": null,
            "debt_ratio": null,
            "inventory_turnover_ratio": null,
            "account_receivable_turnover_ratio": null,
            "reinvestment_rate": null,
            "research_to_sale_ratio": null,
            "price_fair": 0,
            "eps_avg_yearly": 0,
            "eps_latest_yearly": 0,
            "eps_growth_yearly": 0
        },
        "20033": {
            "year_quarter": 20033,
            "year": 2003,
            "quarter": 3,
            "eps": null,
            "eps_growth_year": null,
            "eps_4q": null,
            "eps_4q_growth_year": null,
            "roe": null,
            "roe_4q": 0,
            "gross_profit": null,
            "gross_margin": null,
            "gross_margin_4q_avg": 0,
            "net_income": null,
            "revenue": null,
            "common_shares": null,
            "book_valuer_per_share": null,
            "book_valuer_per_share_4q_avg": 0,
            "equity": null,
            "current_ratio": null,
            "debt_ratio": null,
            "inventory_turnover_ratio": null,
            "account_receivable_turnover_ratio": null,
            "reinvestment_rate": null,
            "research_to_sale_ratio": null,
            "price_fair": 0,
            "eps_avg_yearly": 0,
            "eps_latest_yearly": 0,
            "eps_growth_yearly": 0
        },
        "20034": {
            "year_quarter": 20034,
            "year": 2003,
            "quarter": 4,
            "eps": null,
            "eps_growth_year": null,
            "eps_4q": null,
            "eps_4q_growth_year": null,
            "roe": null,
            "roe_4q": 0,
            "gross_profit": null,
            "gross_margin": null,
            "gross_margin_4q_avg": 0,
            "net_income": null,
            "revenue": null,
            "common_shares": null,
            "book_valuer_per_share": null,
            "book_valuer_per_share_4q_avg": 0,
            "equity": null,
            "current_ratio": null,
            "debt_ratio": null,
            "inventory_turnover_ratio": null,
            "account_receivable_turnover_ratio": null,
            "reinvestment_rate": null,
            "research_to_sale_ratio": null,
            "price_fair": 0,
            "eps_avg_yearly": 0,
            "eps_latest_yearly": 0,
            "eps_growth_yearly": 0
        },
        "20041": {
            "year_quarter": 20041,
            "year": 2004,
            "quarter": 1,
            "eps": null,
            "eps_growth_year": null,
            "eps_4q": null,
            "eps_4q_growth_year": null,
            "roe": null,
            "roe_4q": 0,
            "gross_profit": null,
            "gross_margin": null,
            "gross_margin_4q_avg": 0,
            "net_income": null,
            "revenue": null,
            "common_shares": null,
            "book_valuer_per_share": null,
            "book_valuer_per_share_4q_avg": 0,
            "equity": null,
            "current_ratio": null,
            "debt_ratio": null,
            "inventory_turnover_ratio": null,
            "account_receivable_turnover_ratio": null,
            "reinvestment_rate": null,
            "research_to_sale_ratio": null,
            "price_fair": 0,
            "eps_avg_yearly": 0,
            "eps_latest_yearly": 0,
            "eps_growth_yearly": 0
        },
        "20042": {
            "year_quarter": 20042,
            "year": 2004,
            "quarter": 2,
            "eps": null,
            "eps_growth_year": null,
            "eps_4q": null,
            "eps_4q_growth_year": null,
            "roe": null,
            "roe_4q": 0,
            "gross_profit": null,
            "gross_margin": null,
            "gross_margin_4q_avg": 0,
            "net_income": null,
            "revenue": null,
            "common_shares": null,
            "book_valuer_per_share": null,
            "book_valuer_per_share_4q_avg": 0,
            "equity": null,
            "current_ratio": null,
            "debt_ratio": null,
            "inventory_turnover_ratio": null,
            "account_receivable_turnover_ratio": null,
            "reinvestment_rate": null,
            "research_to_sale_ratio": null,
            "price_fair": 0,
            "eps_avg_yearly": 0,
            "eps_latest_yearly": 0,
            "eps_growth_yearly": 0
        },
        "20043": {
            "year_quarter": 20043,
            "year": 2004,
            "quarter": 3,
            "eps": null,
            "eps_growth_year": null,
            "eps_4q": null,
            "eps_4q_growth_year": null,
            "roe": null,
            "roe_4q": 0,
            "gross_profit": null,
            "gross_margin": null,
            "gross_margin_4q_avg": 0,
            "net_income": null,
            "revenue": null,
            "common_shares": null,
            "book_valuer_per_share": null,
            "book_valuer_per_share_4q_avg": 0,
            "equity": null,
            "current_ratio": null,
            "debt_ratio": null,
            "inventory_turnover_ratio": null,
            "account_receivable_turnover_ratio": null,
            "reinvestment_rate": null,
            "research_to_sale_ratio": null,
            "price_fair": 0,
            "eps_avg_yearly": 0,
            "eps_latest_yearly": 0,
            "eps_growth_yearly": 0
        },
        "20044": {
            "year_quarter": 20044,
            "year": 2004,
            "quarter": 4,
            "eps": null,
            "eps_growth_year": null,
            "eps_4q": null,
            "eps_4q_growth_year": null,
            "roe": null,
            "roe_4q": 0,
            "gross_profit": null,
            "gross_margin": null,
            "gross_margin_4q_avg": 0,
            "net_income": null,
            "revenue": null,
            "common_shares": null,
            "book_valuer_per_share": null,
            "book_valuer_per_share_4q_avg": 0,
            "equity": null,
            "current_ratio": null,
            "debt_ratio": null,
            "inventory_turnover_ratio": null,
            "account_receivable_turnover_ratio": null,
            "reinvestment_rate": null,
            "research_to_sale_ratio": null,
            "price_fair": 0,
            "eps_avg_yearly": 0,
            "eps_latest_yearly": 0,
            "eps_growth_yearly": 0
        },
        "20051": {
            "year_quarter": 20051,
            "year": 2005,
            "quarter": 1,
            "eps": null,
            "eps_growth_year": null,
            "eps_4q": null,
            "eps_4q_growth_year": null,
            "roe": null,
            "roe_4q": 0,
            "gross_profit": null,
            "gross_margin": null,
            "gross_margin_4q_avg": 0,
            "net_income": null,
            "revenue": null,
            "common_shares": null,
            "book_valuer_per_share": null,
            "book_valuer_per_share_4q_avg": 0,
            "equity": null,
            "current_ratio": null,
            "debt_ratio": null,
            "inventory_turnover_ratio": null,
            "account_receivable_turnover_ratio": null,
            "reinvestment_rate": null,
            "research_to_sale_ratio": null,
            "price_fair": 0,
            "eps_avg_yearly": 0,
            "eps_latest_yearly": 0,
            "eps_growth_yearly": 0
        },
        "20052": {
            "year_quarter": 20052,
            "year": 2005,
            "quarter": 2,
            "eps": null,
            "eps_growth_year": null,
            "eps_4q": null,
            "eps_4q_growth_year": null,
            "roe": null,
            "roe_4q": 0,
            "gross_profit": null,
            "gross_margin": null,
            "gross_margin_4q_avg": 0,
            "net_income": null,
            "revenue": null,
            "common_shares": null,
            "book_valuer_per_share": null,
            "book_valuer_per_share_4q_avg": 0,
            "equity": null,
            "current_ratio": null,
            "debt_ratio": null,
            "inventory_turnover_ratio": null,
            "account_receivable_turnover_ratio": null,
            "reinvestment_rate": null,
            "research_to_sale_ratio": null,
            "price_fair": 0,
            "eps_avg_yearly": 0,
            "eps_latest_yearly": 0,
            "eps_growth_yearly": 0
        },
        "20053": {
            "year_quarter": 20053,
            "year": 2005,
            "quarter": 3,
            "eps": null,
            "eps_growth_year": null,
            "eps_4q": null,
            "eps_4q_growth_year": null,
            "roe": null,
            "roe_4q": 0,
            "gross_profit": null,
            "gross_margin": null,
            "gross_margin_4q_avg": 0,
            "net_income": null,
            "revenue": null,
            "common_shares": null,
            "book_valuer_per_share": null,
            "book_valuer_per_share_4q_avg": 0,
            "equity": null,
            "current_ratio": null,
            "debt_ratio": null,
            "inventory_turnover_ratio": null,
            "account_receivable_turnover_ratio": null,
            "reinvestment_rate": null,
            "research_to_sale_ratio": null,
            "price_fair": 0,
            "eps_avg_yearly": 0,
            "eps_latest_yearly": 0,
            "eps_growth_yearly": 0
        },
        "20054": {
            "year_quarter": 20054,
            "year": 2005,
            "quarter": 4,
            "eps": null,
            "eps_growth_year": null,
            "eps_4q": null,
            "eps_4q_growth_year": null,
            "roe": null,
            "roe_4q": 0,
            "gross_profit": null,
            "gross_margin": null,
            "gross_margin_4q_avg": 0,
            "net_income": null,
            "revenue": null,
            "common_shares": null,
            "book_valuer_per_share": null,
            "book_valuer_per_share_4q_avg": 0,
            "equity": null,
            "current_ratio": null,
            "debt_ratio": null,
            "inventory_turnover_ratio": null,
            "account_receivable_turnover_ratio": null,
            "reinvestment_rate": null,
            "research_to_sale_ratio": null,
            "price_fair": 0,
            "eps_avg_yearly": 0,
            "eps_latest_yearly": 0,
            "eps_growth_yearly": 0
        },
        "20061": {
            "year_quarter": 20061,
            "year": 2006,
            "quarter": 1,
            "eps": null,
            "eps_growth_year": null,
            "eps_4q": null,
            "eps_4q_growth_year": null,
            "roe": null,
            "roe_4q": 0,
            "gross_profit": null,
            "gross_margin": null,
            "gross_margin_4q_avg": 0,
            "net_income": null,
            "revenue": null,
            "common_shares": null,
            "book_valuer_per_share": null,
            "book_valuer_per_share_4q_avg": 0,
            "equity": null,
            "current_ratio": null,
            "debt_ratio": null,
            "inventory_turnover_ratio": null,
            "account_receivable_turnover_ratio": null,
            "reinvestment_rate": null,
            "research_to_sale_ratio": null,
            "price_fair": 0,
            "eps_avg_yearly": 0,
            "eps_latest_yearly": 0,
            "eps_growth_yearly": 0
        },
        "20062": {
            "year_quarter": 20062,
            "year": 2006,
            "quarter": 2,
            "eps": null,
            "eps_growth_year": null,
            "eps_4q": null,
            "eps_4q_growth_year": null,
            "roe": null,
            "roe_4q": 0,
            "gross_profit": null,
            "gross_margin": null,
            "gross_margin_4q_avg": 0,
            "net_income": null,
            "revenue": null,
            "common_shares": null,
            "book_valuer_per_share": null,
            "book_valuer_per_share_4q_avg": 0,
            "equity": null,
            "current_ratio": null,
            "debt_ratio": null,
            "inventory_turnover_ratio": null,
            "account_receivable_turnover_ratio": null,
            "reinvestment_rate": null,
            "research_to_sale_ratio": null,
            "price_fair": 0,
            "eps_avg_yearly": 0,
            "eps_latest_yearly": 0,
            "eps_growth_yearly": 0
        },
        "20063": {
            "year_quarter": 20063,
            "year": 2006,
            "quarter": 3,
            "eps": null,
            "eps_growth_year": null,
            "eps_4q": null,
            "eps_4q_growth_year": null,
            "roe": null,
            "roe_4q": 0,
            "gross_profit": null,
            "gross_margin": null,
            "gross_margin_4q_avg": 0,
            "net_income": null,
            "revenue": null,
            "common_shares": null,
            "book_valuer_per_share": null,
            "book_valuer_per_share_4q_avg": 0,
            "equity": null,
            "current_ratio": null,
            "debt_ratio": null,
            "inventory_turnover_ratio": null,
            "account_receivable_turnover_ratio": null,
            "reinvestment_rate": null,
            "research_to_sale_ratio": null,
            "price_fair": 0,
            "eps_avg_yearly": 0,
            "eps_latest_yearly": 0,
            "eps_growth_yearly": 0
        },
        "20064": {
            "year_quarter": 20064,
            "year": 2006,
            "quarter": 4,
            "eps": null,
            "eps_growth_year": null,
            "eps_4q": null,
            "eps_4q_growth_year": null,
            "roe": null,
            "roe_4q": 0,
            "gross_profit": null,
            "gross_margin": null,
            "gross_margin_4q_avg": 0,
            "net_income": null,
            "revenue": null,
            "common_shares": null,
            "book_valuer_per_share": null,
            "book_valuer_per_share_4q_avg": 0,
            "equity": null,
            "current_ratio": null,
            "debt_ratio": null,
            "inventory_turnover_ratio": null,
            "account_receivable_turnover_ratio": null,
            "reinvestment_rate": null,
            "research_to_sale_ratio": null,
            "price_fair": 0,
            "eps_avg_yearly": 0,
            "eps_latest_yearly": 0,
            "eps_growth_yearly": 0
        },
        "20071": {
            "year_quarter": 20071,
            "year": 2007,
            "quarter": 1,
            "eps": null,
            "eps_growth_year": null,
            "eps_4q": null,
            "eps_4q_growth_year": null,
            "roe": null,
            "roe_4q": 0,
            "gross_profit": null,
            "gross_margin": null,
            "gross_margin_4q_avg": 0,
            "net_income": null,
            "revenue": null,
            "common_shares": null,
            "book_valuer_per_share": null,
            "book_valuer_per_share_4q_avg": 0,
            "equity": null,
            "current_ratio": null,
            "debt_ratio": null,
            "inventory_turnover_ratio": null,
            "account_receivable_turnover_ratio": null,
            "reinvestment_rate": null,
            "research_to_sale_ratio": null,
            "price_fair": 0,
            "eps_avg_yearly": 0,
            "eps_latest_yearly": 0,
            "eps_growth_yearly": 0
        },
        "20072": {
            "year_quarter": 20072,
            "year": 2007,
            "quarter": 2,
            "eps": null,
            "eps_growth_year": null,
            "eps_4q": null,
            "eps_4q_growth_year": null,
            "roe": null,
            "roe_4q": 0,
            "gross_profit": null,
            "gross_margin": null,
            "gross_margin_4q_avg": 0,
            "net_income": null,
            "revenue": null,
            "common_shares": null,
            "book_valuer_per_share": null,
            "book_valuer_per_share_4q_avg": 0,
            "equity": null,
            "current_ratio": null,
            "debt_ratio": null,
            "inventory_turnover_ratio": null,
            "account_receivable_turnover_ratio": null,
            "reinvestment_rate": null,
            "research_to_sale_ratio": null,
            "price_fair": 0,
            "eps_avg_yearly": 0,
            "eps_latest_yearly": 0,
            "eps_growth_yearly": 0
        },
        "20073": {
            "year_quarter": 20073,
            "year": 2007,
            "quarter": 3,
            "eps": null,
            "eps_growth_year": null,
            "eps_4q": null,
            "eps_4q_growth_year": null,
            "roe": null,
            "roe_4q": 0,
            "gross_profit": null,
            "gross_margin": null,
            "gross_margin_4q_avg": 0,
            "net_income": null,
            "revenue": null,
            "common_shares": null,
            "book_valuer_per_share": null,
            "book_valuer_per_share_4q_avg": 0,
            "equity": null,
            "current_ratio": null,
            "debt_ratio": null,
            "inventory_turnover_ratio": null,
            "account_receivable_turnover_ratio": null,
            "reinvestment_rate": null,
            "research_to_sale_ratio": null,
            "price_fair": 0,
            "eps_avg_yearly": 0,
            "eps_latest_yearly": 0,
            "eps_growth_yearly": 0
        },
        "20074": {
            "year_quarter": 20074,
            "year": 2007,
            "quarter": 4,
            "eps": null,
            "eps_growth_year": null,
            "eps_4q": null,
            "eps_4q_growth_year": null,
            "roe": null,
            "roe_4q": 0,
            "gross_profit": null,
            "gross_margin": null,
            "gross_margin_4q_avg": 0,
            "net_income": null,
            "revenue": null,
            "common_shares": null,
            "book_valuer_per_share": null,
            "book_valuer_per_share_4q_avg": 0,
            "equity": null,
            "current_ratio": null,
            "debt_ratio": null,
            "inventory_turnover_ratio": null,
            "account_receivable_turnover_ratio": null,
            "reinvestment_rate": null,
            "research_to_sale_ratio": null,
            "price_fair": 0,
            "eps_avg_yearly": 0,
            "eps_latest_yearly": 0,
            "eps_growth_yearly": 0
        },
        "20081": {
            "year_quarter": 20081,
            "year": 2008,
            "quarter": 1,
            "eps": null,
            "eps_growth_year": null,
            "eps_4q": null,
            "eps_4q_growth_year": null,
            "roe": null,
            "roe_4q": 0,
            "gross_profit": null,
            "gross_margin": null,
            "gross_margin_4q_avg": 0,
            "net_income": null,
            "revenue": null,
            "common_shares": null,
            "book_valuer_per_share": null,
            "book_valuer_per_share_4q_avg": 0,
            "equity": null,
            "current_ratio": null,
            "debt_ratio": null,
            "inventory_turnover_ratio": null,
            "account_receivable_turnover_ratio": null,
            "reinvestment_rate": null,
            "research_to_sale_ratio": null,
            "price_fair": 0,
            "eps_avg_yearly": 0,
            "eps_latest_yearly": 0,
            "eps_growth_yearly": 0
        },
        "20082": {
            "year_quarter": 20082,
            "year": 2008,
            "quarter": 2,
            "eps": null,
            "eps_growth_year": null,
            "eps_4q": null,
            "eps_4q_growth_year": null,
            "roe": null,
            "roe_4q": 0,
            "gross_profit": null,
            "gross_margin": null,
            "gross_margin_4q_avg": 0,
            "net_income": null,
            "revenue": null,
            "common_shares": null,
            "book_valuer_per_share": null,
            "book_valuer_per_share_4q_avg": 0,
            "equity": null,
            "current_ratio": null,
            "debt_ratio": null,
            "inventory_turnover_ratio": null,
            "account_receivable_turnover_ratio": null,
            "reinvestment_rate": null,
            "research_to_sale_ratio": null,
            "price_fair": 0,
            "eps_avg_yearly": 0,
            "eps_latest_yearly": 0,
            "eps_growth_yearly": 0
        },
        "20083": {
            "year_quarter": 20083,
            "year": 2008,
            "quarter": 3,
            "eps": null,
            "eps_growth_year": null,
            "eps_4q": null,
            "eps_4q_growth_year": null,
            "roe": null,
            "roe_4q": 0,
            "gross_profit": null,
            "gross_margin": null,
            "gross_margin_4q_avg": 0,
            "net_income": null,
            "revenue": null,
            "common_shares": null,
            "book_valuer_per_share": null,
            "book_valuer_per_share_4q_avg": 0,
            "equity": null,
            "current_ratio": null,
            "debt_ratio": null,
            "inventory_turnover_ratio": null,
            "account_receivable_turnover_ratio": null,
            "reinvestment_rate": null,
            "research_to_sale_ratio": null,
            "price_fair": 0,
            "eps_avg_yearly": 0,
            "eps_latest_yearly": 0,
            "eps_growth_yearly": 0
        },
        "20084": {
            "year_quarter": 20084,
            "year": 2008,
            "quarter": 4,
            "eps": null,
            "eps_growth_year": null,
            "eps_4q": null,
            "eps_4q_growth_year": null,
            "roe": null,
            "roe_4q": 0,
            "gross_profit": null,
            "gross_margin": null,
            "gross_margin_4q_avg": 0,
            "net_income": null,
            "revenue": null,
            "common_shares": 27293366,
            "book_valuer_per_share": null,
            "book_valuer_per_share_4q_avg": 0,
            "equity": 24123395,
            "current_ratio": null,
            "debt_ratio": null,
            "inventory_turnover_ratio": null,
            "account_receivable_turnover_ratio": null,
            "reinvestment_rate": null,
            "research_to_sale_ratio": null,
            "price_fair": 0,
            "eps_avg_yearly": 0,
            "eps_latest_yearly": 0,
            "eps_growth_yearly": 0
        },
        "20091": {
            "year_quarter": 20091,
            "year": 2009,
            "quarter": 1,
            "eps": null,
            "eps_growth_year": null,
            "eps_4q": null,
            "eps_4q_growth_year": null,
            "roe": null,
            "roe_4q": 0,
            "gross_profit": null,
            "gross_margin": null,
            "gross_margin_4q_avg": 0,
            "net_income": 230410,
            "revenue": 161045,
            "common_shares": 27293366,
            "book_valuer_per_share": null,
            "book_valuer_per_share_4q_avg": 0,
            "equity": 24356136,
            "current_ratio": null,
            "debt_ratio": null,
            "inventory_turnover_ratio": null,
            "account_receivable_turnover_ratio": null,
            "reinvestment_rate": null,
            "research_to_sale_ratio": null,
            "price_fair": 0,
            "eps_avg_yearly": 0,
            "eps_latest_yearly": 0,
            "eps_growth_yearly": 0
        },
        "20092": {
            "year_quarter": 20092,
            "year": 2009,
            "quarter": 2,
            "eps": null,
            "eps_growth_year": null,
            "eps_4q": null,
            "eps_4q_growth_year": null,
            "roe": null,
            "roe_4q": 0,
            "gross_profit": null,
            "gross_margin": null,
            "gross_margin_4q_avg": 0,
            "net_income": 255741,
            "revenue": 126423,
            "common_shares": 27293366,
            "book_valuer_per_share": null,
            "book_valuer_per_share_4q_avg": 0,
            "equity": 24893956,
            "current_ratio": null,
            "debt_ratio": null,
            "inventory_turnover_ratio": null,
            "account_receivable_turnover_ratio": null,
            "reinvestment_rate": null,
            "research_to_sale_ratio": null,
            "price_fair": 0,
            "eps_avg_yearly": 0,
            "eps_latest_yearly": 0,
            "eps_growth_yearly": 0
        },
        "20093": {
            "year_quarter": 20093,
            "year": 2009,
            "quarter": 3,
            "eps": null,
            "eps_growth_year": null,
            "eps_4q": null,
            "eps_4q_growth_year": null,
            "roe": null,
            "roe_4q": 0,
            "gross_profit": null,
            "gross_margin": null,
            "gross_margin_4q_avg": 0,
            "net_income": 442874,
            "revenue": 355491,
            "common_shares": 27293366,
            "book_valuer_per_share": null,
            "book_valuer_per_share_4q_avg": 0,
            "equity": 25496656,
            "current_ratio": null,
            "debt_ratio": null,
            "inventory_turnover_ratio": null,
            "account_receivable_turnover_ratio": null,
            "reinvestment_rate": null,
            "research_to_sale_ratio": null,
            "price_fair": 0,
            "eps_avg_yearly": 0,
            "eps_latest_yearly": 0,
            "eps_growth_yearly": 0
        },
        "20094": {
            "year_quarter": 20094,
            "year": 2009,
            "quarter": 4,
            "eps": null,
            "eps_growth_year": null,
            "eps_4q": null,
            "eps_4q_growth_year": null,
            "roe": null,
            "roe_4q": 0,
            "gross_profit": null,
            "gross_margin": null,
            "gross_margin_4q_avg": 0,
            "net_income": 487777,
            "revenue": 365073,
            "common_shares": 27293366,
            "book_valuer_per_share": 8.66,
            "book_valuer_per_share_4q_avg": 2.17,
            "equity": 26338236,
            "current_ratio": 280.03,
            "debt_ratio": 93.1,
            "inventory_turnover_ratio": null,
            "account_receivable_turnover_ratio": null,
            "reinvestment_rate": null,
            "research_to_sale_ratio": null,
            "price_fair": 0,
            "eps_avg_yearly": 0,
            "eps_latest_yearly": 0,
            "eps_growth_yearly": 0
        },
        "20101": {
            "year_quarter": 20101,
            "year": 2010,
            "quarter": 1,
            "eps": 0.13,
            "eps_growth_year": null,
            "eps_4q": 0.13,
            "eps_4q_growth_year": null,
            "roe": 1.37,
            "roe_4q": 1.37,
            "gross_profit": null,
            "gross_margin": null,
            "gross_margin_4q_avg": 0,
            "net_income": 363172,
            "revenue": 363149,
            "common_shares": 27293366,
            "book_valuer_per_share": 8.74,
            "book_valuer_per_share_4q_avg": 4.35,
            "equity": 26552588,
            "current_ratio": 254.26,
            "debt_ratio": 93.21,
            "inventory_turnover_ratio": null,
            "account_receivable_turnover_ratio": 0.02,
            "reinvestment_rate": null,
            "research_to_sale_ratio": null,
            "price_fair": 0,
            "eps_avg_yearly": 0,
            "eps_latest_yearly": 0,
            "eps_growth_yearly": 0
        },
        "20102": {
            "year_quarter": 20102,
            "year": 2010,
            "quarter": 2,
            "eps": -0.12,
            "eps_growth_year": null,
            "eps_4q": 0.02,
            "eps_4q_growth_year": null,
            "roe": -1.54,
            "roe_4q": -0.16999999999999993,
            "gross_profit": null,
            "gross_margin": null,
            "gross_margin_4q_avg": 0,
            "net_income": -406104,
            "revenue": -320577,
            "common_shares": 27293366,
            "book_valuer_per_share": 8.58,
            "book_valuer_per_share_4q_avg": 6.5,
            "equity": 26034614,
            "current_ratio": 241.86,
            "debt_ratio": 93.45,
            "inventory_turnover_ratio": null,
            "account_receivable_turnover_ratio": -0.02,
            "reinvestment_rate": null,
            "research_to_sale_ratio": null,
            "price_fair": 0,
            "eps_avg_yearly": 0,
            "eps_latest_yearly": 0,
            "eps_growth_yearly": 0
        },
        "20103": {
            "year_quarter": 20103,
            "year": 2010,
            "quarter": 3,
            "eps": 0.21,
            "eps_growth_year": null,
            "eps_4q": 0.23,
            "eps_4q_growth_year": null,
            "roe": 2.15,
            "roe_4q": 1.98,
            "gross_profit": null,
            "gross_margin": null,
            "gross_margin_4q_avg": 0,
            "net_income": 570447,
            "revenue": 444835,
            "common_shares": 21834693,
            "book_valuer_per_share": 11.07,
            "book_valuer_per_share_4q_avg": 9.26,
            "equity": 26986416,
            "current_ratio": 229.63,
            "debt_ratio": 93.21,
            "inventory_turnover_ratio": null,
            "account_receivable_turnover_ratio": 0.03,
            "reinvestment_rate": null,
            "research_to_sale_ratio": null,
            "price_fair": 0,
            "eps_avg_yearly": 0,
            "eps_latest_yearly": 0,
            "eps_growth_yearly": 0
        },
        "20104": {
            "year_quarter": 20104,
            "year": 2010,
            "quarter": 4,
            "eps": 0.18,
            "eps_growth_year": null,
            "eps_4q": 0.41,
            "eps_4q_growth_year": null,
            "roe": 1.56,
            "roe_4q": 3.54,
            "gross_profit": null,
            "gross_margin": null,
            "gross_margin_4q_avg": 0,
            "net_income": 423599,
            "revenue": 396862,
            "common_shares": 21834693,
            "book_valuer_per_share": 11.09,
            "book_valuer_per_share_4q_avg": 9.87,
            "equity": 27191461,
            "current_ratio": 225.22,
            "debt_ratio": 93.48,
            "inventory_turnover_ratio": null,
            "account_receivable_turnover_ratio": 0.05,
            "reinvestment_rate": null,
            "research_to_sale_ratio": null,
            "price_fair": 2.16,
            "eps_avg_yearly": 0.72,
            "eps_latest_yearly": 0.72,
            "eps_growth_yearly": -57.14
        },
        "20111": {
            "year_quarter": 20111,
            "year": 2011,
            "quarter": 1,
            "eps": 0.25,
            "eps_growth_year": 92.31,
            "eps_4q": 0.49,
            "eps_4q_growth_year": 266.52,
            "roe": 2,
            "roe_4q": 4.17,
            "gross_profit": null,
            "gross_margin": null,
            "gross_margin_4q_avg": 0,
            "net_income": 550103,
            "revenue": 547545,
            "common_shares": 21834693,
            "book_valuer_per_share": 11.41,
            "book_valuer_per_share_4q_avg": 10.54,
            "equity": 27954182,
            "current_ratio": 229.19,
            "debt_ratio": 93.88,
            "inventory_turnover_ratio": null,
            "account_receivable_turnover_ratio": 0.08,
            "reinvestment_rate": null,
            "research_to_sale_ratio": null,
            "price_fair": 30.1,
            "eps_avg_yearly": 0.86,
            "eps_latest_yearly": 1,
            "eps_growth_yearly": 49.21
        },
        "20112": {
            "year_quarter": 20112,
            "year": 2011,
            "quarter": 2,
            "eps": 0.22,
            "eps_growth_year": null,
            "eps_4q": 0.86,
            "eps_4q_growth_year": 5345.11,
            "roe": 1.74,
            "roe_4q": 7.450000000000001,
            "gross_profit": null,
            "gross_margin": null,
            "gross_margin_4q_avg": 0,
            "net_income": 491478,
            "revenue": 475442,
            "common_shares": 21834693,
            "book_valuer_per_share": 11.71,
            "book_valuer_per_share_4q_avg": 11.32,
            "equity": 28582226,
            "current_ratio": 240.09,
            "debt_ratio": 93.89,
            "inventory_turnover_ratio": null,
            "account_receivable_turnover_ratio": 0.03,
            "reinvestment_rate": null,
            "research_to_sale_ratio": null,
            "price_fair": 23.23,
            "eps_avg_yearly": 0.87,
            "eps_latest_yearly": 0.88,
            "eps_growth_yearly": 16.8
        },
        "20113": {
            "year_quarter": 20113,
            "year": 2011,
            "quarter": 3,
            "eps": 0.16,
            "eps_growth_year": -22.65,
            "eps_4q": 0.81,
            "eps_4q_growth_year": 260.42,
            "roe": 1.05,
            "roe_4q": 6.35,
            "gross_profit": null,
            "gross_margin": null,
            "gross_margin_4q_avg": 0,
            "net_income": 299932,
            "revenue": 345844,
            "common_shares": 21834693,
            "book_valuer_per_share": 11.75,
            "book_valuer_per_share_4q_avg": 11.49,
            "equity": 28532590,
            "current_ratio": 218.53,
            "debt_ratio": 93.83,
            "inventory_turnover_ratio": null,
            "account_receivable_turnover_ratio": 0.02,
            "reinvestment_rate": null,
            "research_to_sale_ratio": null,
            "price_fair": 2.43,
            "eps_avg_yearly": 0.81,
            "eps_latest_yearly": 0.64,
            "eps_growth_yearly": -14.67
        },
        "20114": {
            "year_quarter": 20114,
            "year": 2011,
            "quarter": 4,
            "eps": 0.29,
            "eps_growth_year": 56.21,
            "eps_4q": 0.93,
            "eps_4q_growth_year": 127.42,
            "roe": 1.97,
            "roe_4q": 6.76,
            "gross_profit": null,
            "gross_margin": null,
            "gross_margin_4q_avg": 0,
            "net_income": 563525,
            "revenue": 7214558,
            "common_shares": 21834693,
            "book_valuer_per_share": 12.08,
            "book_valuer_per_share_4q_avg": 11.74,
            "equity": 28818519,
            "current_ratio": null,
            "debt_ratio": 93.86,
            "inventory_turnover_ratio": null,
            "account_receivable_turnover_ratio": 0.4,
            "reinvestment_rate": null,
            "research_to_sale_ratio": null,
            "price_fair": 30.8,
            "eps_avg_yearly": 0.88,
            "eps_latest_yearly": 1.16,
            "eps_growth_yearly": 53.26
        },
        "20121": {
            "year_quarter": 20121,
            "year": 2012,
            "quarter": 1,
            "eps": 0.24,
            "eps_growth_year": -4,
            "eps_4q": 0.91,
            "eps_4q_growth_year": 85.59,
            "roe": 1.89,
            "roe_4q": 6.65,
            "gross_profit": null,
            "gross_margin": null,
            "gross_margin_4q_avg": 0,
            "net_income": 551056,
            "revenue": 2414747,
            "common_shares": 21834693,
            "book_valuer_per_share": 12.39,
            "book_valuer_per_share_4q_avg": 11.98,
            "equity": 29569501,
            "current_ratio": null,
            "debt_ratio": 93.75,
            "inventory_turnover_ratio": null,
            "account_receivable_turnover_ratio": 0.14,
            "reinvestment_rate": null,
            "research_to_sale_ratio": null,
            "price_fair": 31.27,
            "eps_avg_yearly": 0.89,
            "eps_latest_yearly": 0.96,
            "eps_growth_yearly": 32.89
        },
        "20122": {
            "year_quarter": 20122,
            "year": 2012,
            "quarter": 2,
            "eps": 0.19,
            "eps_growth_year": -15.13,
            "eps_4q": 0.86,
            "eps_4q_growth_year": -0.13,
            "roe": 1.29,
            "roe_4q": 6.199999999999999,
            "gross_profit": null,
            "gross_margin": null,
            "gross_margin_4q_avg": 0,
            "net_income": 383505,
            "revenue": 2199975,
            "common_shares": 21834693,
            "book_valuer_per_share": 12.54,
            "book_valuer_per_share_4q_avg": 12.19,
            "equity": 29816851,
            "current_ratio": null,
            "debt_ratio": 93.55,
            "inventory_turnover_ratio": null,
            "account_receivable_turnover_ratio": 0.13,
            "reinvestment_rate": null,
            "research_to_sale_ratio": null,
            "price_fair": 22.98,
            "eps_avg_yearly": 0.87,
            "eps_latest_yearly": 0.76,
            "eps_growth_yearly": 16.29
        },
        "20123": {
            "year_quarter": 20123,
            "year": 2012,
            "quarter": 3,
            "eps": 0.24,
            "eps_growth_year": 48.6,
            "eps_4q": 0.94,
            "eps_4q_growth_year": 15.17,
            "roe": 1.69,
            "roe_4q": 6.84,
            "gross_profit": null,
            "gross_margin": null,
            "gross_margin_4q_avg": 0,
            "net_income": 508808,
            "revenue": 2314306,
            "common_shares": 22477734,
            "book_valuer_per_share": 12.46,
            "book_valuer_per_share_4q_avg": 12.37,
            "equity": 30448519,
            "current_ratio": null,
            "debt_ratio": 93.29,
            "inventory_turnover_ratio": null,
            "account_receivable_turnover_ratio": 0.13,
            "reinvestment_rate": null,
            "research_to_sale_ratio": null,
            "price_fair": 30.98,
            "eps_avg_yearly": 0.89,
            "eps_latest_yearly": 0.96,
            "eps_growth_yearly": 27.41
        },
        "20124": {
            "year_quarter": 20124,
            "year": 2012,
            "quarter": 4,
            "eps": 0.13,
            "eps_growth_year": -53.99,
            "eps_4q": 0.8,
            "eps_4q_growth_year": -13.53,
            "roe": 0.88,
            "roe_4q": 5.75,
            "gross_profit": null,
            "gross_margin": null,
            "gross_margin_4q_avg": 0,
            "net_income": 268940,
            "revenue": 2129826,
            "common_shares": 22477734,
            "book_valuer_per_share": 12.69,
            "book_valuer_per_share_4q_avg": 12.52,
            "equity": 30446386,
            "current_ratio": null,
            "debt_ratio": 93.31,
            "inventory_turnover_ratio": null,
            "account_receivable_turnover_ratio": 0.11,
            "reinvestment_rate": 27.3,
            "research_to_sale_ratio": null,
            "price_fair": 11.82,
            "eps_avg_yearly": 0.84,
            "eps_latest_yearly": 0.52,
            "eps_growth_yearly": 3.99
        },
        "20131": {
            "year_quarter": 20131,
            "year": 2013,
            "quarter": 1,
            "eps": 0.24,
            "eps_growth_year": 0,
            "eps_4q": 0.8,
            "eps_4q_growth_year": -12.82,
            "roe": 1.79,
            "roe_4q": 5.6499999999999995,
            "gross_profit": null,
            "gross_margin": null,
            "gross_margin_4q_avg": 0,
            "net_income": 545455,
            "revenue": 2419348,
            "common_shares": 22477734,
            "book_valuer_per_share": 12.51,
            "book_valuer_per_share_4q_avg": 12.55,
            "equity": 30352322,
            "current_ratio": null,
            "debt_ratio": 93.16,
            "inventory_turnover_ratio": null,
            "account_receivable_turnover_ratio": 0.26,
            "reinvestment_rate": 2.78,
            "research_to_sale_ratio": null,
            "price_fair": 29.96,
            "eps_avg_yearly": 0.86,
            "eps_latest_yearly": 0.96,
            "eps_growth_yearly": 37.44
        },
        "20132": {
            "year_quarter": 20132,
            "year": 2013,
            "quarter": 2,
            "eps": 0.5,
            "eps_growth_year": 169.58,
            "eps_4q": 1.07,
            "eps_4q_growth_year": 25.02,
            "roe": 3.76,
            "roe_4q": 8.12,
            "gross_profit": null,
            "gross_margin": null,
            "gross_margin_4q_avg": 0,
            "net_income": 1159831,
            "revenue": 2975097,
            "common_shares": 22477734,
            "book_valuer_per_share": 13,
            "book_valuer_per_share_4q_avg": 12.67,
            "equity": 31406042,
            "current_ratio": null,
            "debt_ratio": 92.91,
            "inventory_turnover_ratio": null,
            "account_receivable_turnover_ratio": null,
            "reinvestment_rate": 3.33,
            "research_to_sale_ratio": null,
            "price_fair": 33.6,
            "eps_avg_yearly": 0.96,
            "eps_latest_yearly": 2,
            "eps_growth_yearly": 73.43
        },
        "20133": {
            "year_quarter": 20133,
            "year": 2013,
            "quarter": 3,
            "eps": 0.23,
            "eps_growth_year": -2.69,
            "eps_4q": 1.08,
            "eps_4q_growth_year": 14.94,
            "roe": 1.71,
            "roe_4q": 8.14,
            "gross_profit": null,
            "gross_margin": null,
            "gross_margin_4q_avg": 0,
            "net_income": 542291,
            "revenue": 2273377,
            "common_shares": 23897922,
            "book_valuer_per_share": 12.48,
            "book_valuer_per_share_4q_avg": 12.67,
            "equity": 32069211,
            "current_ratio": null,
            "debt_ratio": 92.72,
            "inventory_turnover_ratio": null,
            "account_receivable_turnover_ratio": null,
            "reinvestment_rate": -4.48,
            "research_to_sale_ratio": null,
            "price_fair": 33.48,
            "eps_avg_yearly": 0.96,
            "eps_latest_yearly": 0.92,
            "eps_growth_yearly": 49.31
        },
        "20134": {
            "year_quarter": 20134,
            "year": 2013,
            "quarter": 4,
            "eps": 0.19,
            "eps_growth_year": 46.31,
            "eps_4q": 1.14,
            "eps_4q_growth_year": 42.79,
            "roe": 1.52,
            "roe_4q": 8.780000000000001,
            "gross_profit": null,
            "gross_margin": null,
            "gross_margin_4q_avg": 0,
            "net_income": 491519,
            "revenue": 2206488,
            "common_shares": 23897922,
            "book_valuer_per_share": 12.72,
            "book_valuer_per_share_4q_avg": 12.68,
            "equity": 32683323,
            "current_ratio": null,
            "debt_ratio": 92.79,
            "inventory_turnover_ratio": null,
            "account_receivable_turnover_ratio": null,
            "reinvestment_rate": -24.19,
            "research_to_sale_ratio": null,
            "price_fair": 32.95,
            "eps_avg_yearly": 0.94,
            "eps_latest_yearly": 0.76,
            "eps_growth_yearly": 40.17
        },
        "20141": {
            "year_quarter": 20141,
            "year": 2014,
            "quarter": 1,
            "eps": 0.37,
            "eps_growth_year": 54.17,
            "eps_4q": 1.28,
            "eps_4q_growth_year": 60.28,
            "roe": 2.87,
            "roe_4q": 9.86,
            "gross_profit": null,
            "gross_margin": null,
            "gross_margin_4q_avg": 0,
            "net_income": 958205,
            "revenue": 2849790,
            "common_shares": 23897922,
            "book_valuer_per_share": 13.09,
            "book_valuer_per_share_4q_avg": 12.82,
            "equity": 34052272,
            "current_ratio": null,
            "debt_ratio": 92.62,
            "inventory_turnover_ratio": null,
            "account_receivable_turnover_ratio": null,
            "reinvestment_rate": -22.6,
            "research_to_sale_ratio": null,
            "price_fair": 34.3,
            "eps_avg_yearly": 0.98,
            "eps_latest_yearly": 1.48,
            "eps_growth_yearly": 64.37
        },
        "20142": {
            "year_quarter": 20142,
            "year": 2014,
            "quarter": 2,
            "eps": 0.22,
            "eps_growth_year": -56,
            "eps_4q": 0.95,
            "eps_4q_growth_year": -11.43,
            "roe": 1.84,
            "roe_4q": 7.94,
            "gross_profit": null,
            "gross_margin": null,
            "gross_margin_4q_avg": 0,
            "net_income": 629697,
            "revenue": 2482205,
            "common_shares": 23897922,
            "book_valuer_per_share": 13.33,
            "book_valuer_per_share_4q_avg": 12.91,
            "equity": 34533617,
            "current_ratio": null,
            "debt_ratio": 92.53,
            "inventory_turnover_ratio": null,
            "account_receivable_turnover_ratio": null,
            "reinvestment_rate": -20.64,
            "research_to_sale_ratio": null,
            "price_fair": 34.07,
            "eps_avg_yearly": 0.97,
            "eps_latest_yearly": 0.88,
            "eps_growth_yearly": 49.26
        },
        "20143": {
            "year_quarter": 20143,
            "year": 2014,
            "quarter": 3,
            "eps": 0.27,
            "eps_growth_year": 17.39,
            "eps_4q": 1.01,
            "eps_4q_growth_year": -6.01,
            "roe": 1.88,
            "roe_4q": 8.11,
            "gross_profit": null,
            "gross_margin": null,
            "gross_margin_4q_avg": 0,
            "net_income": 655322,
            "revenue": 2519825,
            "common_shares": 25805739,
            "book_valuer_per_share": 12.61,
            "book_valuer_per_share_4q_avg": 12.94,
            "equity": 35202065,
            "current_ratio": null,
            "debt_ratio": 92.54,
            "inventory_turnover_ratio": null,
            "account_receivable_turnover_ratio": null,
            "reinvestment_rate": -21.12,
            "research_to_sale_ratio": null,
            "price_fair": 34.3,
            "eps_avg_yearly": 0.98,
            "eps_latest_yearly": 1.08,
            "eps_growth_yearly": 51.87
        },
        "20144": {
            "year_quarter": 20144,
            "year": 2014,
            "quarter": 4,
            "eps": 0.2,
            "eps_growth_year": 4.35,
            "eps_4q": 1.04,
            "eps_4q_growth_year": -9.53,
            "roe": 1.48,
            "roe_4q": 8.07,
            "gross_profit": null,
            "gross_margin": null,
            "gross_margin_4q_avg": 0,
            "net_income": 523715,
            "revenue": 2439570,
            "common_shares": 25805739,
            "book_valuer_per_share": 12.81,
            "book_valuer_per_share_4q_avg": 12.96,
            "equity": 35751457,
            "current_ratio": null,
            "debt_ratio": 92.44,
            "inventory_turnover_ratio": null,
            "account_receivable_turnover_ratio": null,
            "reinvestment_rate": -19.58,
            "research_to_sale_ratio": null,
            "price_fair": 34.48,
            "eps_avg_yearly": 0.99,
            "eps_latest_yearly": 0.8,
            "eps_growth_yearly": 48.96
        },
        "20151": {
            "year_quarter": 20151,
            "year": 2015,
            "quarter": 1,
            "eps": 0.26,
            "eps_growth_year": -29.73,
            "eps_4q": 0.94,
            "eps_4q_growth_year": -26.38,
            "roe": 1.88,
            "roe_4q": 7.08,
            "gross_profit": null,
            "gross_margin": null,
            "gross_margin_4q_avg": 0,
            "net_income": 683206,
            "revenue": 2536943,
            "common_shares": 25805739,
            "book_valuer_per_share": 13.05,
            "book_valuer_per_share_4q_avg": 12.95,
            "equity": 36813423,
            "current_ratio": null,
            "debt_ratio": 91.99,
            "inventory_turnover_ratio": null,
            "account_receivable_turnover_ratio": null,
            "reinvestment_rate": -21.44,
            "research_to_sale_ratio": null,
            "price_fair": 34.56,
            "eps_avg_yearly": 0.99,
            "eps_latest_yearly": 1.04,
            "eps_growth_yearly": 46.74
        },
        "20152": {
            "year_quarter": 20152,
            "year": 2015,
            "quarter": 2,
            "eps": 0.32,
            "eps_growth_year": 45.45,
            "eps_4q": 0.99,
            "eps_4q_growth_year": 3.94,
            "roe": 2.46,
            "roe_4q": 7.7,
            "gross_profit": null,
            "gross_margin": null,
            "gross_margin_4q_avg": 0,
            "net_income": 914393,
            "revenue": 2741829,
            "common_shares": 25805739,
            "book_valuer_per_share": 13.37,
            "book_valuer_per_share_4q_avg": 12.96,
            "equity": 37561870,
            "current_ratio": null,
            "debt_ratio": 91.49,
            "inventory_turnover_ratio": null,
            "account_receivable_turnover_ratio": null,
            "reinvestment_rate": -18.38,
            "research_to_sale_ratio": null,
            "price_fair": 35.44,
            "eps_avg_yearly": 1.01,
            "eps_latest_yearly": 1.28,
            "eps_growth_yearly": 55.5
        },
        "20153": {
            "year_quarter": 20153,
            "year": 2015,
            "quarter": 3,
            "eps": -0.11,
            "eps_growth_year": -140.74,
            "eps_4q": 0.63,
            "eps_4q_growth_year": -37.87,
            "roe": -0.92,
            "roe_4q": 4.9,
            "gross_profit": null,
            "gross_margin": null,
            "gross_margin_4q_avg": 0,
            "net_income": -342143,
            "revenue": 1533086,
            "common_shares": 27890786,
            "book_valuer_per_share": 12.25,
            "book_valuer_per_share_4q_avg": 12.87,
            "equity": 37209768,
            "current_ratio": null,
            "debt_ratio": 91.91,
            "inventory_turnover_ratio": null,
            "account_receivable_turnover_ratio": null,
            "reinvestment_rate": -19.47,
            "research_to_sale_ratio": null,
            "price_fair": 36.31,
            "eps_avg_yearly": 1.04,
            "eps_latest_yearly": 1.28,
            "eps_growth_yearly": 66.48
        },
        "20154": {
            "year_quarter": 20154,
            "year": 2015,
            "quarter": 4,
            "eps": 0.16,
            "eps_growth_year": -22.19,
            "eps_4q": 0.6,
            "eps_4q_growth_year": -41.98,
            "roe": 1.41,
            "roe_4q": 4.83,
            "gross_profit": null,
            "gross_margin": null,
            "gross_margin_4q_avg": 0,
            "net_income": 525200,
            "revenue": 2584180,
            "common_shares": 27890786,
            "book_valuer_per_share": 12.32,
            "book_valuer_per_share_4q_avg": 12.75,
            "equity": 37481514,
            "current_ratio": null,
            "debt_ratio": 91.6,
            "inventory_turnover_ratio": null,
            "account_receivable_turnover_ratio": null,
            "reinvestment_rate": 3.59,
            "research_to_sale_ratio": null,
            "price_fair": 36,
            "eps_avg_yearly": 1.03,
            "eps_latest_yearly": 1.28,
            "eps_growth_yearly": 48.01
        },
        "20161": {
            "year_quarter": 20161,
            "year": 2016,
            "quarter": 1,
            "eps": -0.49,
            "eps_growth_year": -288.46,
            "eps_4q": -0.13,
            "eps_4q_growth_year": -113.64,
            "roe": -3.7,
            "roe_4q": -0.75,
            "gross_profit": null,
            "gross_margin": null,
            "gross_margin_4q_avg": 0,
            "net_income": -1362093,
            "revenue": 2830243,
            "common_shares": 27890786,
            "book_valuer_per_share": 11.81,
            "book_valuer_per_share_4q_avg": 12.44,
            "equity": 36086372,
            "current_ratio": null,
            "debt_ratio": 91.75,
            "inventory_turnover_ratio": null,
            "account_receivable_turnover_ratio": null,
            "reinvestment_rate": 4.74,
            "research_to_sale_ratio": null,
            "price_fair": 36.18,
            "eps_avg_yearly": 1.03,
            "eps_latest_yearly": 1.28,
            "eps_growth_yearly": 57.01
        },
        "20162": {
            "year_quarter": 20162,
            "year": 2016,
            "quarter": 2,
            "eps": 0.34,
            "eps_growth_year": 6.25,
            "eps_4q": -0.06,
            "eps_4q_growth_year": -106.31,
            "roe": 2.52,
            "roe_4q": -0.6900000000000003,
            "gross_profit": null,
            "gross_margin": null,
            "gross_margin_4q_avg": 0,
            "net_income": 1027194,
            "revenue": 2496093,
            "common_shares": 35256775,
            "book_valuer_per_share": 11.99,
            "book_valuer_per_share_4q_avg": 12.09,
            "equity": 45347199,
            "current_ratio": null,
            "debt_ratio": 89.49,
            "inventory_turnover_ratio": null,
            "account_receivable_turnover_ratio": null,
            "reinvestment_rate": 4,
            "research_to_sale_ratio": null,
            "price_fair": 36.98,
            "eps_avg_yearly": 1.06,
            "eps_latest_yearly": 1.28,
            "eps_growth_yearly": 68.7
        },
        "20163": {
            "year_quarter": 20163,
            "year": 2016,
            "quarter": 3,
            "eps": 0.22,
            "eps_growth_year": null,
            "eps_4q": 0.24,
            "eps_4q_growth_year": -61.61,
            "roe": 1.75,
            "roe_4q": 1.9799999999999993,
            "gross_profit": null,
            "gross_margin": null,
            "gross_margin_4q_avg": 0,
            "net_income": 802449,
            "revenue": 2470862,
            "common_shares": 36372406,
            "book_valuer_per_share": 11.83,
            "book_valuer_per_share_4q_avg": 11.99,
            "equity": 46114016,
            "current_ratio": null,
            "debt_ratio": 89.5,
            "inventory_turnover_ratio": null,
            "account_receivable_turnover_ratio": null,
            "reinvestment_rate": 40.59,
            "research_to_sale_ratio": null,
            "price_fair": 36.75,
            "eps_avg_yearly": 1.05,
            "eps_latest_yearly": 0.88,
            "eps_growth_yearly": 48.17
        }
    },
    "months": {
        "2001-06": {
            "month": "2001-06",
            "price": "5.19",
            "revenue": 1253034
        },
        "2001-07": {
            "month": "2001-07",
            "price": "4.58",
            "revenue": 1196519
        },
        "2001-08": {
            "month": "2001-08",
            "price": "4.67",
            "revenue": 1119054
        },
        "2001-09": {
            "month": "2001-09",
            "price": "4.59",
            "revenue": 1108565
        },
        "2001-10": {
            "month": "2001-10",
            "price": "4.89",
            "revenue": 1231423
        },
        "2001-11": {
            "month": "2001-11",
            "price": "4.69",
            "revenue": 877384
        },
        "2001-12": {
            "month": "2001-12",
            "price": "5.00",
            "revenue": 1054697
        },
        "2002-01": {
            "month": "2002-01",
            "price": "4.91",
            "revenue": 1040727
        },
        "2002-02": {
            "month": "2002-02",
            "price": "4.60",
            "revenue": 964555
        },
        "2002-03": {
            "month": "2002-03",
            "price": "4.69",
            "revenue": 883256
        },
        "2002-04": {
            "month": "2002-04",
            "price": "5.92",
            "revenue": 810660
        },
        "2002-05": {
            "month": "2002-05",
            "price": "6.15",
            "revenue": 955098
        },
        "2002-06": {
            "month": "2002-06",
            "price": "6.34",
            "revenue": 731830
        },
        "2002-07": {
            "month": "2002-07",
            "price": "5.78",
            "revenue": 1007696
        },
        "2002-08": {
            "month": "2002-08",
            "price": "5.28",
            "revenue": 944873
        },
        "2002-09": {
            "month": "2002-09",
            "price": "4.62",
            "revenue": 951381
        },
        "2002-10": {
            "month": "2002-10",
            "price": "4.30",
            "revenue": 860173
        },
        "2002-11": {
            "month": "2002-11",
            "price": "4.91",
            "revenue": 854660
        },
        "2002-12": {
            "month": "2002-12",
            "price": "5.50",
            "revenue": 781005
        },
        "2003-01": {
            "month": "2003-01",
            "price": "7.49",
            "revenue": 947844
        },
        "2003-02": {
            "month": "2003-02",
            "price": "8.24",
            "revenue": 884373
        },
        "2003-03": {
            "month": "2003-03",
            "price": "7.96",
            "revenue": 880209
        },
        "2003-04": {
            "month": "2003-04",
            "price": "8.55",
            "revenue": 890367
        },
        "2003-05": {
            "month": "2003-05",
            "price": "7.99",
            "revenue": 908043
        },
        "2003-06": {
            "month": "2003-06",
            "price": "8.78",
            "revenue": 1057326
        },
        "2003-07": {
            "month": "2003-07",
            "price": "9.16",
            "revenue": 840254
        },
        "2003-08": {
            "month": "2003-08",
            "price": "9.28",
            "revenue": 840660
        },
        "2003-09": {
            "month": "2003-09",
            "price": "9.42",
            "revenue": 857013
        },
        "2003-10": {
            "month": "2003-10",
            "price": "9.72",
            "revenue": 825850
        },
        "2003-11": {
            "month": "2003-11",
            "price": "10.14",
            "revenue": 805184
        },
        "2003-12": {
            "month": "2003-12",
            "price": "9.82",
            "revenue": 940810
        },
        "2004-01": {
            "month": "2004-01",
            "price": "10.82",
            "revenue": 936851
        },
        "2004-02": {
            "month": "2004-02",
            "price": "13.42",
            "revenue": 937434
        },
        "2004-03": {
            "month": "2004-03",
            "price": "13.36",
            "revenue": 1076094
        },
        "2004-04": {
            "month": "2004-04",
            "price": "13.33",
            "revenue": 1006348
        },
        "2004-05": {
            "month": "2004-05",
            "price": "11.18",
            "revenue": 1002232
        },
        "2004-06": {
            "month": "2004-06",
            "price": "10.83",
            "revenue": 1021806
        },
        "2004-07": {
            "month": "2004-07",
            "price": "10.10",
            "revenue": 1153434
        },
        "2004-08": {
            "month": "2004-08",
            "price": "9.86",
            "revenue": 983603
        },
        "2004-09": {
            "month": "2004-09",
            "price": "10.80",
            "revenue": 1016224
        },
        "2004-10": {
            "month": "2004-10",
            "price": "11.90",
            "revenue": 1077653
        },
        "2004-11": {
            "month": "2004-11",
            "price": "11.97",
            "revenue": 982715
        },
        "2004-12": {
            "month": "2004-12",
            "price": "11.91",
            "revenue": 963854
        },
        "2005-01": {
            "month": "2005-01",
            "price": "11.56",
            "revenue": 1123203
        },
        "2005-02": {
            "month": "2005-02",
            "price": "11.02",
            "revenue": 1055881
        },
        "2005-03": {
            "month": "2005-03",
            "price": "10.52",
            "revenue": 1149429
        },
        "2005-04": {
            "month": "2005-04",
            "price": "9.54",
            "revenue": 1122713
        },
        "2005-05": {
            "month": "2005-05",
            "price": "9.48",
            "revenue": 1147837
        },
        "2005-06": {
            "month": "2005-06",
            "price": "9.77",
            "revenue": 834873
        },
        "2005-07": {
            "month": "2005-07",
            "price": "10.11",
            "revenue": 956221
        },
        "2005-08": {
            "month": "2005-08",
            "price": "10.06",
            "revenue": 989751
        },
        "2005-09": {
            "month": "2005-09",
            "price": "9.31",
            "revenue": 927262
        },
        "2005-10": {
            "month": "2005-10",
            "price": "9.08",
            "revenue": 727272
        },
        "2005-11": {
            "month": "2005-11",
            "price": "9.14",
            "revenue": 975986
        },
        "2005-12": {
            "month": "2005-12",
            "price": "9.15",
            "revenue": 896200
        },
        "2006-01": {
            "month": "2006-01",
            "price": "8.98",
            "revenue": 1283534
        },
        "2006-02": {
            "month": "2006-02",
            "price": "8.60",
            "revenue": 778914
        },
        "2006-03": {
            "month": "2006-03",
            "price": "7.03",
            "revenue": 900218
        },
        "2006-04": {
            "month": "2006-04",
            "price": "7.74",
            "revenue": 896719
        },
        "2006-05": {
            "month": "2006-05",
            "price": "8.48",
            "revenue": 893029
        },
        "2006-06": {
            "month": "2006-06",
            "price": "8.30",
            "revenue": 998146
        },
        "2006-07": {
            "month": "2006-07",
            "price": "8.41",
            "revenue": 1073546
        },
        "2006-08": {
            "month": "2006-08",
            "price": "8.75",
            "revenue": 1067459
        },
        "2006-09": {
            "month": "2006-09",
            "price": "9.31",
            "revenue": 886359
        },
        "2006-10": {
            "month": "2006-10",
            "price": "10.42",
            "revenue": 1005579
        },
        "2006-11": {
            "month": "2006-11",
            "price": "9.78",
            "revenue": 949978
        },
        "2006-12": {
            "month": "2006-12",
            "price": "10.29",
            "revenue": 981014
        },
        "2007-01": {
            "month": "2007-01",
            "price": "10.69",
            "revenue": 895536
        },
        "2007-02": {
            "month": "2007-02",
            "price": "10.71",
            "revenue": 821634
        },
        "2007-03": {
            "month": "2007-03",
            "price": "10.65",
            "revenue": 871816
        },
        "2007-04": {
            "month": "2007-04",
            "price": "10.35",
            "revenue": 832425
        },
        "2007-05": {
            "month": "2007-05",
            "price": "9.55",
            "revenue": 925456
        },
        "2007-06": {
            "month": "2007-06",
            "price": "10.01",
            "revenue": 1000265
        },
        "2007-07": {
            "month": "2007-07",
            "price": "12.08",
            "revenue": 903612
        },
        "2007-08": {
            "month": "2007-08",
            "price": "10.32",
            "revenue": 634304
        },
        "2007-09": {
            "month": "2007-09",
            "price": "10.93",
            "revenue": 858926
        },
        "2007-10": {
            "month": "2007-10",
            "price": "11.83",
            "revenue": 800212
        },
        "2007-11": {
            "month": "2007-11",
            "price": "10.84",
            "revenue": 661221
        },
        "2007-12": {
            "month": "2007-12",
            "price": "9.82",
            "revenue": 689499
        },
        "2008-01": {
            "month": "2008-01",
            "price": "9.74",
            "revenue": 725577
        },
        "2008-02": {
            "month": "2008-02",
            "price": "9.64",
            "revenue": 661911
        },
        "2008-03": {
            "month": "2008-03",
            "price": "9.59",
            "revenue": 497484
        },
        "2008-04": {
            "month": "2008-04",
            "price": "10.06",
            "revenue": 617079
        },
        "2008-05": {
            "month": "2008-05",
            "price": "10.32",
            "revenue": 678671
        },
        "2008-06": {
            "month": "2008-06",
            "price": "10.04",
            "revenue": 626563
        },
        "2008-07": {
            "month": "2008-07",
            "price": "8.67",
            "revenue": 948559
        },
        "2008-08": {
            "month": "2008-08",
            "price": "8.20",
            "revenue": 671773
        },
        "2008-09": {
            "month": "2008-09",
            "price": "7.78",
            "revenue": 497688
        },
        "2008-10": {
            "month": "2008-10",
            "price": "5.54",
            "revenue": 455680
        },
        "2008-11": {
            "month": "2008-11",
            "price": "5.18",
            "revenue": 683623
        },
        "2008-12": {
            "month": "2008-12",
            "price": "4.99",
            "revenue": 383648
        },
        "2009-01": {
            "month": "2009-01",
            "price": "4.23",
            "revenue": 528900
        },
        "2009-02": {
            "month": "2009-02",
            "price": "3.76",
            "revenue": 495993
        },
        "2009-03": {
            "month": "2009-03",
            "price": "3.79",
            "revenue": 303327
        },
        "2009-04": {
            "month": "2009-04",
            "price": "4.69",
            "revenue": 471666
        },
        "2009-05": {
            "month": "2009-05",
            "price": "5.69",
            "revenue": 518035
        },
        "2009-06": {
            "month": "2009-06",
            "price": "5.86",
            "revenue": 567131
        },
        "2009-07": {
            "month": "2009-07",
            "price": "5.98",
            "revenue": 642323
        },
        "2009-08": {
            "month": "2009-08",
            "price": "5.55",
            "revenue": 551057
        },
        "2009-09": {
            "month": "2009-09",
            "price": "5.57",
            "revenue": 529966
        },
        "2009-10": {
            "month": "2009-10",
            "price": "6.78",
            "revenue": 521057
        },
        "2009-11": {
            "month": "2009-11",
            "price": "6.79",
            "revenue": 527556
        },
        "2009-12": {
            "month": "2009-12",
            "price": "6.57",
            "revenue": 613938
        },
        "2010-01": {
            "month": "2010-01",
            "price": "6.75",
            "revenue": 679249
        },
        "2010-02": {
            "month": "2010-02",
            "price": "6.06",
            "revenue": 540820
        },
        "2010-03": {
            "month": "2010-03",
            "price": "6.26",
            "revenue": 671788
        },
        "2010-04": {
            "month": "2010-04",
            "price": "6.55",
            "revenue": 665795
        },
        "2010-05": {
            "month": "2010-05",
            "price": "6.19",
            "revenue": 543506
        },
        "2010-06": {
            "month": "2010-06",
            "price": "6.43",
            "revenue": 639942
        },
        "2010-07": {
            "month": "2010-07",
            "price": "7.58",
            "revenue": 735129
        },
        "2010-08": {
            "month": "2010-08",
            "price": "8.57",
            "revenue": 698818
        },
        "2010-09": {
            "month": "2010-09",
            "price": "8.14",
            "revenue": 759756
        },
        "2010-10": {
            "month": "2010-10",
            "price": "7.49",
            "revenue": 641907
        },
        "2010-11": {
            "month": "2010-11",
            "price": "7.74",
            "revenue": 663568
        },
        "2010-12": {
            "month": "2010-12",
            "price": "10.80",
            "revenue": 665733
        },
        "2011-01": {
            "month": "2011-01",
            "price": "12.37",
            "revenue": 659979
        },
        "2011-02": {
            "month": "2011-02",
            "price": "11.78",
            "revenue": 560693
        },
        "2011-03": {
            "month": "2011-03",
            "price": "10.73",
            "revenue": 844495
        },
        "2011-04": {
            "month": "2011-04",
            "price": "10.91",
            "revenue": 721995
        },
        "2011-05": {
            "month": "2011-05",
            "price": "11.03",
            "revenue": 645725
        },
        "2011-06": {
            "month": "2011-06",
            "price": "10.93",
            "revenue": 638469
        },
        "2011-07": {
            "month": "2011-07",
            "price": "11.47",
            "revenue": 591990
        },
        "2011-08": {
            "month": "2011-08",
            "price": "9.88",
            "revenue": 512796
        },
        "2011-09": {
            "month": "2011-09",
            "price": "8.57",
            "revenue": 681022
        },
        "2011-10": {
            "month": "2011-10",
            "price": "8.44",
            "revenue": 635727
        },
        "2011-11": {
            "month": "2011-11",
            "price": "8.49",
            "revenue": 661959
        },
        "2011-12": {
            "month": "2011-12",
            "price": "7.36",
            "revenue": 765001
        },
        "2012-01": {
            "month": "2012-01",
            "price": "7.08",
            "revenue": 657386
        },
        "2012-02": {
            "month": "2012-02",
            "price": "10.13",
            "revenue": 694049
        },
        "2012-03": {
            "month": "2012-03",
            "price": "11.88",
            "revenue": 814376
        },
        "2012-04": {
            "month": "2012-04",
            "price": "11.28",
            "revenue": 660056
        },
        "2012-05": {
            "month": "2012-05",
            "price": "11.15",
            "revenue": 666777
        },
        "2012-06": {
            "month": "2012-06",
            "price": "8.91",
            "revenue": 715916
        },
        "2012-07": {
            "month": "2012-07",
            "price": "9.28",
            "revenue": 751831
        },
        "2012-08": {
            "month": "2012-08",
            "price": "9.27",
            "revenue": 718248
        },
        "2012-09": {
            "month": "2012-09",
            "price": "9.74",
            "revenue": 663997
        },
        "2012-10": {
            "month": "2012-10",
            "price": "9.65",
            "revenue": 657920
        },
        "2012-11": {
            "month": "2012-11",
            "price": "9.21",
            "revenue": 703567
        },
        "2012-12": {
            "month": "2012-12",
            "price": "9.90",
            "revenue": 638433
        },
        "2013-01": {
            "month": "2013-01",
            "price": "9.95",
            "revenue": 888895
        },
        "2013-02": {
            "month": "2013-02",
            "price": "10.72",
            "revenue": 735345
        },
        "2013-03": {
            "month": "2013-03",
            "price": "11.02",
            "revenue": 819654
        },
        "2013-04": {
            "month": "2013-04",
            "price": "10.48",
            "revenue": 1078398
        },
        "2013-05": {
            "month": "2013-05",
            "price": "10.45",
            "revenue": 984970
        },
        "2013-06": {
            "month": "2013-06",
            "price": "10.00",
            "revenue": 945438
        },
        "2013-07": {
            "month": "2013-07",
            "price": "10.07",
            "revenue": 755849
        },
        "2013-08": {
            "month": "2013-08",
            "price": "9.54",
            "revenue": 781680
        },
        "2013-09": {
            "month": "2013-09",
            "price": "9.84",
            "revenue": 759506
        },
        "2013-10": {
            "month": "2013-10",
            "price": "10.29",
            "revenue": 728292
        },
        "2013-11": {
            "month": "2013-11",
            "price": "10.34",
            "revenue": 715713
        },
        "2013-12": {
            "month": "2013-12",
            "price": "10.75",
            "revenue": 793510
        },
        "2014-01": {
            "month": "2014-01",
            "price": "10.77",
            "revenue": 982572
        },
        "2014-02": {
            "month": "2014-02",
            "price": "10.58",
            "revenue": 901183
        },
        "2014-03": {
            "month": "2014-03",
            "price": "10.23",
            "revenue": 991376
        },
        "2014-04": {
            "month": "2014-04",
            "price": "10.20",
            "revenue": 774375
        },
        "2014-05": {
            "month": "2014-05",
            "price": "10.03",
            "revenue": 867952
        },
        "2014-06": {
            "month": "2014-06",
            "price": "10.10",
            "revenue": 900513
        },
        "2014-07": {
            "month": "2014-07",
            "price": "10.03",
            "revenue": 864130
        },
        "2014-08": {
            "month": "2014-08",
            "price": "9.49",
            "revenue": 768428
        },
        "2014-09": {
            "month": "2014-09",
            "price": "9.74",
            "revenue": 921822
        },
        "2014-10": {
            "month": "2014-10",
            "price": "9.76",
            "revenue": 756525
        },
        "2014-11": {
            "month": "2014-11",
            "price": "10.23",
            "revenue": 857057
        },
        "2014-12": {
            "month": "2014-12",
            "price": "10.65",
            "revenue": 854416
        },
        "2015-01": {
            "month": "2015-01",
            "price": "10.52",
            "revenue": 898355
        },
        "2015-02": {
            "month": "2015-02",
            "price": "10.53",
            "revenue": 764197
        },
        "2015-03": {
            "month": "2015-03",
            "price": "10.44",
            "revenue": 889008
        },
        "2015-04": {
            "month": "2015-04",
            "price": "10.69",
            "revenue": 934799
        },
        "2015-05": {
            "month": "2015-05",
            "price": "11.06",
            "revenue": 883480
        },
        "2015-06": {
            "month": "2015-06",
            "price": "10.81",
            "revenue": 962999
        },
        "2015-07": {
            "month": "2015-07",
            "price": "11.60",
            "revenue": 627286
        },
        "2015-08": {
            "month": "2015-08",
            "price": "13.05",
            "revenue": -56687
        },
        "2015-09": {
            "month": "2015-09",
            "price": "13.56",
            "revenue": 983844
        },
        "2015-10": {
            "month": "2015-10",
            "price": "13.67",
            "revenue": 781595
        },
        "2015-11": {
            "month": "2015-11",
            "price": "13.78",
            "revenue": 915817
        },
        "2015-12": {
            "month": "2015-12",
            "price": "13.40",
            "revenue": 914878
        },
        "2016-01": {
            "month": "2016-01",
            "price": "12.62",
            "revenue": 856874
        },
        "2016-02": {
            "month": "2016-02",
            "price": "12.93",
            "revenue": 950576
        },
        "2016-03": {
            "month": "2016-03",
            "price": "13.30",
            "revenue": 1002996
        }
    }
}
