{
    "summary": {
        "stock_name": "安泰銀",
        "stock_id": "2849",
        "category": "金融",
        "main_business": "經營銀行法規定之商業銀行業務<br>經營信託法及信託業法規定之信託業務",
        "website_url": "https://www.entiebank.com.tw",
        "ceo": "張振芳",
        "pe_ratio": -152,
        "report_year_from": 2001,
        "report_year_to": 2023,
        "age": 22,
        "eps_negative_percentage": 7,
        "eps_growth_avg": {
            "last_all": 4.22,
            "last_2y": -16.27,
            "last_4y": -11.7,
            "last_8y": -0.96,
            "last_12y": null,
            "last_16y": null,
            "last_20y": null,
            "at_2006_last_3y": null,
            "at_2007_last_3y": null,
            "at_2008_last_3y": null,
            "at_2009_last_3y": null,
            "at_2010_last_3y": null,
            "at_2011_last_3y": null,
            "at_2012_last_3y": null,
            "at_2013_last_3y": null,
            "at_2014_last_3y": 20.07,
            "at_2015_last_3y": 18.31,
            "at_2016_last_3y": -19.82,
            "at_2017_last_3y": 12.47,
            "at_2018_last_3y": 7.21,
            "at_2019_last_3y": 4.27,
            "at_2020_last_3y": 20.79,
            "at_2021_last_3y": -1.07,
            "at_2022_last_3y": -14.63,
            "at_2023_last_3y": -14.63,
            "at_2006_last_all": null,
            "at_2007_last_all": null,
            "at_2008_last_all": null,
            "at_2009_last_all": null,
            "at_2010_last_all": null,
            "at_2011_last_all": null,
            "at_2012_last_all": 47.33,
            "at_2013_last_all": 19.76,
            "at_2014_last_all": 20.07,
            "at_2015_last_all": 16.48,
            "at_2016_last_all": 2.56,
            "at_2017_last_all": 15.59,
            "at_2018_last_all": 13.64,
            "at_2019_last_all": 11.05,
            "at_2020_last_all": 9.86,
            "at_2021_last_all": 9.53,
            "at_2022_last_all": 4.22,
            "at_2023_last_all": 4.22
        },
        "latest_eps": -0.1,
        "latest_price": 15.2,
        "latest_roe": -0.6,
        "latest_gross_margin": null,
        "latest_equity": 32394532,
        "latest_revenue": 1418191,
        "latest_gross_profit": null,
        "latest_net_income": -586760,
        "latest_debt_ratio": 90.42,
        "latest_current_ratio": null,
        "latest_account_receivable_turnover_ratio": 21.12,
        "latest_inventory_turnover_ratio": null,
        "latest_reinvestment_rate": 0.17,
        "latest_research_to_sale_ratio": null
    },
    "eps_dividends": {
        "1994": {
            "cash": 0.34,
            "stock": 0,
            "eps": 0
        },
        "1995": {
            "cash": 0,
            "stock": 0.36,
            "eps": 0
        },
        "1996": {
            "cash": 0,
            "stock": 0.35,
            "eps": 0
        },
        "1998": {
            "cash": 0,
            "stock": 0.6,
            "eps": 0
        },
        "1999": {
            "cash": 0.37,
            "stock": 0.13,
            "eps": 0
        },
        "2000": {
            "cash": 0.4,
            "stock": 0.4,
            "eps": 0
        },
        "2001": {
            "cash": 0,
            "stock": 0,
            "eps": 0
        },
        "2002": {
            "cash": 0,
            "stock": 0,
            "eps": 0
        },
        "2003": {
            "cash": 0,
            "stock": 0,
            "eps": 0
        },
        "2004": {
            "cash": 0,
            "stock": 0,
            "eps": 0
        },
        "2005": {
            "cash": 0,
            "stock": 0,
            "eps": 0
        },
        "2006": {
            "cash": 0,
            "stock": 0,
            "eps": 0
        },
        "2007": {
            "cash": 0,
            "stock": 0,
            "eps": 0
        },
        "2008": {
            "cash": 0,
            "stock": 0,
            "eps": 0
        },
        "2009": {
            "cash": 0,
            "stock": 0,
            "eps": 0
        },
        "2010": {
            "cash": 0,
            "stock": 0,
            "eps": 1.2
        },
        "2011": {
            "cash": 1.2,
            "stock": 0,
            "eps": 1.31
        },
        "2012": {
            "cash": 0,
            "stock": 0,
            "eps": 2.43
        },
        "2013": {
            "cash": 0.6,
            "stock": 0,
            "eps": 1.57
        },
        "2014": {
            "cash": 0.6,
            "stock": 0,
            "eps": 1.9
        },
        "2015": {
            "cash": 0.6,
            "stock": 0,
            "eps": 1.94
        },
        "2016": {
            "cash": 0.6,
            "stock": 0,
            "eps": 0.64
        },
        "2017": {
            "cash": 0.6,
            "stock": 0,
            "eps": 1.24
        },
        "2018": {
            "cash": 0.6,
            "stock": 0,
            "eps": 1.24
        },
        "2019": {
            "cash": 1,
            "stock": 0,
            "eps": 1.12
        },
        "2020": {
            "cash": 0.73,
            "stock": 0,
            "eps": 1.11
        },
        "2021": {
            "cash": 0.73,
            "stock": 0,
            "eps": 1.18
        },
        "2022": {
            "cash": 0.73,
            "stock": 0,
            "eps": 0.54
        },
        "2023": {
            "cash": 0.4,
            "stock": 0,
            "eps": -0.3
        }
    },
    "dividends": {
        "1994-05-16": {
            "cash": 0.34,
            "stock": 0
        },
        "1995-04-20": {
            "cash": 0,
            "stock": 0.36
        },
        "1996-04-12": {
            "cash": 0,
            "stock": 0.35
        },
        "1998-04-16": {
            "cash": 0,
            "stock": 0.6
        },
        "1999-05-18": {
            "cash": 0.37,
            "stock": 0.13
        },
        "2000-05-18": {
            "cash": 0.4,
            "stock": 0.4
        },
        "2011-01-01": {
            "cash": 0.6,
            "stock": 0
        },
        "2011-03-31": {
            "cash": 0.6,
            "stock": 0
        },
        "2013-01-31": {
            "cash": 0.6,
            "stock": 0
        },
        "2014-08-15": {
            "cash": 0.6,
            "stock": 0
        },
        "2015-08-14": {
            "cash": 0.6,
            "stock": 0
        },
        "2016-08-12": {
            "cash": 0.6,
            "stock": 0
        },
        "2017-08-11": {
            "cash": 0.6,
            "stock": 0
        },
        "2018-08-10": {
            "cash": 0.6,
            "stock": 0
        },
        "2019-08-28": {
            "cash": 1,
            "stock": 0
        },
        "2020-08-14": {
            "cash": 0.73,
            "stock": 0
        },
        "2021-08-20": {
            "cash": 0.73,
            "stock": 0
        },
        "2022-08-05": {
            "cash": 0.73,
            "stock": 0
        },
        "2023-05-11": {
            "cash": 0.4,
            "stock": 0
        }
    },
    "prices": {
        "200101": "5.97",
        "200102": "6.21",
        "200103": "6.03",
        "200104": "5.93",
        "200105": "5.91",
        "200106": "5.88",
        "200107": "5.03",
        "200108": "5.55",
        "200109": "5.47",
        "200110": "5.02",
        "200111": "4.90",
        "200112": "5.14",
        "200201": "4.93",
        "200202": "4.85",
        "200203": "5.14",
        "200204": "6.43",
        "200205": "6.07",
        "200206": "6.16",
        "200207": "5.62",
        "200208": "5.45",
        "200209": "4.79",
        "200210": "4.62",
        "200211": "5.48",
        "200212": "5.89",
        "200301": "8.08",
        "200302": "7.32",
        "200303": "6.84",
        "200304": "7.02",
        "200305": "6.33",
        "200306": "7.16",
        "200307": "7.72",
        "200308": "7.59",
        "200309": "7.68",
        "200310": "8.26",
        "200311": "8.52",
        "200312": "8.76",
        "200401": "9.84",
        "200402": "11.00",
        "200403": "10.61",
        "200404": "10.03",
        "200405": "9.11",
        "200406": "9.21",
        "200407": "9.15",
        "200408": "9.40",
        "200409": "10.07",
        "200410": "10.76",
        "200411": "11.01",
        "200412": "10.96",
        "200501": "11.29",
        "200502": "11.25",
        "200503": "10.79",
        "200504": "10.59",
        "200505": "10.74",
        "200506": "11.63",
        "200507": "12.58",
        "200508": "12.82",
        "200509": "12.83",
        "200510": "12.36",
        "200511": "11.96",
        "200512": "10.78",
        "200601": "10.19",
        "200602": "9.24",
        "200603": "9.17",
        "200604": "9.60",
        "200605": "9.60",
        "200606": "8.83",
        "200607": "7.99",
        "200608": "7.61",
        "200609": "7.29",
        "200610": "9.04",
        "200611": "9.22",
        "200612": "10.07",
        "200701": "9.04",
        "200702": "9.22",
        "200703": "8.48",
        "200704": "8.53",
        "200705": "8.24",
        "200706": "8.26",
        "200707": "8.99",
        "200708": "7.73",
        "200709": "7.70",
        "200710": "8.08",
        "200711": "8.35",
        "200712": "7.88",
        "200801": "7.88",
        "200802": "7.67",
        "200803": "7.96",
        "200804": "8.46",
        "200805": "6.81",
        "200806": "6.57",
        "200807": "6.25",
        "200808": "5.43",
        "200809": "10.78",
        "200810": "9.78",
        "200811": "8.31",
        "200812": "9.57",
        "200901": "9.72",
        "200902": "9.05",
        "200903": "8.61",
        "200904": "9.05",
        "200905": "9.64",
        "200906": "9.01",
        "200907": "8.67",
        "200908": "8.00",
        "200909": "9.25",
        "200910": "9.55",
        "200911": "9.44",
        "200912": "9.06",
        "201001": "9.17",
        "201002": "7.86",
        "201003": "8.47",
        "201004": "9.77",
        "201005": "9.93",
        "201006": "9.80",
        "201007": "11.85",
        "201008": "15.00",
        "201009": "14.17",
        "201010": "13.62",
        "201011": "14.22",
        "201012": "14.78",
        "201101": "16.58",
        "201102": "15.80",
        "201103": "14.62",
        "201104": "15.28",
        "201105": "15.80",
        "201106": "14.95",
        "201107": "14.73",
        "201108": "13.30",
        "201109": "11.70",
        "201110": "11.41",
        "201111": "11.76",
        "201112": "13.27",
        "201201": "13.23",
        "201202": "15.04",
        "201203": "15.00",
        "201204": "13.94",
        "201205": "12.58",
        "201206": "12.88",
        "201207": "12.89",
        "201208": "12.83",
        "201209": "13.70",
        "201210": "14.39",
        "201211": "14.21",
        "201212": "16.01",
        "201301": "17.09",
        "201302": "17.98",
        "201303": "17.17",
        "201304": "16.86",
        "201305": "16.84",
        "201306": "15.72",
        "201307": "15.75",
        "201308": "14.78",
        "201309": "14.43",
        "201310": "15.25",
        "201311": "14.63",
        "201312": "14.81",
        "201401": "15.10",
        "201402": "14.21",
        "201403": "13.67",
        "201404": "13.67",
        "201405": "13.61",
        "201406": "14.02",
        "201407": "14.63",
        "201408": "14.16",
        "201409": "14.27",
        "201410": "13.61",
        "201411": "13.30",
        "201412": "13.61",
        "201501": "14.58",
        "201502": "14.68",
        "201503": "14.82",
        "201504": "15.44",
        "201505": "15.84",
        "201506": "14.27",
        "201507": "13.72",
        "201508": "14.75",
        "201509": "16.13",
        "201510": "15.81",
        "201511": "15.92",
        "201512": "18.08",
        "201601": "15.50",
        "201602": "14.21",
        "201603": "14.78",
        "201604": "14.11",
        "201605": "13.91",
        "201606": "13.89",
        "201607": "13.64",
        "201608": "13.70",
        "201609": "13.14",
        "201610": "12.39",
        "201611": "12.17",
        "201612": "12.65",
        "201701": "13.66",
        "201702": "13.84",
        "201703": "13.66",
        "201704": "13.24",
        "201705": "13.34",
        "201706": "13.09",
        "201707": "12.95",
        "201708": "12.77",
        "201709": "12.67",
        "201710": "12.69",
        "201711": "13.07",
        "201712": "13.52",
        "201801": "13.45",
        "201802": "13.04",
        "201803": "13.35",
        "201804": "13.59",
        "201805": "13.57",
        "201806": "13.58",
        "201807": "15.20",
        "201808": "15.04",
        "201809": "15.13",
        "201810": "14.02",
        "201811": "12.79",
        "201812": "13.13",
        "201901": "12.96",
        "201902": "13.25",
        "201903": "13.56",
        "201904": "13.83",
        "201905": "14.74",
        "201906": "15.46",
        "201907": "15.93",
        "201908": "14.12",
        "201909": "15.02",
        "201910": "15.18",
        "201911": "15.71",
        "201912": "15.59",
        "202001": "15.85",
        "202002": "15.41",
        "202003": "13.65",
        "202004": "13.86",
        "202005": "14.30",
        "202006": "14.46",
        "202007": "14.72",
        "202008": "13.85",
        "202009": "14.18",
        "202010": "14.54",
        "202011": "15.20",
        "202012": "15.55",
        "202101": "15.09",
        "202102": "14.32",
        "202103": "15.05",
        "202104": "15.23",
        "202105": "14.70",
        "202106": "14.87",
        "202107": "16.36",
        "202108": "15.60",
        "202109": "16.24",
        "202110": "16.52",
        "202111": "16.73",
        "202112": "16.42",
        "202201": "16.43",
        "202202": "16.04",
        "202203": "15.80",
        "202204": "15.98",
        "202205": "15.46",
        "202206": "15.53",
        "202207": "14.90",
        "202208": "14.56",
        "202209": "14.40",
        "202210": "14.18",
        "202211": "14.64",
        "202212": "14.73",
        "202301": "14.78",
        "202302": "14.76",
        "202303": "14.61",
        "202304": "14.81",
        "202305": "15.12",
        "202306": "15.36"
    },
    "quarters": {
        "20011": {
            "year_quarter": 20011,
            "year": 2001,
            "quarter": 1,
            "eps": null,
            "eps_growth_year": null,
            "eps_4q": null,
            "eps_4q_growth_year": null,
            "roe": null,
            "roe_4q": 0,
            "gross_profit": null,
            "gross_margin": null,
            "gross_margin_4q_avg": 0,
            "net_income": null,
            "revenue": null,
            "common_shares": null,
            "book_valuer_per_share": null,
            "book_valuer_per_share_4q_avg": 0,
            "equity": null,
            "current_ratio": null,
            "debt_ratio": null,
            "inventory_turnover_ratio": null,
            "account_receivable_turnover_ratio": null,
            "reinvestment_rate": null,
            "research_to_sale_ratio": null,
            "price_fair": 0,
            "eps_avg_yearly": 0,
            "eps_latest_yearly": 0,
            "eps_growth_yearly": 0
        },
        "20012": {
            "year_quarter": 20012,
            "year": 2001,
            "quarter": 2,
            "eps": null,
            "eps_growth_year": null,
            "eps_4q": null,
            "eps_4q_growth_year": null,
            "roe": null,
            "roe_4q": 0,
            "gross_profit": null,
            "gross_margin": null,
            "gross_margin_4q_avg": 0,
            "net_income": null,
            "revenue": null,
            "common_shares": null,
            "book_valuer_per_share": null,
            "book_valuer_per_share_4q_avg": 0,
            "equity": null,
            "current_ratio": null,
            "debt_ratio": null,
            "inventory_turnover_ratio": null,
            "account_receivable_turnover_ratio": null,
            "reinvestment_rate": null,
            "research_to_sale_ratio": null,
            "price_fair": 0,
            "eps_avg_yearly": 0,
            "eps_latest_yearly": 0,
            "eps_growth_yearly": 0
        },
        "20013": {
            "year_quarter": 20013,
            "year": 2001,
            "quarter": 3,
            "eps": null,
            "eps_growth_year": null,
            "eps_4q": null,
            "eps_4q_growth_year": null,
            "roe": null,
            "roe_4q": 0,
            "gross_profit": null,
            "gross_margin": null,
            "gross_margin_4q_avg": 0,
            "net_income": null,
            "revenue": null,
            "common_shares": null,
            "book_valuer_per_share": null,
            "book_valuer_per_share_4q_avg": 0,
            "equity": null,
            "current_ratio": null,
            "debt_ratio": null,
            "inventory_turnover_ratio": null,
            "account_receivable_turnover_ratio": null,
            "reinvestment_rate": null,
            "research_to_sale_ratio": null,
            "price_fair": 0,
            "eps_avg_yearly": 0,
            "eps_latest_yearly": 0,
            "eps_growth_yearly": 0
        },
        "20014": {
            "year_quarter": 20014,
            "year": 2001,
            "quarter": 4,
            "eps": null,
            "eps_growth_year": null,
            "eps_4q": null,
            "eps_4q_growth_year": null,
            "roe": null,
            "roe_4q": 0,
            "gross_profit": null,
            "gross_margin": null,
            "gross_margin_4q_avg": 0,
            "net_income": null,
            "revenue": null,
            "common_shares": null,
            "book_valuer_per_share": null,
            "book_valuer_per_share_4q_avg": 0,
            "equity": null,
            "current_ratio": null,
            "debt_ratio": null,
            "inventory_turnover_ratio": null,
            "account_receivable_turnover_ratio": null,
            "reinvestment_rate": null,
            "research_to_sale_ratio": null,
            "price_fair": 0,
            "eps_avg_yearly": 0,
            "eps_latest_yearly": 0,
            "eps_growth_yearly": 0
        },
        "20021": {
            "year_quarter": 20021,
            "year": 2002,
            "quarter": 1,
            "eps": null,
            "eps_growth_year": null,
            "eps_4q": null,
            "eps_4q_growth_year": null,
            "roe": null,
            "roe_4q": 0,
            "gross_profit": null,
            "gross_margin": null,
            "gross_margin_4q_avg": 0,
            "net_income": null,
            "revenue": null,
            "common_shares": null,
            "book_valuer_per_share": null,
            "book_valuer_per_share_4q_avg": 0,
            "equity": null,
            "current_ratio": null,
            "debt_ratio": null,
            "inventory_turnover_ratio": null,
            "account_receivable_turnover_ratio": null,
            "reinvestment_rate": null,
            "research_to_sale_ratio": null,
            "price_fair": 0,
            "eps_avg_yearly": 0,
            "eps_latest_yearly": 0,
            "eps_growth_yearly": 0
        },
        "20022": {
            "year_quarter": 20022,
            "year": 2002,
            "quarter": 2,
            "eps": null,
            "eps_growth_year": null,
            "eps_4q": null,
            "eps_4q_growth_year": null,
            "roe": null,
            "roe_4q": 0,
            "gross_profit": null,
            "gross_margin": null,
            "gross_margin_4q_avg": 0,
            "net_income": null,
            "revenue": null,
            "common_shares": null,
            "book_valuer_per_share": null,
            "book_valuer_per_share_4q_avg": 0,
            "equity": null,
            "current_ratio": null,
            "debt_ratio": null,
            "inventory_turnover_ratio": null,
            "account_receivable_turnover_ratio": null,
            "reinvestment_rate": null,
            "research_to_sale_ratio": null,
            "price_fair": 0,
            "eps_avg_yearly": 0,
            "eps_latest_yearly": 0,
            "eps_growth_yearly": 0
        },
        "20023": {
            "year_quarter": 20023,
            "year": 2002,
            "quarter": 3,
            "eps": null,
            "eps_growth_year": null,
            "eps_4q": null,
            "eps_4q_growth_year": null,
            "roe": null,
            "roe_4q": 0,
            "gross_profit": null,
            "gross_margin": null,
            "gross_margin_4q_avg": 0,
            "net_income": null,
            "revenue": null,
            "common_shares": null,
            "book_valuer_per_share": null,
            "book_valuer_per_share_4q_avg": 0,
            "equity": null,
            "current_ratio": null,
            "debt_ratio": null,
            "inventory_turnover_ratio": null,
            "account_receivable_turnover_ratio": null,
            "reinvestment_rate": null,
            "research_to_sale_ratio": null,
            "price_fair": 0,
            "eps_avg_yearly": 0,
            "eps_latest_yearly": 0,
            "eps_growth_yearly": 0
        },
        "20024": {
            "year_quarter": 20024,
            "year": 2002,
            "quarter": 4,
            "eps": null,
            "eps_growth_year": null,
            "eps_4q": null,
            "eps_4q_growth_year": null,
            "roe": null,
            "roe_4q": 0,
            "gross_profit": null,
            "gross_margin": null,
            "gross_margin_4q_avg": 0,
            "net_income": null,
            "revenue": null,
            "common_shares": null,
            "book_valuer_per_share": null,
            "book_valuer_per_share_4q_avg": 0,
            "equity": null,
            "current_ratio": null,
            "debt_ratio": null,
            "inventory_turnover_ratio": null,
            "account_receivable_turnover_ratio": null,
            "reinvestment_rate": null,
            "research_to_sale_ratio": null,
            "price_fair": 0,
            "eps_avg_yearly": 0,
            "eps_latest_yearly": 0,
            "eps_growth_yearly": 0
        },
        "20031": {
            "year_quarter": 20031,
            "year": 2003,
            "quarter": 1,
            "eps": null,
            "eps_growth_year": null,
            "eps_4q": null,
            "eps_4q_growth_year": null,
            "roe": null,
            "roe_4q": 0,
            "gross_profit": null,
            "gross_margin": null,
            "gross_margin_4q_avg": 0,
            "net_income": null,
            "revenue": null,
            "common_shares": null,
            "book_valuer_per_share": null,
            "book_valuer_per_share_4q_avg": 0,
            "equity": null,
            "current_ratio": null,
            "debt_ratio": null,
            "inventory_turnover_ratio": null,
            "account_receivable_turnover_ratio": null,
            "reinvestment_rate": null,
            "research_to_sale_ratio": null,
            "price_fair": 0,
            "eps_avg_yearly": 0,
            "eps_latest_yearly": 0,
            "eps_growth_yearly": 0
        },
        "20032": {
            "year_quarter": 20032,
            "year": 2003,
            "quarter": 2,
            "eps": null,
            "eps_growth_year": null,
            "eps_4q": null,
            "eps_4q_growth_year": null,
            "roe": null,
            "roe_4q": 0,
            "gross_profit": null,
            "gross_margin": null,
            "gross_margin_4q_avg": 0,
            "net_income": null,
            "revenue": null,
            "common_shares": null,
            "book_valuer_per_share": null,
            "book_valuer_per_share_4q_avg": 0,
            "equity": null,
            "current_ratio": null,
            "debt_ratio": null,
            "inventory_turnover_ratio": null,
            "account_receivable_turnover_ratio": null,
            "reinvestment_rate": null,
            "research_to_sale_ratio": null,
            "price_fair": 0,
            "eps_avg_yearly": 0,
            "eps_latest_yearly": 0,
            "eps_growth_yearly": 0
        },
        "20033": {
            "year_quarter": 20033,
            "year": 2003,
            "quarter": 3,
            "eps": null,
            "eps_growth_year": null,
            "eps_4q": null,
            "eps_4q_growth_year": null,
            "roe": null,
            "roe_4q": 0,
            "gross_profit": null,
            "gross_margin": null,
            "gross_margin_4q_avg": 0,
            "net_income": null,
            "revenue": null,
            "common_shares": null,
            "book_valuer_per_share": null,
            "book_valuer_per_share_4q_avg": 0,
            "equity": null,
            "current_ratio": null,
            "debt_ratio": null,
            "inventory_turnover_ratio": null,
            "account_receivable_turnover_ratio": null,
            "reinvestment_rate": null,
            "research_to_sale_ratio": null,
            "price_fair": 0,
            "eps_avg_yearly": 0,
            "eps_latest_yearly": 0,
            "eps_growth_yearly": 0
        },
        "20034": {
            "year_quarter": 20034,
            "year": 2003,
            "quarter": 4,
            "eps": null,
            "eps_growth_year": null,
            "eps_4q": null,
            "eps_4q_growth_year": null,
            "roe": null,
            "roe_4q": 0,
            "gross_profit": null,
            "gross_margin": null,
            "gross_margin_4q_avg": 0,
            "net_income": null,
            "revenue": null,
            "common_shares": null,
            "book_valuer_per_share": null,
            "book_valuer_per_share_4q_avg": 0,
            "equity": null,
            "current_ratio": null,
            "debt_ratio": null,
            "inventory_turnover_ratio": null,
            "account_receivable_turnover_ratio": null,
            "reinvestment_rate": null,
            "research_to_sale_ratio": null,
            "price_fair": 0,
            "eps_avg_yearly": 0,
            "eps_latest_yearly": 0,
            "eps_growth_yearly": 0
        },
        "20041": {
            "year_quarter": 20041,
            "year": 2004,
            "quarter": 1,
            "eps": null,
            "eps_growth_year": null,
            "eps_4q": null,
            "eps_4q_growth_year": null,
            "roe": null,
            "roe_4q": 0,
            "gross_profit": null,
            "gross_margin": null,
            "gross_margin_4q_avg": 0,
            "net_income": null,
            "revenue": null,
            "common_shares": null,
            "book_valuer_per_share": null,
            "book_valuer_per_share_4q_avg": 0,
            "equity": null,
            "current_ratio": null,
            "debt_ratio": null,
            "inventory_turnover_ratio": null,
            "account_receivable_turnover_ratio": null,
            "reinvestment_rate": null,
            "research_to_sale_ratio": null,
            "price_fair": 0,
            "eps_avg_yearly": 0,
            "eps_latest_yearly": 0,
            "eps_growth_yearly": 0
        },
        "20042": {
            "year_quarter": 20042,
            "year": 2004,
            "quarter": 2,
            "eps": null,
            "eps_growth_year": null,
            "eps_4q": null,
            "eps_4q_growth_year": null,
            "roe": null,
            "roe_4q": 0,
            "gross_profit": null,
            "gross_margin": null,
            "gross_margin_4q_avg": 0,
            "net_income": null,
            "revenue": null,
            "common_shares": null,
            "book_valuer_per_share": null,
            "book_valuer_per_share_4q_avg": 0,
            "equity": null,
            "current_ratio": null,
            "debt_ratio": null,
            "inventory_turnover_ratio": null,
            "account_receivable_turnover_ratio": null,
            "reinvestment_rate": null,
            "research_to_sale_ratio": null,
            "price_fair": 0,
            "eps_avg_yearly": 0,
            "eps_latest_yearly": 0,
            "eps_growth_yearly": 0
        },
        "20043": {
            "year_quarter": 20043,
            "year": 2004,
            "quarter": 3,
            "eps": null,
            "eps_growth_year": null,
            "eps_4q": null,
            "eps_4q_growth_year": null,
            "roe": null,
            "roe_4q": 0,
            "gross_profit": null,
            "gross_margin": null,
            "gross_margin_4q_avg": 0,
            "net_income": null,
            "revenue": null,
            "common_shares": null,
            "book_valuer_per_share": null,
            "book_valuer_per_share_4q_avg": 0,
            "equity": null,
            "current_ratio": null,
            "debt_ratio": null,
            "inventory_turnover_ratio": null,
            "account_receivable_turnover_ratio": null,
            "reinvestment_rate": null,
            "research_to_sale_ratio": null,
            "price_fair": 0,
            "eps_avg_yearly": 0,
            "eps_latest_yearly": 0,
            "eps_growth_yearly": 0
        },
        "20044": {
            "year_quarter": 20044,
            "year": 2004,
            "quarter": 4,
            "eps": null,
            "eps_growth_year": null,
            "eps_4q": null,
            "eps_4q_growth_year": null,
            "roe": null,
            "roe_4q": 0,
            "gross_profit": null,
            "gross_margin": null,
            "gross_margin_4q_avg": 0,
            "net_income": null,
            "revenue": null,
            "common_shares": null,
            "book_valuer_per_share": null,
            "book_valuer_per_share_4q_avg": 0,
            "equity": null,
            "current_ratio": null,
            "debt_ratio": null,
            "inventory_turnover_ratio": null,
            "account_receivable_turnover_ratio": null,
            "reinvestment_rate": null,
            "research_to_sale_ratio": null,
            "price_fair": 0,
            "eps_avg_yearly": 0,
            "eps_latest_yearly": 0,
            "eps_growth_yearly": 0
        },
        "20051": {
            "year_quarter": 20051,
            "year": 2005,
            "quarter": 1,
            "eps": null,
            "eps_growth_year": null,
            "eps_4q": null,
            "eps_4q_growth_year": null,
            "roe": null,
            "roe_4q": 0,
            "gross_profit": null,
            "gross_margin": null,
            "gross_margin_4q_avg": 0,
            "net_income": null,
            "revenue": null,
            "common_shares": null,
            "book_valuer_per_share": null,
            "book_valuer_per_share_4q_avg": 0,
            "equity": null,
            "current_ratio": null,
            "debt_ratio": null,
            "inventory_turnover_ratio": null,
            "account_receivable_turnover_ratio": null,
            "reinvestment_rate": null,
            "research_to_sale_ratio": null,
            "price_fair": 0,
            "eps_avg_yearly": 0,
            "eps_latest_yearly": 0,
            "eps_growth_yearly": 0
        },
        "20052": {
            "year_quarter": 20052,
            "year": 2005,
            "quarter": 2,
            "eps": null,
            "eps_growth_year": null,
            "eps_4q": null,
            "eps_4q_growth_year": null,
            "roe": null,
            "roe_4q": 0,
            "gross_profit": null,
            "gross_margin": null,
            "gross_margin_4q_avg": 0,
            "net_income": null,
            "revenue": null,
            "common_shares": null,
            "book_valuer_per_share": null,
            "book_valuer_per_share_4q_avg": 0,
            "equity": null,
            "current_ratio": null,
            "debt_ratio": null,
            "inventory_turnover_ratio": null,
            "account_receivable_turnover_ratio": null,
            "reinvestment_rate": null,
            "research_to_sale_ratio": null,
            "price_fair": 0,
            "eps_avg_yearly": 0,
            "eps_latest_yearly": 0,
            "eps_growth_yearly": 0
        },
        "20053": {
            "year_quarter": 20053,
            "year": 2005,
            "quarter": 3,
            "eps": null,
            "eps_growth_year": null,
            "eps_4q": null,
            "eps_4q_growth_year": null,
            "roe": null,
            "roe_4q": 0,
            "gross_profit": null,
            "gross_margin": null,
            "gross_margin_4q_avg": 0,
            "net_income": null,
            "revenue": null,
            "common_shares": null,
            "book_valuer_per_share": null,
            "book_valuer_per_share_4q_avg": 0,
            "equity": null,
            "current_ratio": null,
            "debt_ratio": null,
            "inventory_turnover_ratio": null,
            "account_receivable_turnover_ratio": null,
            "reinvestment_rate": null,
            "research_to_sale_ratio": null,
            "price_fair": 0,
            "eps_avg_yearly": 0,
            "eps_latest_yearly": 0,
            "eps_growth_yearly": 0
        },
        "20054": {
            "year_quarter": 20054,
            "year": 2005,
            "quarter": 4,
            "eps": null,
            "eps_growth_year": null,
            "eps_4q": null,
            "eps_4q_growth_year": null,
            "roe": null,
            "roe_4q": 0,
            "gross_profit": null,
            "gross_margin": null,
            "gross_margin_4q_avg": 0,
            "net_income": null,
            "revenue": null,
            "common_shares": null,
            "book_valuer_per_share": null,
            "book_valuer_per_share_4q_avg": 0,
            "equity": null,
            "current_ratio": null,
            "debt_ratio": null,
            "inventory_turnover_ratio": null,
            "account_receivable_turnover_ratio": null,
            "reinvestment_rate": null,
            "research_to_sale_ratio": null,
            "price_fair": 0,
            "eps_avg_yearly": 0,
            "eps_latest_yearly": 0,
            "eps_growth_yearly": 0
        },
        "20061": {
            "year_quarter": 20061,
            "year": 2006,
            "quarter": 1,
            "eps": null,
            "eps_growth_year": null,
            "eps_4q": null,
            "eps_4q_growth_year": null,
            "roe": null,
            "roe_4q": 0,
            "gross_profit": null,
            "gross_margin": null,
            "gross_margin_4q_avg": 0,
            "net_income": null,
            "revenue": null,
            "common_shares": null,
            "book_valuer_per_share": null,
            "book_valuer_per_share_4q_avg": 0,
            "equity": null,
            "current_ratio": null,
            "debt_ratio": null,
            "inventory_turnover_ratio": null,
            "account_receivable_turnover_ratio": null,
            "reinvestment_rate": null,
            "research_to_sale_ratio": null,
            "price_fair": 0,
            "eps_avg_yearly": 0,
            "eps_latest_yearly": 0,
            "eps_growth_yearly": 0
        },
        "20062": {
            "year_quarter": 20062,
            "year": 2006,
            "quarter": 2,
            "eps": null,
            "eps_growth_year": null,
            "eps_4q": null,
            "eps_4q_growth_year": null,
            "roe": null,
            "roe_4q": 0,
            "gross_profit": null,
            "gross_margin": null,
            "gross_margin_4q_avg": 0,
            "net_income": null,
            "revenue": null,
            "common_shares": null,
            "book_valuer_per_share": null,
            "book_valuer_per_share_4q_avg": 0,
            "equity": null,
            "current_ratio": null,
            "debt_ratio": null,
            "inventory_turnover_ratio": null,
            "account_receivable_turnover_ratio": null,
            "reinvestment_rate": null,
            "research_to_sale_ratio": null,
            "price_fair": 0,
            "eps_avg_yearly": 0,
            "eps_latest_yearly": 0,
            "eps_growth_yearly": 0
        },
        "20063": {
            "year_quarter": 20063,
            "year": 2006,
            "quarter": 3,
            "eps": null,
            "eps_growth_year": null,
            "eps_4q": null,
            "eps_4q_growth_year": null,
            "roe": null,
            "roe_4q": 0,
            "gross_profit": null,
            "gross_margin": null,
            "gross_margin_4q_avg": 0,
            "net_income": null,
            "revenue": null,
            "common_shares": null,
            "book_valuer_per_share": null,
            "book_valuer_per_share_4q_avg": 0,
            "equity": null,
            "current_ratio": null,
            "debt_ratio": null,
            "inventory_turnover_ratio": null,
            "account_receivable_turnover_ratio": null,
            "reinvestment_rate": null,
            "research_to_sale_ratio": null,
            "price_fair": 0,
            "eps_avg_yearly": 0,
            "eps_latest_yearly": 0,
            "eps_growth_yearly": 0
        },
        "20064": {
            "year_quarter": 20064,
            "year": 2006,
            "quarter": 4,
            "eps": null,
            "eps_growth_year": null,
            "eps_4q": null,
            "eps_4q_growth_year": null,
            "roe": null,
            "roe_4q": 0,
            "gross_profit": null,
            "gross_margin": null,
            "gross_margin_4q_avg": 0,
            "net_income": null,
            "revenue": null,
            "common_shares": null,
            "book_valuer_per_share": null,
            "book_valuer_per_share_4q_avg": 0,
            "equity": null,
            "current_ratio": null,
            "debt_ratio": null,
            "inventory_turnover_ratio": null,
            "account_receivable_turnover_ratio": null,
            "reinvestment_rate": null,
            "research_to_sale_ratio": null,
            "price_fair": 0,
            "eps_avg_yearly": 0,
            "eps_latest_yearly": 0,
            "eps_growth_yearly": 0
        },
        "20071": {
            "year_quarter": 20071,
            "year": 2007,
            "quarter": 1,
            "eps": null,
            "eps_growth_year": null,
            "eps_4q": null,
            "eps_4q_growth_year": null,
            "roe": null,
            "roe_4q": 0,
            "gross_profit": null,
            "gross_margin": null,
            "gross_margin_4q_avg": 0,
            "net_income": null,
            "revenue": null,
            "common_shares": null,
            "book_valuer_per_share": null,
            "book_valuer_per_share_4q_avg": 0,
            "equity": null,
            "current_ratio": null,
            "debt_ratio": null,
            "inventory_turnover_ratio": null,
            "account_receivable_turnover_ratio": null,
            "reinvestment_rate": null,
            "research_to_sale_ratio": null,
            "price_fair": 0,
            "eps_avg_yearly": 0,
            "eps_latest_yearly": 0,
            "eps_growth_yearly": 0
        },
        "20072": {
            "year_quarter": 20072,
            "year": 2007,
            "quarter": 2,
            "eps": null,
            "eps_growth_year": null,
            "eps_4q": null,
            "eps_4q_growth_year": null,
            "roe": null,
            "roe_4q": 0,
            "gross_profit": null,
            "gross_margin": null,
            "gross_margin_4q_avg": 0,
            "net_income": null,
            "revenue": null,
            "common_shares": null,
            "book_valuer_per_share": null,
            "book_valuer_per_share_4q_avg": 0,
            "equity": null,
            "current_ratio": null,
            "debt_ratio": null,
            "inventory_turnover_ratio": null,
            "account_receivable_turnover_ratio": null,
            "reinvestment_rate": null,
            "research_to_sale_ratio": null,
            "price_fair": 0,
            "eps_avg_yearly": 0,
            "eps_latest_yearly": 0,
            "eps_growth_yearly": 0
        },
        "20073": {
            "year_quarter": 20073,
            "year": 2007,
            "quarter": 3,
            "eps": null,
            "eps_growth_year": null,
            "eps_4q": null,
            "eps_4q_growth_year": null,
            "roe": null,
            "roe_4q": 0,
            "gross_profit": null,
            "gross_margin": null,
            "gross_margin_4q_avg": 0,
            "net_income": null,
            "revenue": null,
            "common_shares": null,
            "book_valuer_per_share": null,
            "book_valuer_per_share_4q_avg": 0,
            "equity": null,
            "current_ratio": null,
            "debt_ratio": null,
            "inventory_turnover_ratio": null,
            "account_receivable_turnover_ratio": null,
            "reinvestment_rate": null,
            "research_to_sale_ratio": null,
            "price_fair": 0,
            "eps_avg_yearly": 0,
            "eps_latest_yearly": 0,
            "eps_growth_yearly": 0
        },
        "20074": {
            "year_quarter": 20074,
            "year": 2007,
            "quarter": 4,
            "eps": null,
            "eps_growth_year": null,
            "eps_4q": null,
            "eps_4q_growth_year": null,
            "roe": null,
            "roe_4q": 0,
            "gross_profit": null,
            "gross_margin": null,
            "gross_margin_4q_avg": 0,
            "net_income": null,
            "revenue": null,
            "common_shares": null,
            "book_valuer_per_share": null,
            "book_valuer_per_share_4q_avg": 0,
            "equity": null,
            "current_ratio": null,
            "debt_ratio": null,
            "inventory_turnover_ratio": null,
            "account_receivable_turnover_ratio": null,
            "reinvestment_rate": null,
            "research_to_sale_ratio": null,
            "price_fair": 0,
            "eps_avg_yearly": 0,
            "eps_latest_yearly": 0,
            "eps_growth_yearly": 0
        },
        "20081": {
            "year_quarter": 20081,
            "year": 2008,
            "quarter": 1,
            "eps": null,
            "eps_growth_year": null,
            "eps_4q": null,
            "eps_4q_growth_year": null,
            "roe": null,
            "roe_4q": 0,
            "gross_profit": null,
            "gross_margin": null,
            "gross_margin_4q_avg": 0,
            "net_income": null,
            "revenue": null,
            "common_shares": null,
            "book_valuer_per_share": null,
            "book_valuer_per_share_4q_avg": 0,
            "equity": null,
            "current_ratio": null,
            "debt_ratio": null,
            "inventory_turnover_ratio": null,
            "account_receivable_turnover_ratio": null,
            "reinvestment_rate": null,
            "research_to_sale_ratio": null,
            "price_fair": 0,
            "eps_avg_yearly": 0,
            "eps_latest_yearly": 0,
            "eps_growth_yearly": 0
        },
        "20082": {
            "year_quarter": 20082,
            "year": 2008,
            "quarter": 2,
            "eps": null,
            "eps_growth_year": null,
            "eps_4q": null,
            "eps_4q_growth_year": null,
            "roe": null,
            "roe_4q": 0,
            "gross_profit": null,
            "gross_margin": null,
            "gross_margin_4q_avg": 0,
            "net_income": null,
            "revenue": null,
            "common_shares": null,
            "book_valuer_per_share": null,
            "book_valuer_per_share_4q_avg": 0,
            "equity": null,
            "current_ratio": null,
            "debt_ratio": null,
            "inventory_turnover_ratio": null,
            "account_receivable_turnover_ratio": null,
            "reinvestment_rate": null,
            "research_to_sale_ratio": null,
            "price_fair": 0,
            "eps_avg_yearly": 0,
            "eps_latest_yearly": 0,
            "eps_growth_yearly": 0
        },
        "20083": {
            "year_quarter": 20083,
            "year": 2008,
            "quarter": 3,
            "eps": null,
            "eps_growth_year": null,
            "eps_4q": null,
            "eps_4q_growth_year": null,
            "roe": null,
            "roe_4q": 0,
            "gross_profit": null,
            "gross_margin": null,
            "gross_margin_4q_avg": 0,
            "net_income": null,
            "revenue": null,
            "common_shares": null,
            "book_valuer_per_share": null,
            "book_valuer_per_share_4q_avg": 0,
            "equity": null,
            "current_ratio": null,
            "debt_ratio": null,
            "inventory_turnover_ratio": null,
            "account_receivable_turnover_ratio": null,
            "reinvestment_rate": null,
            "research_to_sale_ratio": null,
            "price_fair": 0,
            "eps_avg_yearly": 0,
            "eps_latest_yearly": 0,
            "eps_growth_yearly": 0
        },
        "20084": {
            "year_quarter": 20084,
            "year": 2008,
            "quarter": 4,
            "eps": null,
            "eps_growth_year": null,
            "eps_4q": null,
            "eps_4q_growth_year": null,
            "roe": null,
            "roe_4q": 0,
            "gross_profit": null,
            "gross_margin": null,
            "gross_margin_4q_avg": 0,
            "net_income": null,
            "revenue": null,
            "common_shares": 16796775,
            "book_valuer_per_share": null,
            "book_valuer_per_share_4q_avg": 0,
            "equity": 18285151,
            "current_ratio": null,
            "debt_ratio": null,
            "inventory_turnover_ratio": null,
            "account_receivable_turnover_ratio": null,
            "reinvestment_rate": null,
            "research_to_sale_ratio": null,
            "price_fair": 0,
            "eps_avg_yearly": 0,
            "eps_latest_yearly": 0,
            "eps_growth_yearly": 0
        },
        "20091": {
            "year_quarter": 20091,
            "year": 2009,
            "quarter": 1,
            "eps": null,
            "eps_growth_year": null,
            "eps_4q": null,
            "eps_4q_growth_year": null,
            "roe": null,
            "roe_4q": 0,
            "gross_profit": null,
            "gross_margin": null,
            "gross_margin_4q_avg": 0,
            "net_income": 145083,
            "revenue": 1129076,
            "common_shares": 16796775,
            "book_valuer_per_share": null,
            "book_valuer_per_share_4q_avg": 0,
            "equity": 18411042,
            "current_ratio": null,
            "debt_ratio": null,
            "inventory_turnover_ratio": null,
            "account_receivable_turnover_ratio": null,
            "reinvestment_rate": null,
            "research_to_sale_ratio": null,
            "price_fair": 0,
            "eps_avg_yearly": 0,
            "eps_latest_yearly": 0,
            "eps_growth_yearly": 0
        },
        "20092": {
            "year_quarter": 20092,
            "year": 2009,
            "quarter": 2,
            "eps": null,
            "eps_growth_year": null,
            "eps_4q": null,
            "eps_4q_growth_year": null,
            "roe": null,
            "roe_4q": 0,
            "gross_profit": null,
            "gross_margin": null,
            "gross_margin_4q_avg": 0,
            "net_income": -652523,
            "revenue": 828337,
            "common_shares": 16796775,
            "book_valuer_per_share": null,
            "book_valuer_per_share_4q_avg": 0,
            "equity": 17781921,
            "current_ratio": null,
            "debt_ratio": null,
            "inventory_turnover_ratio": null,
            "account_receivable_turnover_ratio": null,
            "reinvestment_rate": null,
            "research_to_sale_ratio": null,
            "price_fair": 0,
            "eps_avg_yearly": 0,
            "eps_latest_yearly": 0,
            "eps_growth_yearly": 0
        },
        "20093": {
            "year_quarter": 20093,
            "year": 2009,
            "quarter": 3,
            "eps": null,
            "eps_growth_year": null,
            "eps_4q": null,
            "eps_4q_growth_year": null,
            "roe": null,
            "roe_4q": 0,
            "gross_profit": null,
            "gross_margin": null,
            "gross_margin_4q_avg": 0,
            "net_income": 600801,
            "revenue": 1178914,
            "common_shares": 16796775,
            "book_valuer_per_share": null,
            "book_valuer_per_share_4q_avg": 0,
            "equity": 18425888,
            "current_ratio": null,
            "debt_ratio": null,
            "inventory_turnover_ratio": null,
            "account_receivable_turnover_ratio": null,
            "reinvestment_rate": null,
            "research_to_sale_ratio": null,
            "price_fair": 0,
            "eps_avg_yearly": 0,
            "eps_latest_yearly": 0,
            "eps_growth_yearly": 0
        },
        "20094": {
            "year_quarter": 20094,
            "year": 2009,
            "quarter": 4,
            "eps": null,
            "eps_growth_year": null,
            "eps_4q": null,
            "eps_4q_growth_year": null,
            "roe": null,
            "roe_4q": 0,
            "gross_profit": null,
            "gross_margin": null,
            "gross_margin_4q_avg": 0,
            "net_income": -19817,
            "revenue": 619283,
            "common_shares": 16796775,
            "book_valuer_per_share": 10.93,
            "book_valuer_per_share_4q_avg": 2.73,
            "equity": 18351301,
            "current_ratio": null,
            "debt_ratio": 93.96,
            "inventory_turnover_ratio": null,
            "account_receivable_turnover_ratio": null,
            "reinvestment_rate": null,
            "research_to_sale_ratio": null,
            "price_fair": 0,
            "eps_avg_yearly": 0,
            "eps_latest_yearly": 0,
            "eps_growth_yearly": 0
        },
        "20101": {
            "year_quarter": 20101,
            "year": 2010,
            "quarter": 1,
            "eps": 0.42,
            "eps_growth_year": null,
            "eps_4q": 0.42,
            "eps_4q_growth_year": null,
            "roe": 3.77,
            "roe_4q": 3.77,
            "gross_profit": null,
            "gross_margin": null,
            "gross_margin_4q_avg": 0,
            "net_income": 704607,
            "revenue": 991925,
            "common_shares": 16796775,
            "book_valuer_per_share": 11.34,
            "book_valuer_per_share_4q_avg": 5.57,
            "equity": 19052309,
            "current_ratio": null,
            "debt_ratio": 93.95,
            "inventory_turnover_ratio": null,
            "account_receivable_turnover_ratio": null,
            "reinvestment_rate": null,
            "research_to_sale_ratio": null,
            "price_fair": 0,
            "eps_avg_yearly": 0,
            "eps_latest_yearly": 0,
            "eps_growth_yearly": 0
        },
        "20102": {
            "year_quarter": 20102,
            "year": 2010,
            "quarter": 2,
            "eps": -0.37,
            "eps_growth_year": null,
            "eps_4q": 0.05,
            "eps_4q_growth_year": null,
            "roe": -3.33,
            "roe_4q": 0.43999999999999995,
            "gross_profit": null,
            "gross_margin": null,
            "gross_margin_4q_avg": 0,
            "net_income": -622399,
            "revenue": 1330875,
            "common_shares": 16796775,
            "book_valuer_per_share": 10.92,
            "book_valuer_per_share_4q_avg": 8.3,
            "equity": 18339558,
            "current_ratio": null,
            "debt_ratio": 94.39,
            "inventory_turnover_ratio": null,
            "account_receivable_turnover_ratio": null,
            "reinvestment_rate": null,
            "research_to_sale_ratio": null,
            "price_fair": 0,
            "eps_avg_yearly": 0,
            "eps_latest_yearly": 0,
            "eps_growth_yearly": 0
        },
        "20103": {
            "year_quarter": 20103,
            "year": 2010,
            "quarter": 3,
            "eps": 0.41,
            "eps_growth_year": null,
            "eps_4q": 0.46,
            "eps_4q_growth_year": null,
            "roe": 3.66,
            "roe_4q": 4.1,
            "gross_profit": null,
            "gross_margin": null,
            "gross_margin_4q_avg": 0,
            "net_income": 685584,
            "revenue": 1743559,
            "common_shares": 16796775,
            "book_valuer_per_share": 11.37,
            "book_valuer_per_share_4q_avg": 11.14,
            "equity": 19091684,
            "current_ratio": null,
            "debt_ratio": 94.37,
            "inventory_turnover_ratio": null,
            "account_receivable_turnover_ratio": null,
            "reinvestment_rate": null,
            "research_to_sale_ratio": null,
            "price_fair": 0,
            "eps_avg_yearly": 0,
            "eps_latest_yearly": 0,
            "eps_growth_yearly": 0
        },
        "20104": {
            "year_quarter": 20104,
            "year": 2010,
            "quarter": 4,
            "eps": 0.74,
            "eps_growth_year": null,
            "eps_4q": 1.19,
            "eps_4q_growth_year": null,
            "roe": 6.27,
            "roe_4q": 10.37,
            "gross_profit": null,
            "gross_margin": null,
            "gross_margin_4q_avg": 0,
            "net_income": 1235116,
            "revenue": 1578884,
            "common_shares": 16796775,
            "book_valuer_per_share": 12.09,
            "book_valuer_per_share_4q_avg": 11.43,
            "equity": 20315033,
            "current_ratio": null,
            "debt_ratio": 94.06,
            "inventory_turnover_ratio": null,
            "account_receivable_turnover_ratio": null,
            "reinvestment_rate": null,
            "research_to_sale_ratio": null,
            "price_fair": 103.6,
            "eps_avg_yearly": 2.96,
            "eps_latest_yearly": 2.96,
            "eps_growth_yearly": 321.95
        },
        "20111": {
            "year_quarter": 20111,
            "year": 2011,
            "quarter": 1,
            "eps": 0.14,
            "eps_growth_year": -66.67,
            "eps_4q": 0.91,
            "eps_4q_growth_year": 117.42,
            "roe": 1.15,
            "roe_4q": 7.75,
            "gross_profit": null,
            "gross_margin": null,
            "gross_margin_4q_avg": 0,
            "net_income": 233650,
            "revenue": 1206752,
            "common_shares": 16796775,
            "book_valuer_per_share": 12.17,
            "book_valuer_per_share_4q_avg": 11.64,
            "equity": 20437314,
            "current_ratio": null,
            "debt_ratio": 94.1,
            "inventory_turnover_ratio": null,
            "account_receivable_turnover_ratio": null,
            "reinvestment_rate": null,
            "research_to_sale_ratio": null,
            "price_fair": 5.28,
            "eps_avg_yearly": 1.76,
            "eps_latest_yearly": 0.56,
            "eps_growth_yearly": -1.19
        },
        "20112": {
            "year_quarter": 20112,
            "year": 2011,
            "quarter": 2,
            "eps": 0.58,
            "eps_growth_year": null,
            "eps_4q": 1.86,
            "eps_4q_growth_year": 3703.36,
            "roe": 4.78,
            "roe_4q": 15.86,
            "gross_profit": null,
            "gross_margin": null,
            "gross_margin_4q_avg": 0,
            "net_income": 972332,
            "revenue": 1912317,
            "common_shares": 16796775,
            "book_valuer_per_share": 12.03,
            "book_valuer_per_share_4q_avg": 11.92,
            "equity": 20211018,
            "current_ratio": null,
            "debt_ratio": 94.45,
            "inventory_turnover_ratio": null,
            "account_receivable_turnover_ratio": null,
            "reinvestment_rate": null,
            "research_to_sale_ratio": null,
            "price_fair": 68.13,
            "eps_avg_yearly": 1.95,
            "eps_latest_yearly": 2.32,
            "eps_growth_yearly": 418.26
        },
        "20113": {
            "year_quarter": 20113,
            "year": 2011,
            "quarter": 3,
            "eps": 0.53,
            "eps_growth_year": 30.74,
            "eps_4q": 1.99,
            "eps_4q_growth_year": 334.68,
            "roe": 4.31,
            "roe_4q": 16.509999999999998,
            "gross_profit": null,
            "gross_margin": null,
            "gross_margin_4q_avg": 0,
            "net_income": 896351,
            "revenue": 1897986,
            "common_shares": 16796775,
            "book_valuer_per_share": 12.71,
            "book_valuer_per_share_4q_avg": 12.25,
            "equity": 21345584,
            "current_ratio": null,
            "debt_ratio": 94.05,
            "inventory_turnover_ratio": null,
            "account_receivable_turnover_ratio": null,
            "reinvestment_rate": null,
            "research_to_sale_ratio": null,
            "price_fair": 69.65,
            "eps_avg_yearly": 1.99,
            "eps_latest_yearly": 2.12,
            "eps_growth_yearly": 305.07
        },
        "20114": {
            "year_quarter": 20114,
            "year": 2011,
            "quarter": 4,
            "eps": 0.06,
            "eps_growth_year": -91.75,
            "eps_4q": 1.31,
            "eps_4q_growth_year": 10.05,
            "roe": 0.48,
            "roe_4q": 10.72,
            "gross_profit": null,
            "gross_margin": null,
            "gross_margin_4q_avg": 0,
            "net_income": 101855,
            "revenue": 1226660,
            "common_shares": 16796775,
            "book_valuer_per_share": 12.76,
            "book_valuer_per_share_4q_avg": 12.42,
            "equity": 21433818,
            "current_ratio": null,
            "debt_ratio": 94.18,
            "inventory_turnover_ratio": null,
            "account_receivable_turnover_ratio": null,
            "reinvestment_rate": null,
            "research_to_sale_ratio": null,
            "price_fair": 57.4,
            "eps_avg_yearly": 1.64,
            "eps_latest_yearly": 0.24,
            "eps_growth_yearly": 173.11
        },
        "20121": {
            "year_quarter": 20121,
            "year": 2012,
            "quarter": 1,
            "eps": 0.42,
            "eps_growth_year": 200,
            "eps_4q": 1.59,
            "eps_4q_growth_year": 74.37,
            "roe": 3.21,
            "roe_4q": 12.780000000000001,
            "gross_profit": null,
            "gross_margin": null,
            "gross_margin_4q_avg": 0,
            "net_income": 700684,
            "revenue": 1860475,
            "common_shares": 16796775,
            "book_valuer_per_share": 13.23,
            "book_valuer_per_share_4q_avg": 12.68,
            "equity": 22218239,
            "current_ratio": null,
            "debt_ratio": 93.92,
            "inventory_turnover_ratio": null,
            "account_receivable_turnover_ratio": null,
            "reinvestment_rate": null,
            "research_to_sale_ratio": null,
            "price_fair": 57.63,
            "eps_avg_yearly": 1.65,
            "eps_latest_yearly": 1.68,
            "eps_growth_yearly": 544.26
        },
        "20122": {
            "year_quarter": 20122,
            "year": 2012,
            "quarter": 2,
            "eps": 0.48,
            "eps_growth_year": -17.66,
            "eps_4q": 1.49,
            "eps_4q_growth_year": -20.06,
            "roe": 3.63,
            "roe_4q": 11.629999999999999,
            "gross_profit": null,
            "gross_margin": null,
            "gross_margin_4q_avg": 0,
            "net_income": 800610,
            "revenue": 1983598,
            "common_shares": 16796775,
            "book_valuer_per_share": 13.03,
            "book_valuer_per_share_4q_avg": 12.93,
            "equity": 21890477,
            "current_ratio": null,
            "debt_ratio": 94.14,
            "inventory_turnover_ratio": null,
            "account_receivable_turnover_ratio": null,
            "reinvestment_rate": null,
            "research_to_sale_ratio": null,
            "price_fair": 59,
            "eps_avg_yearly": 1.69,
            "eps_latest_yearly": 1.92,
            "eps_growth_yearly": 474.67
        },
        "20123": {
            "year_quarter": 20123,
            "year": 2012,
            "quarter": 3,
            "eps": 0.54,
            "eps_growth_year": 1.42,
            "eps_4q": 1.5,
            "eps_4q_growth_year": -24.73,
            "roe": 4.05,
            "roe_4q": 11.370000000000001,
            "gross_profit": null,
            "gross_margin": null,
            "gross_margin_4q_avg": 0,
            "net_income": 909055,
            "revenue": 1858861,
            "common_shares": 16796775,
            "book_valuer_per_share": 13.68,
            "book_valuer_per_share_4q_avg": 13.18,
            "equity": 22975039,
            "current_ratio": null,
            "debt_ratio": 93.87,
            "inventory_turnover_ratio": null,
            "account_receivable_turnover_ratio": null,
            "reinvestment_rate": null,
            "research_to_sale_ratio": null,
            "price_fair": 61.08,
            "eps_avg_yearly": 1.75,
            "eps_latest_yearly": 2.16,
            "eps_growth_yearly": 421.59
        },
        "20124": {
            "year_quarter": 20124,
            "year": 2012,
            "quarter": 4,
            "eps": 0.99,
            "eps_growth_year": 1535.83,
            "eps_4q": 2.43,
            "eps_4q_growth_year": 84.94,
            "roe": 7.02,
            "roe_4q": 17.91,
            "gross_profit": null,
            "gross_margin": null,
            "gross_margin_4q_avg": 0,
            "net_income": 1666184,
            "revenue": 2992977,
            "common_shares": 16796775,
            "book_valuer_per_share": 14.58,
            "book_valuer_per_share_4q_avg": 13.63,
            "equity": 24494869,
            "current_ratio": null,
            "debt_ratio": 93.19,
            "inventory_turnover_ratio": null,
            "account_receivable_turnover_ratio": 1.27,
            "reinvestment_rate": -23.13,
            "research_to_sale_ratio": null,
            "price_fair": 69.69,
            "eps_avg_yearly": 1.99,
            "eps_latest_yearly": 3.96,
            "eps_growth_yearly": 411.78
        },
        "20131": {
            "year_quarter": 20131,
            "year": 2013,
            "quarter": 1,
            "eps": 0.48,
            "eps_growth_year": 14.29,
            "eps_4q": 2.49,
            "eps_4q_growth_year": 56.82,
            "roe": 3.37,
            "roe_4q": 18.07,
            "gross_profit": null,
            "gross_margin": null,
            "gross_margin_4q_avg": 0,
            "net_income": 813041,
            "revenue": 1882275,
            "common_shares": 16796775,
            "book_valuer_per_share": 14.17,
            "book_valuer_per_share_4q_avg": 13.87,
            "equity": 23800786,
            "current_ratio": null,
            "debt_ratio": 93.66,
            "inventory_turnover_ratio": null,
            "account_receivable_turnover_ratio": 0.78,
            "reinvestment_rate": -22.23,
            "research_to_sale_ratio": null,
            "price_fair": 69.44,
            "eps_avg_yearly": 1.98,
            "eps_latest_yearly": 1.92,
            "eps_growth_yearly": 350
        },
        "20132": {
            "year_quarter": 20132,
            "year": 2013,
            "quarter": 2,
            "eps": 0.57,
            "eps_growth_year": 19.59,
            "eps_4q": 2.58,
            "eps_4q_growth_year": 73.58,
            "roe": 3.96,
            "roe_4q": 18.4,
            "gross_profit": null,
            "gross_margin": null,
            "gross_margin_4q_avg": 0,
            "net_income": 950261,
            "revenue": 1936111,
            "common_shares": 16796775,
            "book_valuer_per_share": 14.38,
            "book_valuer_per_share_4q_avg": 14.2,
            "equity": 24153697,
            "current_ratio": null,
            "debt_ratio": 94.02,
            "inventory_turnover_ratio": null,
            "account_receivable_turnover_ratio": 31.21,
            "reinvestment_rate": -18.9,
            "research_to_sale_ratio": null,
            "price_fair": 70.38,
            "eps_avg_yearly": 2.01,
            "eps_latest_yearly": 2.28,
            "eps_growth_yearly": 325
        },
        "20133": {
            "year_quarter": 20133,
            "year": 2013,
            "quarter": 3,
            "eps": 0,
            "eps_growth_year": -100,
            "eps_4q": 2.04,
            "eps_4q_growth_year": 36.63,
            "roe": 0.01,
            "roe_4q": 14.36,
            "gross_profit": null,
            "gross_margin": null,
            "gross_margin_4q_avg": 0,
            "net_income": 2825,
            "revenue": 953003,
            "common_shares": 16796775,
            "book_valuer_per_share": 14.4,
            "book_valuer_per_share_4q_avg": 14.38,
            "equity": 24189935,
            "current_ratio": null,
            "debt_ratio": 93.37,
            "inventory_turnover_ratio": null,
            "account_receivable_turnover_ratio": 26.83,
            "reinvestment_rate": -20.17,
            "research_to_sale_ratio": null,
            "price_fair": 70.38,
            "eps_avg_yearly": 2.01,
            "eps_latest_yearly": 2.28,
            "eps_growth_yearly": 325
        },
        "20134": {
            "year_quarter": 20134,
            "year": 2013,
            "quarter": 4,
            "eps": 0.52,
            "eps_growth_year": -47.48,
            "eps_4q": 1.57,
            "eps_4q_growth_year": -35.21,
            "roe": 3.54,
            "roe_4q": 10.879999999999999,
            "gross_profit": null,
            "gross_margin": null,
            "gross_margin_4q_avg": 0,
            "net_income": 875128,
            "revenue": 1790130,
            "common_shares": 16796775,
            "book_valuer_per_share": 15.02,
            "book_valuer_per_share_4q_avg": 14.49,
            "equity": 25232764,
            "current_ratio": null,
            "debt_ratio": 92.75,
            "inventory_turnover_ratio": null,
            "account_receivable_turnover_ratio": 42.08,
            "reinvestment_rate": -26.36,
            "research_to_sale_ratio": null,
            "price_fair": 70.38,
            "eps_avg_yearly": 2.01,
            "eps_latest_yearly": 2.28,
            "eps_growth_yearly": 325
        },
        "20141": {
            "year_quarter": 20141,
            "year": 2014,
            "quarter": 1,
            "eps": 0.4,
            "eps_growth_year": -16.67,
            "eps_4q": 1.49,
            "eps_4q_growth_year": -40.45,
            "roe": 2.6,
            "roe_4q": 10.11,
            "gross_profit": null,
            "gross_margin": null,
            "gross_margin_4q_avg": 0,
            "net_income": 666405,
            "revenue": 1695728,
            "common_shares": 16796775,
            "book_valuer_per_share": 15.52,
            "book_valuer_per_share_4q_avg": 14.83,
            "equity": 26073478,
            "current_ratio": null,
            "debt_ratio": 92.85,
            "inventory_turnover_ratio": null,
            "account_receivable_turnover_ratio": 37.97,
            "reinvestment_rate": -22.66,
            "research_to_sale_ratio": null,
            "price_fair": 69.18,
            "eps_avg_yearly": 1.98,
            "eps_latest_yearly": 1.6,
            "eps_growth_yearly": 290.22
        },
        "20142": {
            "year_quarter": 20142,
            "year": 2014,
            "quarter": 2,
            "eps": 0.58,
            "eps_growth_year": 1.75,
            "eps_4q": 1.51,
            "eps_4q_growth_year": -41.69,
            "roe": 3.78,
            "roe_4q": 9.93,
            "gross_profit": null,
            "gross_margin": null,
            "gross_margin_4q_avg": 0,
            "net_income": 985428,
            "revenue": 1783109,
            "common_shares": 16796775,
            "book_valuer_per_share": 15.54,
            "book_valuer_per_share_4q_avg": 15.12,
            "equity": 26098440,
            "current_ratio": null,
            "debt_ratio": 92.48,
            "inventory_turnover_ratio": null,
            "account_receivable_turnover_ratio": 24.84,
            "reinvestment_rate": -18.03,
            "research_to_sale_ratio": null,
            "price_fair": 70.11,
            "eps_avg_yearly": 2,
            "eps_latest_yearly": 2.32,
            "eps_growth_yearly": 281.74
        },
        "20143": {
            "year_quarter": 20143,
            "year": 2014,
            "quarter": 3,
            "eps": 0.39,
            "eps_growth_year": null,
            "eps_4q": 1.9,
            "eps_4q_growth_year": -7,
            "roe": 2.52,
            "roe_4q": 12.440000000000001,
            "gross_profit": null,
            "gross_margin": null,
            "gross_margin_4q_avg": 0,
            "net_income": 665185,
            "revenue": 1747164,
            "common_shares": 16796775,
            "book_valuer_per_share": 15.92,
            "book_valuer_per_share_4q_avg": 15.5,
            "equity": 26746701,
            "current_ratio": null,
            "debt_ratio": 92.16,
            "inventory_turnover_ratio": null,
            "account_receivable_turnover_ratio": 13.6,
            "reinvestment_rate": -10.03,
            "research_to_sale_ratio": null,
            "price_fair": 69,
            "eps_avg_yearly": 1.97,
            "eps_latest_yearly": 1.56,
            "eps_growth_yearly": 252.26
        },
        "20144": {
            "year_quarter": 20144,
            "year": 2014,
            "quarter": 4,
            "eps": 0.53,
            "eps_growth_year": 1.07,
            "eps_4q": 1.91,
            "eps_4q_growth_year": 21.21,
            "roe": 3.23,
            "roe_4q": 12.129999999999999,
            "gross_profit": null,
            "gross_margin": null,
            "gross_margin_4q_avg": 0,
            "net_income": 884461,
            "revenue": 1958253,
            "common_shares": 16796775,
            "book_valuer_per_share": 16.66,
            "book_valuer_per_share_4q_avg": 15.91,
            "equity": 27976351,
            "current_ratio": null,
            "debt_ratio": 91.65,
            "inventory_turnover_ratio": null,
            "account_receivable_turnover_ratio": 19.48,
            "reinvestment_rate": -9.88,
            "research_to_sale_ratio": null,
            "price_fair": 66.9,
            "eps_avg_yearly": 1.91,
            "eps_latest_yearly": 2.12,
            "eps_growth_yearly": 239.52
        },
        "20151": {
            "year_quarter": 20151,
            "year": 2015,
            "quarter": 1,
            "eps": 0.36,
            "eps_growth_year": -10,
            "eps_4q": 1.87,
            "eps_4q_growth_year": 25.85,
            "roe": 2.13,
            "roe_4q": 11.659999999999998,
            "gross_profit": null,
            "gross_margin": null,
            "gross_margin_4q_avg": 0,
            "net_income": 604335,
            "revenue": 1852910,
            "common_shares": 16796775,
            "book_valuer_per_share": 17.08,
            "book_valuer_per_share_4q_avg": 16.3,
            "equity": 28693363,
            "current_ratio": null,
            "debt_ratio": 91.43,
            "inventory_turnover_ratio": null,
            "account_receivable_turnover_ratio": 35.66,
            "reinvestment_rate": -9.36,
            "research_to_sale_ratio": null,
            "price_fair": 69.1,
            "eps_avg_yearly": 1.97,
            "eps_latest_yearly": 1.44,
            "eps_growth_yearly": 253.52
        },
        "20152": {
            "year_quarter": 20152,
            "year": 2015,
            "quarter": 2,
            "eps": 0.43,
            "eps_growth_year": -25.86,
            "eps_4q": 1.72,
            "eps_4q_growth_year": 14.19,
            "roe": 2.58,
            "roe_4q": 10.459999999999999,
            "gross_profit": null,
            "gross_margin": null,
            "gross_margin_4q_avg": 0,
            "net_income": 734804,
            "revenue": 1898184,
            "common_shares": 16796775,
            "book_valuer_per_share": 16.87,
            "book_valuer_per_share_4q_avg": 16.63,
            "equity": 28329526,
            "current_ratio": null,
            "debt_ratio": 91.34,
            "inventory_turnover_ratio": null,
            "account_receivable_turnover_ratio": 33.97,
            "reinvestment_rate": -9.53,
            "research_to_sale_ratio": null,
            "price_fair": 67.6,
            "eps_avg_yearly": 1.93,
            "eps_latest_yearly": 1.72,
            "eps_growth_yearly": 169.28
        },
        "20153": {
            "year_quarter": 20153,
            "year": 2015,
            "quarter": 3,
            "eps": 0.46,
            "eps_growth_year": 17.95,
            "eps_4q": 1.8,
            "eps_4q_growth_year": -5.43,
            "roe": 2.75,
            "roe_4q": 10.69,
            "gross_profit": null,
            "gross_margin": null,
            "gross_margin_4q_avg": 0,
            "net_income": 795345,
            "revenue": 2031148,
            "common_shares": 16796775,
            "book_valuer_per_share": 17.54,
            "book_valuer_per_share_4q_avg": 17.04,
            "equity": 29463264,
            "current_ratio": null,
            "debt_ratio": 91.16,
            "inventory_turnover_ratio": null,
            "account_receivable_turnover_ratio": 38.14,
            "reinvestment_rate": -4.24,
            "research_to_sale_ratio": null,
            "price_fair": 66.9,
            "eps_avg_yearly": 1.91,
            "eps_latest_yearly": 1.84,
            "eps_growth_yearly": 173.74
        },
        "20154": {
            "year_quarter": 20154,
            "year": 2015,
            "quarter": 4,
            "eps": 0.69,
            "eps_growth_year": 31.23,
            "eps_4q": 1.96,
            "eps_4q_growth_year": 2.93,
            "roe": 3.87,
            "roe_4q": 11.329999999999998,
            "gross_profit": null,
            "gross_margin": null,
            "gross_margin_4q_avg": 0,
            "net_income": 1160647,
            "revenue": 2075181,
            "common_shares": 16796775,
            "book_valuer_per_share": 18.15,
            "book_valuer_per_share_4q_avg": 17.41,
            "equity": 30482148,
            "current_ratio": null,
            "debt_ratio": 90.55,
            "inventory_turnover_ratio": null,
            "account_receivable_turnover_ratio": 39.23,
            "reinvestment_rate": -4.55,
            "research_to_sale_ratio": null,
            "price_fair": 73.2,
            "eps_avg_yearly": 2.09,
            "eps_latest_yearly": 2.76,
            "eps_growth_yearly": 213.36
        },
        "20161": {
            "year_quarter": 20161,
            "year": 2016,
            "quarter": 1,
            "eps": 0.04,
            "eps_growth_year": -88.89,
            "eps_4q": 1.64,
            "eps_4q_growth_year": -12.19,
            "roe": 0.22,
            "roe_4q": 9.42,
            "gross_profit": null,
            "gross_margin": null,
            "gross_margin_4q_avg": 0,
            "net_income": 66024,
            "revenue": 1737812,
            "common_shares": 16796775,
            "book_valuer_per_share": 18.2,
            "book_valuer_per_share_4q_avg": 17.69,
            "equity": 30566438,
            "current_ratio": null,
            "debt_ratio": 90.04,
            "inventory_turnover_ratio": null,
            "account_receivable_turnover_ratio": 25.26,
            "reinvestment_rate": -4.94,
            "research_to_sale_ratio": null,
            "price_fair": 49.6,
            "eps_avg_yearly": 1.98,
            "eps_latest_yearly": 0.16,
            "eps_growth_yearly": 15.02
        },
        "20162": {
            "year_quarter": 20162,
            "year": 2016,
            "quarter": 2,
            "eps": 0.23,
            "eps_growth_year": -46.51,
            "eps_4q": 1.43,
            "eps_4q_growth_year": -16.91,
            "roe": 1.25,
            "roe_4q": 8.09,
            "gross_profit": null,
            "gross_margin": null,
            "gross_margin_4q_avg": 0,
            "net_income": 378211,
            "revenue": 1507901,
            "common_shares": 16796775,
            "book_valuer_per_share": 17.84,
            "book_valuer_per_share_4q_avg": 17.93,
            "equity": 29961234,
            "current_ratio": null,
            "debt_ratio": 90.21,
            "inventory_turnover_ratio": null,
            "account_receivable_turnover_ratio": 22.22,
            "reinvestment_rate": -5.71,
            "research_to_sale_ratio": null,
            "price_fair": 66.9,
            "eps_avg_yearly": 1.91,
            "eps_latest_yearly": 0.92,
            "eps_growth_yearly": 146.65
        },
        "20163": {
            "year_quarter": 20163,
            "year": 2016,
            "quarter": 3,
            "eps": 0.15,
            "eps_growth_year": -67.39,
            "eps_4q": 1.1,
            "eps_4q_growth_year": -38.86,
            "roe": 0.8,
            "roe_4q": 6.140000000000001,
            "gross_profit": null,
            "gross_margin": null,
            "gross_margin_4q_avg": 0,
            "net_income": 240756,
            "revenue": 1535953,
            "common_shares": 16796775,
            "book_valuer_per_share": 17.97,
            "book_valuer_per_share_4q_avg": 18.04,
            "equity": 30186742,
            "current_ratio": null,
            "debt_ratio": 90.04,
            "inventory_turnover_ratio": null,
            "account_receivable_turnover_ratio": 27.38,
            "reinvestment_rate": -2.02,
            "research_to_sale_ratio": null,
            "price_fair": 63,
            "eps_avg_yearly": 1.8,
            "eps_latest_yearly": 0.6,
            "eps_growth_yearly": 133.14
        },
        "20164": {
            "year_quarter": 20164,
            "year": 2016,
            "quarter": 4,
            "eps": 0.22,
            "eps_growth_year": -68.15,
            "eps_4q": 0.63,
            "eps_4q_growth_year": -67.99,
            "roe": 1.22,
            "roe_4q": 3.49,
            "gross_profit": null,
            "gross_margin": null,
            "gross_margin_4q_avg": 0,
            "net_income": 369688,
            "revenue": 1518505,
            "common_shares": 16796775,
            "book_valuer_per_share": 18.16,
            "book_valuer_per_share_4q_avg": 18.04,
            "equity": 30497518,
            "current_ratio": null,
            "debt_ratio": 89.99,
            "inventory_turnover_ratio": null,
            "account_receivable_turnover_ratio": 14.04,
            "reinvestment_rate": -2.2,
            "research_to_sale_ratio": null,
            "price_fair": 55.3,
            "eps_avg_yearly": 1.58,
            "eps_latest_yearly": 0.88,
            "eps_growth_yearly": 122.66
        },
        "20171": {
            "year_quarter": 20171,
            "year": 2017,
            "quarter": 1,
            "eps": 0.3,
            "eps_growth_year": 650,
            "eps_4q": 0.89,
            "eps_4q_growth_year": -45.63,
            "roe": 1.66,
            "roe_4q": 4.93,
            "gross_profit": null,
            "gross_margin": null,
            "gross_margin_4q_avg": 0,
            "net_income": 510284,
            "revenue": 1348620,
            "common_shares": 16796775,
            "book_valuer_per_share": 18.44,
            "book_valuer_per_share_4q_avg": 18.1,
            "equity": 30981601,
            "current_ratio": null,
            "debt_ratio": 89.94,
            "inventory_turnover_ratio": null,
            "account_receivable_turnover_ratio": 11.05,
            "reinvestment_rate": -1.49,
            "research_to_sale_ratio": null,
            "price_fair": 53.5,
            "eps_avg_yearly": 1.53,
            "eps_latest_yearly": 1.2,
            "eps_growth_yearly": 147.77
        },
        "20172": {
            "year_quarter": 20172,
            "year": 2017,
            "quarter": 2,
            "eps": 0.29,
            "eps_growth_year": 26.09,
            "eps_4q": 0.96,
            "eps_4q_growth_year": -32.72,
            "roe": 1.6,
            "roe_4q": 5.279999999999999,
            "gross_profit": null,
            "gross_margin": null,
            "gross_margin_4q_avg": 0,
            "net_income": 494210,
            "revenue": 2031226,
            "common_shares": 16796775,
            "book_valuer_per_share": 18.3,
            "book_valuer_per_share_4q_avg": 18.22,
            "equity": 30733460,
            "current_ratio": null,
            "debt_ratio": 89.98,
            "inventory_turnover_ratio": null,
            "account_receivable_turnover_ratio": 24.07,
            "reinvestment_rate": -1.67,
            "research_to_sale_ratio": null,
            "price_fair": 50.7,
            "eps_avg_yearly": 1.45,
            "eps_latest_yearly": 1.16,
            "eps_growth_yearly": 141.46
        },
        "20173": {
            "year_quarter": 20173,
            "year": 2017,
            "quarter": 3,
            "eps": 0.37,
            "eps_growth_year": 146.67,
            "eps_4q": 1.18,
            "eps_4q_growth_year": 7.72,
            "roe": 1.98,
            "roe_4q": 6.46,
            "gross_profit": null,
            "gross_margin": null,
            "gross_margin_4q_avg": 0,
            "net_income": 613944,
            "revenue": 1549960,
            "common_shares": 16796775,
            "book_valuer_per_share": 18.68,
            "book_valuer_per_share_4q_avg": 18.4,
            "equity": 31373223,
            "current_ratio": null,
            "debt_ratio": 90.01,
            "inventory_turnover_ratio": null,
            "account_receivable_turnover_ratio": 23.72,
            "reinvestment_rate": -1.55,
            "research_to_sale_ratio": null,
            "price_fair": 50.77,
            "eps_avg_yearly": 1.45,
            "eps_latest_yearly": 1.48,
            "eps_growth_yearly": 139.39
        },
        "20174": {
            "year_quarter": 20174,
            "year": 2017,
            "quarter": 4,
            "eps": 0.28,
            "eps_growth_year": 26.2,
            "eps_4q": 1.21,
            "eps_4q_growth_year": 92.77,
            "roe": 1.52,
            "roe_4q": 6.76,
            "gross_profit": null,
            "gross_margin": null,
            "gross_margin_4q_avg": 0,
            "net_income": 481997,
            "revenue": 1429741,
            "common_shares": 17353240,
            "book_valuer_per_share": 18.35,
            "book_valuer_per_share_4q_avg": 18.44,
            "equity": 31850363,
            "current_ratio": null,
            "debt_ratio": 89.62,
            "inventory_turnover_ratio": null,
            "account_receivable_turnover_ratio": 30.93,
            "reinvestment_rate": -1.18,
            "research_to_sale_ratio": null,
            "price_fair": 50.05,
            "eps_avg_yearly": 1.43,
            "eps_latest_yearly": 1.12,
            "eps_growth_yearly": 124.6
        },
        "20181": {
            "year_quarter": 20181,
            "year": 2018,
            "quarter": 1,
            "eps": 0.26,
            "eps_growth_year": -13.33,
            "eps_4q": 1.18,
            "eps_4q_growth_year": 32.28,
            "roe": 1.42,
            "roe_4q": 6.52,
            "gross_profit": null,
            "gross_margin": null,
            "gross_margin_4q_avg": 0,
            "net_income": 458385,
            "revenue": 1578274,
            "common_shares": 17353240,
            "book_valuer_per_share": 18.76,
            "book_valuer_per_share_4q_avg": 18.52,
            "equity": 32556103,
            "current_ratio": null,
            "debt_ratio": 89.47,
            "inventory_turnover_ratio": null,
            "account_receivable_turnover_ratio": 34.57,
            "reinvestment_rate": -1.13,
            "research_to_sale_ratio": null,
            "price_fair": 48.83,
            "eps_avg_yearly": 1.4,
            "eps_latest_yearly": 1.04,
            "eps_growth_yearly": 128.58
        },
        "20182": {
            "year_quarter": 20182,
            "year": 2018,
            "quarter": 2,
            "eps": 0.28,
            "eps_growth_year": -3.45,
            "eps_4q": 1.18,
            "eps_4q_growth_year": 22.56,
            "roe": 1.52,
            "roe_4q": 6.4399999999999995,
            "gross_profit": null,
            "gross_margin": null,
            "gross_margin_4q_avg": 0,
            "net_income": 490573,
            "revenue": 1687055,
            "common_shares": 17353240,
            "book_valuer_per_share": 18.48,
            "book_valuer_per_share_4q_avg": 18.57,
            "equity": 32076368,
            "current_ratio": null,
            "debt_ratio": 89.72,
            "inventory_turnover_ratio": null,
            "account_receivable_turnover_ratio": 29.81,
            "reinvestment_rate": -1.86,
            "research_to_sale_ratio": null,
            "price_fair": 46.2,
            "eps_avg_yearly": 1.32,
            "eps_latest_yearly": 1.12,
            "eps_growth_yearly": 119.25
        },
        "20183": {
            "year_quarter": 20183,
            "year": 2018,
            "quarter": 3,
            "eps": 0.28,
            "eps_growth_year": -24.32,
            "eps_4q": 1.11,
            "eps_4q_growth_year": -6.09,
            "roe": 1.54,
            "roe_4q": 6,
            "gross_profit": null,
            "gross_margin": null,
            "gross_margin_4q_avg": 0,
            "net_income": 497916,
            "revenue": 1478774,
            "common_shares": 17353240,
            "book_valuer_per_share": 18.75,
            "book_valuer_per_share_4q_avg": 18.59,
            "equity": 32545049,
            "current_ratio": null,
            "debt_ratio": 89.6,
            "inventory_turnover_ratio": null,
            "account_receivable_turnover_ratio": 21.87,
            "reinvestment_rate": -2.23,
            "research_to_sale_ratio": null,
            "price_fair": 45.24,
            "eps_avg_yearly": 1.29,
            "eps_latest_yearly": 1.12,
            "eps_growth_yearly": 127.44
        },
        "20184": {
            "year_quarter": 20184,
            "year": 2018,
            "quarter": 4,
            "eps": 0.42,
            "eps_growth_year": 51.12,
            "eps_4q": 1.22,
            "eps_4q_growth_year": 0.4,
            "roe": 2.32,
            "roe_4q": 6.8,
            "gross_profit": null,
            "gross_margin": null,
            "gross_margin_4q_avg": 0,
            "net_income": 763407,
            "revenue": 1665295,
            "common_shares": 18187938,
            "book_valuer_per_share": 18.31,
            "book_valuer_per_share_4q_avg": 18.58,
            "equity": 33309677,
            "current_ratio": null,
            "debt_ratio": 89.31,
            "inventory_turnover_ratio": null,
            "account_receivable_turnover_ratio": 25.17,
            "reinvestment_rate": -2.81,
            "research_to_sale_ratio": null,
            "price_fair": 44.28,
            "eps_avg_yearly": 1.27,
            "eps_latest_yearly": 1.68,
            "eps_growth_yearly": 130.97
        },
        "20191": {
            "year_quarter": 20191,
            "year": 2019,
            "quarter": 1,
            "eps": 0.31,
            "eps_growth_year": 19.23,
            "eps_4q": 1.27,
            "eps_4q_growth_year": 7.69,
            "roe": 1.66,
            "roe_4q": 7.039999999999999,
            "gross_profit": null,
            "gross_margin": null,
            "gross_margin_4q_avg": 0,
            "net_income": 560323,
            "revenue": 1590524,
            "common_shares": 18187938,
            "book_valuer_per_share": 18.69,
            "book_valuer_per_share_4q_avg": 18.56,
            "equity": 33994952,
            "current_ratio": null,
            "debt_ratio": 89.17,
            "inventory_turnover_ratio": null,
            "account_receivable_turnover_ratio": 26.38,
            "reinvestment_rate": -3.06,
            "research_to_sale_ratio": null,
            "price_fair": 43.84,
            "eps_avg_yearly": 1.25,
            "eps_latest_yearly": 1.24,
            "eps_growth_yearly": 132.44
        },
        "20192": {
            "year_quarter": 20192,
            "year": 2019,
            "quarter": 2,
            "eps": 0.33,
            "eps_growth_year": 17.86,
            "eps_4q": 1.34,
            "eps_4q_growth_year": 13.55,
            "roe": 1.83,
            "roe_4q": 7.3500000000000005,
            "gross_profit": null,
            "gross_margin": null,
            "gross_margin_4q_avg": 0,
            "net_income": 612025,
            "revenue": 1697318,
            "common_shares": 18187938,
            "book_valuer_per_share": 18.05,
            "book_valuer_per_share_4q_avg": 18.45,
            "equity": 32830060,
            "current_ratio": null,
            "debt_ratio": 89.6,
            "inventory_turnover_ratio": null,
            "account_receivable_turnover_ratio": 29.07,
            "reinvestment_rate": -3.08,
            "research_to_sale_ratio": null,
            "price_fair": 42.96,
            "eps_avg_yearly": 1.23,
            "eps_latest_yearly": 1.32,
            "eps_growth_yearly": 129.19
        },
        "20193": {
            "year_quarter": 20193,
            "year": 2019,
            "quarter": 3,
            "eps": 0.25,
            "eps_growth_year": -10.71,
            "eps_4q": 1.31,
            "eps_4q_growth_year": 18.13,
            "roe": 1.37,
            "roe_4q": 7.18,
            "gross_profit": null,
            "gross_margin": null,
            "gross_margin_4q_avg": 0,
            "net_income": 452350,
            "revenue": 1484922,
            "common_shares": 18187938,
            "book_valuer_per_share": 18.28,
            "book_valuer_per_share_4q_avg": 18.33,
            "equity": 33253729,
            "current_ratio": null,
            "debt_ratio": 89.22,
            "inventory_turnover_ratio": null,
            "account_receivable_turnover_ratio": 25.33,
            "reinvestment_rate": -3.18,
            "research_to_sale_ratio": null,
            "price_fair": 41.13,
            "eps_avg_yearly": 1.18,
            "eps_latest_yearly": 1,
            "eps_growth_yearly": 121.39
        },
        "20194": {
            "year_quarter": 20194,
            "year": 2019,
            "quarter": 4,
            "eps": 0.23,
            "eps_growth_year": -44.38,
            "eps_4q": 1.06,
            "eps_4q_growth_year": -12.5,
            "roe": 1.37,
            "roe_4q": 6.23,
            "gross_profit": null,
            "gross_margin": null,
            "gross_margin_4q_avg": 0,
            "net_income": 457106,
            "revenue": 1640368,
            "common_shares": 19579101,
            "book_valuer_per_share": 17.21,
            "book_valuer_per_share_4q_avg": 18.06,
            "equity": 33693629,
            "current_ratio": null,
            "debt_ratio": 88.99,
            "inventory_turnover_ratio": null,
            "account_receivable_turnover_ratio": 26.65,
            "reinvestment_rate": -2.22,
            "research_to_sale_ratio": null,
            "price_fair": 37.1,
            "eps_avg_yearly": 1.06,
            "eps_latest_yearly": 0.92,
            "eps_growth_yearly": 106.89
        },
        "20201": {
            "year_quarter": 20201,
            "year": 2020,
            "quarter": 1,
            "eps": 0.36,
            "eps_growth_year": 16.13,
            "eps_4q": 1.14,
            "eps_4q_growth_year": -10.61,
            "roe": 2.07,
            "roe_4q": 6.640000000000001,
            "gross_profit": null,
            "gross_margin": null,
            "gross_margin_4q_avg": 0,
            "net_income": 703550,
            "revenue": 1496645,
            "common_shares": 19579101,
            "book_valuer_per_share": 17.59,
            "book_valuer_per_share_4q_avg": 17.78,
            "equity": 34431580,
            "current_ratio": null,
            "debt_ratio": 88.97,
            "inventory_turnover_ratio": null,
            "account_receivable_turnover_ratio": 26.99,
            "reinvestment_rate": -1.9,
            "research_to_sale_ratio": null,
            "price_fair": 39.9,
            "eps_avg_yearly": 1.14,
            "eps_latest_yearly": 1.44,
            "eps_growth_yearly": 144.57
        },
        "20202": {
            "year_quarter": 20202,
            "year": 2020,
            "quarter": 2,
            "eps": 0.25,
            "eps_growth_year": -24.24,
            "eps_4q": 1.07,
            "eps_4q_growth_year": -19.82,
            "roe": 1.44,
            "roe_4q": 6.25,
            "gross_profit": null,
            "gross_margin": null,
            "gross_margin_4q_avg": 0,
            "net_income": 487560,
            "revenue": 1546452,
            "common_shares": 19579101,
            "book_valuer_per_share": 17.11,
            "book_valuer_per_share_4q_avg": 17.55,
            "equity": 33507329,
            "current_ratio": null,
            "debt_ratio": 89.54,
            "inventory_turnover_ratio": null,
            "account_receivable_turnover_ratio": 29.8,
            "reinvestment_rate": -1.84,
            "research_to_sale_ratio": null,
            "price_fair": 32.26,
            "eps_avg_yearly": 1.15,
            "eps_latest_yearly": 1,
            "eps_growth_yearly": 18.18
        },
        "20203": {
            "year_quarter": 20203,
            "year": 2020,
            "quarter": 3,
            "eps": 0.18,
            "eps_growth_year": -28,
            "eps_4q": 1.02,
            "eps_4q_growth_year": -22.1,
            "roe": 1.05,
            "roe_4q": 5.930000000000001,
            "gross_profit": null,
            "gross_margin": null,
            "gross_margin_4q_avg": 0,
            "net_income": 354523,
            "revenue": 1366586,
            "common_shares": 19579101,
            "book_valuer_per_share": 17.3,
            "book_valuer_per_share_4q_avg": 17.3,
            "equity": 33866805,
            "current_ratio": null,
            "debt_ratio": 89.15,
            "inventory_turnover_ratio": null,
            "account_receivable_turnover_ratio": 24.28,
            "reinvestment_rate": -1.77,
            "research_to_sale_ratio": null,
            "price_fair": 34.43,
            "eps_avg_yearly": 1.15,
            "eps_latest_yearly": 0.72,
            "eps_growth_yearly": 19.87
        },
        "20204": {
            "year_quarter": 20204,
            "year": 2020,
            "quarter": 4,
            "eps": 0.32,
            "eps_growth_year": 36.91,
            "eps_4q": 1.11,
            "eps_4q_growth_year": 4.31,
            "roe": 1.83,
            "roe_4q": 6.390000000000001,
            "gross_profit": null,
            "gross_margin": null,
            "gross_margin_4q_avg": 0,
            "net_income": 625827,
            "revenue": 1437278,
            "common_shares": 19579101,
            "book_valuer_per_share": 17.63,
            "book_valuer_per_share_4q_avg": 17.41,
            "equity": 34521952,
            "current_ratio": null,
            "debt_ratio": 88.92,
            "inventory_turnover_ratio": null,
            "account_receivable_turnover_ratio": 24.39,
            "reinvestment_rate": -1.49,
            "research_to_sale_ratio": null,
            "price_fair": 41.21,
            "eps_avg_yearly": 1.18,
            "eps_latest_yearly": 1.28,
            "eps_growth_yearly": 27.65
        },
        "20211": {
            "year_quarter": 20211,
            "year": 2021,
            "quarter": 1,
            "eps": 0.29,
            "eps_growth_year": -19.44,
            "eps_4q": 1.04,
            "eps_4q_growth_year": -8.74,
            "roe": 1.62,
            "roe_4q": 5.9399999999999995,
            "gross_profit": null,
            "gross_margin": null,
            "gross_margin_4q_avg": 0,
            "net_income": 562597,
            "revenue": 1377843,
            "common_shares": 19579101,
            "book_valuer_per_share": 17.85,
            "book_valuer_per_share_4q_avg": 17.47,
            "equity": 34943816,
            "current_ratio": null,
            "debt_ratio": 89.02,
            "inventory_turnover_ratio": null,
            "account_receivable_turnover_ratio": 22.93,
            "reinvestment_rate": -1.28,
            "research_to_sale_ratio": null,
            "price_fair": 30.8,
            "eps_avg_yearly": 1.18,
            "eps_latest_yearly": 1.16,
            "eps_growth_yearly": 16.22
        },
        "20212": {
            "year_quarter": 20212,
            "year": 2021,
            "quarter": 2,
            "eps": 0.34,
            "eps_growth_year": 36,
            "eps_4q": 1.13,
            "eps_4q_growth_year": 5.14,
            "roe": 1.93,
            "roe_4q": 6.43,
            "gross_profit": null,
            "gross_margin": null,
            "gross_margin_4q_avg": 0,
            "net_income": 665658,
            "revenue": 1562287,
            "common_shares": 19579101,
            "book_valuer_per_share": 17.44,
            "book_valuer_per_share_4q_avg": 17.56,
            "equity": 34139579,
            "current_ratio": null,
            "debt_ratio": 89.44,
            "inventory_turnover_ratio": null,
            "account_receivable_turnover_ratio": 28.86,
            "reinvestment_rate": -1.08,
            "research_to_sale_ratio": null,
            "price_fair": 37.24,
            "eps_avg_yearly": 1.19,
            "eps_latest_yearly": 1.36,
            "eps_growth_yearly": 21.36
        },
        "20213": {
            "year_quarter": 20213,
            "year": 2021,
            "quarter": 3,
            "eps": 0.32,
            "eps_growth_year": 77.78,
            "eps_4q": 1.27,
            "eps_4q_growth_year": 24.31,
            "roe": 1.85,
            "roe_4q": 7.23,
            "gross_profit": null,
            "gross_margin": null,
            "gross_margin_4q_avg": 0,
            "net_income": 635425,
            "revenue": 1518049,
            "common_shares": 19579101,
            "book_valuer_per_share": 17.65,
            "book_valuer_per_share_4q_avg": 17.64,
            "equity": 34549296,
            "current_ratio": null,
            "debt_ratio": 89.09,
            "inventory_turnover_ratio": null,
            "account_receivable_turnover_ratio": 27.56,
            "reinvestment_rate": -0.94,
            "research_to_sale_ratio": null,
            "price_fair": 27.02,
            "eps_avg_yearly": 1.18,
            "eps_latest_yearly": 1.28,
            "eps_growth_yearly": 12.99
        },
        "20214": {
            "year_quarter": 20214,
            "year": 2021,
            "quarter": 4,
            "eps": 0.23,
            "eps_growth_year": -26.48,
            "eps_4q": 1.19,
            "eps_4q_growth_year": 7.03,
            "roe": 1.33,
            "roe_4q": 6.73,
            "gross_profit": null,
            "gross_margin": null,
            "gross_margin_4q_avg": 0,
            "net_income": 460020,
            "revenue": 1478859,
            "common_shares": 19579101,
            "book_valuer_per_share": 17.8,
            "book_valuer_per_share_4q_avg": 17.69,
            "equity": 34835242,
            "current_ratio": null,
            "debt_ratio": 89.54,
            "inventory_turnover_ratio": null,
            "account_receivable_turnover_ratio": 25.15,
            "reinvestment_rate": -1.57,
            "research_to_sale_ratio": null,
            "price_fair": 25.62,
            "eps_avg_yearly": 1.16,
            "eps_latest_yearly": 0.92,
            "eps_growth_yearly": 12.04
        },
        "20221": {
            "year_quarter": 20221,
            "year": 2022,
            "quarter": 1,
            "eps": 0.35,
            "eps_growth_year": 20.69,
            "eps_4q": 1.25,
            "eps_4q_growth_year": 20.29,
            "roe": 1.96,
            "roe_4q": 7.07,
            "gross_profit": null,
            "gross_margin": null,
            "gross_margin_4q_avg": 0,
            "net_income": 680939,
            "revenue": 1562541,
            "common_shares": 19579101,
            "book_valuer_per_share": 17.73,
            "book_valuer_per_share_4q_avg": 17.66,
            "equity": 34709919,
            "current_ratio": null,
            "debt_ratio": 89.67,
            "inventory_turnover_ratio": null,
            "account_receivable_turnover_ratio": 27.99,
            "reinvestment_rate": -1.43,
            "research_to_sale_ratio": null,
            "price_fair": 41.48,
            "eps_avg_yearly": 1.19,
            "eps_latest_yearly": 1.4,
            "eps_growth_yearly": 26.87
        },
        "20222": {
            "year_quarter": 20222,
            "year": 2022,
            "quarter": 2,
            "eps": 0.24,
            "eps_growth_year": -29.41,
            "eps_4q": 1.15,
            "eps_4q_growth_year": 1.65,
            "roe": 1.38,
            "roe_4q": 6.52,
            "gross_profit": null,
            "gross_margin": null,
            "gross_margin_4q_avg": 0,
            "net_income": 468251,
            "revenue": 1573927,
            "common_shares": 19576094,
            "book_valuer_per_share": 16.88,
            "book_valuer_per_share_4q_avg": 17.52,
            "equity": 33051236,
            "current_ratio": null,
            "debt_ratio": 90.25,
            "inventory_turnover_ratio": null,
            "account_receivable_turnover_ratio": 28.88,
            "reinvestment_rate": -1.09,
            "research_to_sale_ratio": null,
            "price_fair": 31.83,
            "eps_avg_yearly": 1.18,
            "eps_latest_yearly": 0.96,
            "eps_growth_yearly": 17.09
        },
        "20223": {
            "year_quarter": 20223,
            "year": 2022,
            "quarter": 3,
            "eps": 0.23,
            "eps_growth_year": -28.12,
            "eps_4q": 1.06,
            "eps_4q_growth_year": -16.73,
            "roe": 1.4,
            "roe_4q": 6.07,
            "gross_profit": null,
            "gross_margin": null,
            "gross_margin_4q_avg": 0,
            "net_income": 463479,
            "revenue": 1484734,
            "common_shares": 19576094,
            "book_valuer_per_share": 16.82,
            "book_valuer_per_share_4q_avg": 17.31,
            "equity": 32922965,
            "current_ratio": null,
            "debt_ratio": 90.56,
            "inventory_turnover_ratio": null,
            "account_receivable_turnover_ratio": 26.14,
            "reinvestment_rate": -0.98,
            "research_to_sale_ratio": null,
            "price_fair": 30.28,
            "eps_avg_yearly": 1.16,
            "eps_latest_yearly": 0.92,
            "eps_growth_yearly": 16.05
        },
        "20224": {
            "year_quarter": 20224,
            "year": 2022,
            "quarter": 4,
            "eps": -0.28,
            "eps_growth_year": -218.92,
            "eps_4q": 0.54,
            "eps_4q_growth_year": -54.14,
            "roe": -1.67,
            "roe_4q": 3.07,
            "gross_profit": null,
            "gross_margin": null,
            "gross_margin_4q_avg": 0,
            "net_income": -547051,
            "revenue": 1360551,
            "common_shares": 19576094,
            "book_valuer_per_share": 16.72,
            "book_valuer_per_share_4q_avg": 17.04,
            "equity": 32724534,
            "current_ratio": null,
            "debt_ratio": 90.62,
            "inventory_turnover_ratio": null,
            "account_receivable_turnover_ratio": 21.48,
            "reinvestment_rate": 0.11,
            "research_to_sale_ratio": null,
            "price_fair": 15.55,
            "eps_avg_yearly": 1.13,
            "eps_latest_yearly": 0.92,
            "eps_growth_yearly": 3.79
        },
        "20231": {
            "year_quarter": 20231,
            "year": 2023,
            "quarter": 1,
            "eps": -0.3,
            "eps_growth_year": -185.71,
            "eps_4q": -0.1,
            "eps_4q_growth_year": -108.28,
            "roe": -1.8,
            "roe_4q": -0.69,
            "gross_profit": null,
            "gross_margin": null,
            "gross_margin_4q_avg": 0,
            "net_income": -586760,
            "revenue": 1418191,
            "common_shares": 19576094,
            "book_valuer_per_share": 16.55,
            "book_valuer_per_share_4q_avg": 16.74,
            "equity": 32394532,
            "current_ratio": null,
            "debt_ratio": 90.42,
            "inventory_turnover_ratio": null,
            "account_receivable_turnover_ratio": 21.12,
            "reinvestment_rate": 0.17,
            "research_to_sale_ratio": null,
            "price_fair": 24.13,
            "eps_avg_yearly": 1.12,
            "eps_latest_yearly": 0.92,
            "eps_growth_yearly": 11.54
        }
    },
    "months": {
        "2001-06": {
            "month": "2001-06",
            "price": "5.88",
            "revenue": 1120960
        },
        "2001-07": {
            "month": "2001-07",
            "price": "5.03",
            "revenue": 1072593
        },
        "2001-08": {
            "month": "2001-08",
            "price": "5.55",
            "revenue": 986960
        },
        "2001-09": {
            "month": "2001-09",
            "price": "5.47",
            "revenue": 1012217
        },
        "2001-10": {
            "month": "2001-10",
            "price": "5.02",
            "revenue": 1005805
        },
        "2001-11": {
            "month": "2001-11",
            "price": "4.90",
            "revenue": 965655
        },
        "2001-12": {
            "month": "2001-12",
            "price": "5.14",
            "revenue": 981533
        },
        "2002-01": {
            "month": "2002-01",
            "price": "4.93",
            "revenue": 950188
        },
        "2002-02": {
            "month": "2002-02",
            "price": "4.85",
            "revenue": 882112
        },
        "2002-03": {
            "month": "2002-03",
            "price": "5.14",
            "revenue": 797950
        },
        "2002-04": {
            "month": "2002-04",
            "price": "6.43",
            "revenue": 877222
        },
        "2002-05": {
            "month": "2002-05",
            "price": "6.07",
            "revenue": 861450
        },
        "2002-06": {
            "month": "2002-06",
            "price": "6.16",
            "revenue": 783306
        },
        "2002-07": {
            "month": "2002-07",
            "price": "5.62",
            "revenue": 848062
        },
        "2002-08": {
            "month": "2002-08",
            "price": "5.45",
            "revenue": 825469
        },
        "2002-09": {
            "month": "2002-09",
            "price": "4.79",
            "revenue": 813348
        },
        "2002-10": {
            "month": "2002-10",
            "price": "4.62",
            "revenue": 879950
        },
        "2002-11": {
            "month": "2002-11",
            "price": "5.48",
            "revenue": 794186
        },
        "2002-12": {
            "month": "2002-12",
            "price": "5.89",
            "revenue": 654774
        },
        "2003-01": {
            "month": "2003-01",
            "price": "8.08",
            "revenue": 778667
        },
        "2003-02": {
            "month": "2003-02",
            "price": "7.32",
            "revenue": 752139
        },
        "2003-03": {
            "month": "2003-03",
            "price": "6.84",
            "revenue": 763817
        },
        "2003-04": {
            "month": "2003-04",
            "price": "7.02",
            "revenue": 748761
        },
        "2003-05": {
            "month": "2003-05",
            "price": "6.33",
            "revenue": 717343
        },
        "2003-06": {
            "month": "2003-06",
            "price": "7.16",
            "revenue": 949087
        },
        "2003-07": {
            "month": "2003-07",
            "price": "7.72",
            "revenue": 783767
        },
        "2003-08": {
            "month": "2003-08",
            "price": "7.59",
            "revenue": 626211
        },
        "2003-09": {
            "month": "2003-09",
            "price": "7.68",
            "revenue": 645114
        },
        "2003-10": {
            "month": "2003-10",
            "price": "8.26",
            "revenue": 634446
        },
        "2003-11": {
            "month": "2003-11",
            "price": "8.52",
            "revenue": 621901
        },
        "2003-12": {
            "month": "2003-12",
            "price": "8.76",
            "revenue": 668593
        },
        "2004-01": {
            "month": "2004-01",
            "price": "9.84",
            "revenue": 665568
        },
        "2004-02": {
            "month": "2004-02",
            "price": "11.00",
            "revenue": 653501
        },
        "2004-03": {
            "month": "2004-03",
            "price": "10.61",
            "revenue": 776427
        },
        "2004-04": {
            "month": "2004-04",
            "price": "10.03",
            "revenue": 991688
        },
        "2004-05": {
            "month": "2004-05",
            "price": "9.11",
            "revenue": 1100742
        },
        "2004-06": {
            "month": "2004-06",
            "price": "9.21",
            "revenue": 1071338
        },
        "2004-07": {
            "month": "2004-07",
            "price": "9.15",
            "revenue": 1231177
        },
        "2004-08": {
            "month": "2004-08",
            "price": "9.40",
            "revenue": 1305833
        },
        "2004-09": {
            "month": "2004-09",
            "price": "10.07",
            "revenue": 1155317
        },
        "2004-10": {
            "month": "2004-10",
            "price": "10.76",
            "revenue": 1148139
        },
        "2004-11": {
            "month": "2004-11",
            "price": "11.01",
            "revenue": 1117063
        },
        "2004-12": {
            "month": "2004-12",
            "price": "10.96",
            "revenue": 1312082
        },
        "2005-01": {
            "month": "2005-01",
            "price": "11.29",
            "revenue": 1326502
        },
        "2005-02": {
            "month": "2005-02",
            "price": "11.25",
            "revenue": 1186244
        },
        "2005-03": {
            "month": "2005-03",
            "price": "10.79",
            "revenue": 1270623
        },
        "2005-04": {
            "month": "2005-04",
            "price": "10.59",
            "revenue": 1200692
        },
        "2005-05": {
            "month": "2005-05",
            "price": "10.74",
            "revenue": 1251734
        },
        "2005-06": {
            "month": "2005-06",
            "price": "11.63",
            "revenue": 1265939
        },
        "2005-07": {
            "month": "2005-07",
            "price": "12.58",
            "revenue": 1250798
        },
        "2005-08": {
            "month": "2005-08",
            "price": "12.82",
            "revenue": 1217773
        },
        "2005-09": {
            "month": "2005-09",
            "price": "12.83",
            "revenue": 1228830
        },
        "2005-10": {
            "month": "2005-10",
            "price": "12.36",
            "revenue": 1158050
        },
        "2005-11": {
            "month": "2005-11",
            "price": "11.96",
            "revenue": 1155012
        },
        "2005-12": {
            "month": "2005-12",
            "price": "10.78",
            "revenue": 1119218
        },
        "2006-01": {
            "month": "2006-01",
            "price": "10.19",
            "revenue": 360600
        },
        "2006-02": {
            "month": "2006-02",
            "price": "9.24",
            "revenue": 362140
        },
        "2006-03": {
            "month": "2006-03",
            "price": "9.17",
            "revenue": 312951
        },
        "2006-04": {
            "month": "2006-04",
            "price": "9.60",
            "revenue": 38924
        },
        "2006-05": {
            "month": "2006-05",
            "price": "9.60",
            "revenue": 189342
        },
        "2006-06": {
            "month": "2006-06",
            "price": "8.83",
            "revenue": 88831
        },
        "2006-07": {
            "month": "2006-07",
            "price": "7.99",
            "revenue": 124200
        },
        "2006-08": {
            "month": "2006-08",
            "price": "7.61",
            "revenue": 88296
        },
        "2006-09": {
            "month": "2006-09",
            "price": "7.29",
            "revenue": 90527
        },
        "2006-10": {
            "month": "2006-10",
            "price": "9.04",
            "revenue": 84836
        },
        "2006-11": {
            "month": "2006-11",
            "price": "9.22",
            "revenue": -126142
        },
        "2006-12": {
            "month": "2006-12",
            "price": "10.07",
            "revenue": 28225
        },
        "2007-01": {
            "month": "2007-01",
            "price": "9.04",
            "revenue": 116258
        },
        "2007-02": {
            "month": "2007-02",
            "price": "9.22",
            "revenue": -15116
        },
        "2007-03": {
            "month": "2007-03",
            "price": "8.48",
            "revenue": -28073
        },
        "2007-04": {
            "month": "2007-04",
            "price": "8.53",
            "revenue": -45985
        },
        "2007-05": {
            "month": "2007-05",
            "price": "8.24",
            "revenue": -77213
        },
        "2007-06": {
            "month": "2007-06",
            "price": "8.26",
            "revenue": -10375
        },
        "2007-07": {
            "month": "2007-07",
            "price": "8.99",
            "revenue": 68341
        },
        "2007-08": {
            "month": "2007-08",
            "price": "7.73",
            "revenue": 80284
        },
        "2007-09": {
            "month": "2007-09",
            "price": "7.70",
            "revenue": -58237
        },
        "2007-10": {
            "month": "2007-10",
            "price": "8.08",
            "revenue": 15621
        },
        "2007-11": {
            "month": "2007-11",
            "price": "8.35",
            "revenue": -292781
        },
        "2007-12": {
            "month": "2007-12",
            "price": "7.88",
            "revenue": -11103294
        },
        "2008-01": {
            "month": "2008-01",
            "price": "7.88",
            "revenue": 396651
        },
        "2008-02": {
            "month": "2008-02",
            "price": "7.67",
            "revenue": 463630
        },
        "2008-03": {
            "month": "2008-03",
            "price": "7.96",
            "revenue": 346732
        },
        "2008-04": {
            "month": "2008-04",
            "price": "8.46",
            "revenue": -5814
        },
        "2008-05": {
            "month": "2008-05",
            "price": "6.81",
            "revenue": 155085
        },
        "2008-06": {
            "month": "2008-06",
            "price": "6.57",
            "revenue": 317634
        },
        "2008-07": {
            "month": "2008-07",
            "price": "6.25",
            "revenue": -67985
        },
        "2008-08": {
            "month": "2008-08",
            "price": "5.43",
            "revenue": 670876
        },
        "2008-09": {
            "month": "2008-09",
            "price": "10.78",
            "revenue": -192250
        },
        "2008-10": {
            "month": "2008-10",
            "price": "9.78",
            "revenue": -50067
        },
        "2008-11": {
            "month": "2008-11",
            "price": "8.31",
            "revenue": 357104
        },
        "2008-12": {
            "month": "2008-12",
            "price": "9.57",
            "revenue": -552215
        },
        "2009-01": {
            "month": "2009-01",
            "price": "9.72",
            "revenue": 351782
        },
        "2009-02": {
            "month": "2009-02",
            "price": "9.05",
            "revenue": 424735
        },
        "2009-03": {
            "month": "2009-03",
            "price": "8.61",
            "revenue": 227647
        },
        "2009-04": {
            "month": "2009-04",
            "price": "9.05",
            "revenue": -1521603
        },
        "2009-05": {
            "month": "2009-05",
            "price": "9.64",
            "revenue": 581722
        },
        "2009-06": {
            "month": "2009-06",
            "price": "9.01",
            "revenue": 362560
        },
        "2009-07": {
            "month": "2009-07",
            "price": "8.67",
            "revenue": 377463
        },
        "2009-08": {
            "month": "2009-08",
            "price": "8.00",
            "revenue": 1977112
        },
        "2009-09": {
            "month": "2009-09",
            "price": "9.25",
            "revenue": 343480
        },
        "2009-10": {
            "month": "2009-10",
            "price": "9.55",
            "revenue": 380022
        },
        "2009-11": {
            "month": "2009-11",
            "price": "9.44",
            "revenue": 355390
        },
        "2009-12": {
            "month": "2009-12",
            "price": "9.06",
            "revenue": 351862
        },
        "2010-01": {
            "month": "2010-01",
            "price": "9.17",
            "revenue": 440842
        },
        "2010-02": {
            "month": "2010-02",
            "price": "7.86",
            "revenue": 389064
        },
        "2010-03": {
            "month": "2010-03",
            "price": "8.47",
            "revenue": 495082
        },
        "2010-04": {
            "month": "2010-04",
            "price": "9.77",
            "revenue": 117751
        },
        "2010-05": {
            "month": "2010-05",
            "price": "9.93",
            "revenue": 477424
        },
        "2010-06": {
            "month": "2010-06",
            "price": "9.80",
            "revenue": 408675
        },
        "2010-07": {
            "month": "2010-07",
            "price": "11.85",
            "revenue": 474594
        },
        "2010-08": {
            "month": "2010-08",
            "price": "15.00",
            "revenue": 661902
        },
        "2010-09": {
            "month": "2010-09",
            "price": "14.17",
            "revenue": 571259
        },
        "2010-10": {
            "month": "2010-10",
            "price": "13.62",
            "revenue": 382544
        },
        "2010-11": {
            "month": "2010-11",
            "price": "14.22",
            "revenue": 849872
        },
        "2010-12": {
            "month": "2010-12",
            "price": "14.78",
            "revenue": 392211
        },
        "2011-01": {
            "month": "2011-01",
            "price": "16.58",
            "revenue": 393754
        },
        "2011-02": {
            "month": "2011-02",
            "price": "15.80",
            "revenue": 372706
        },
        "2011-03": {
            "month": "2011-03",
            "price": "14.62",
            "revenue": 431932
        },
        "2011-04": {
            "month": "2011-04",
            "price": "15.28",
            "revenue": 451871
        },
        "2011-05": {
            "month": "2011-05",
            "price": "15.80",
            "revenue": 681680
        },
        "2011-06": {
            "month": "2011-06",
            "price": "14.95",
            "revenue": 793920
        },
        "2011-07": {
            "month": "2011-07",
            "price": "14.73",
            "revenue": 650629
        },
        "2011-08": {
            "month": "2011-08",
            "price": "13.30",
            "revenue": 508074
        },
        "2011-09": {
            "month": "2011-09",
            "price": "11.70",
            "revenue": 687485
        },
        "2011-10": {
            "month": "2011-10",
            "price": "11.41",
            "revenue": 465987
        },
        "2011-11": {
            "month": "2011-11",
            "price": "11.76",
            "revenue": 73522
        },
        "2011-12": {
            "month": "2011-12",
            "price": "13.27",
            "revenue": 691433
        },
        "2012-01": {
            "month": "2012-01",
            "price": "13.23",
            "revenue": 577512
        },
        "2012-02": {
            "month": "2012-02",
            "price": "15.04",
            "revenue": 670335
        },
        "2012-03": {
            "month": "2012-03",
            "price": "15.00",
            "revenue": 612497
        },
        "2012-04": {
            "month": "2012-04",
            "price": "13.94",
            "revenue": 545803
        },
        "2012-05": {
            "month": "2012-05",
            "price": "12.58",
            "revenue": 530879
        },
        "2012-06": {
            "month": "2012-06",
            "price": "12.88",
            "revenue": 902614
        },
        "2012-07": {
            "month": "2012-07",
            "price": "12.89",
            "revenue": 618360
        },
        "2012-08": {
            "month": "2012-08",
            "price": "12.83",
            "revenue": 615423
        },
        "2012-09": {
            "month": "2012-09",
            "price": "13.70",
            "revenue": 639444
        },
        "2012-10": {
            "month": "2012-10",
            "price": "14.39",
            "revenue": 789607
        },
        "2012-11": {
            "month": "2012-11",
            "price": "14.21",
            "revenue": 681045
        },
        "2012-12": {
            "month": "2012-12",
            "price": "16.01",
            "revenue": 1527848
        },
        "2013-01": {
            "month": "2013-01",
            "price": "17.09",
            "revenue": 727564
        },
        "2013-02": {
            "month": "2013-02",
            "price": "17.98",
            "revenue": 542221
        },
        "2013-03": {
            "month": "2013-03",
            "price": "17.17",
            "revenue": 612481
        },
        "2013-04": {
            "month": "2013-04",
            "price": "16.86",
            "revenue": 571383
        },
        "2013-05": {
            "month": "2013-05",
            "price": "16.84",
            "revenue": 725630
        },
        "2013-06": {
            "month": "2013-06",
            "price": "15.72",
            "revenue": 639234
        },
        "2013-07": {
            "month": "2013-07",
            "price": "15.75",
            "revenue": 450822
        },
        "2013-08": {
            "month": "2013-08",
            "price": "14.78",
            "revenue": 281987
        },
        "2013-09": {
            "month": "2013-09",
            "price": "14.43",
            "revenue": 220154
        },
        "2013-10": {
            "month": "2013-10",
            "price": "15.25",
            "revenue": 408499
        },
        "2013-11": {
            "month": "2013-11",
            "price": "14.63",
            "revenue": 525216
        },
        "2013-12": {
            "month": "2013-12",
            "price": "14.81",
            "revenue": 856373
        },
        "2014-01": {
            "month": "2014-01",
            "price": "15.10",
            "revenue": 604699
        },
        "2014-02": {
            "month": "2014-02",
            "price": "14.21",
            "revenue": 516319
        },
        "2014-03": {
            "month": "2014-03",
            "price": "13.67",
            "revenue": 574586
        },
        "2014-04": {
            "month": "2014-04",
            "price": "13.67",
            "revenue": 622121
        },
        "2014-05": {
            "month": "2014-05",
            "price": "13.61",
            "revenue": 611540
        },
        "2014-06": {
            "month": "2014-06",
            "price": "14.02",
            "revenue": 550089
        },
        "2014-07": {
            "month": "2014-07",
            "price": "14.63",
            "revenue": 560422
        },
        "2014-08": {
            "month": "2014-08",
            "price": "14.16",
            "revenue": 557772
        },
        "2014-09": {
            "month": "2014-09",
            "price": "14.27",
            "revenue": 627812
        },
        "2014-10": {
            "month": "2014-10",
            "price": "13.61",
            "revenue": 680237
        },
        "2014-11": {
            "month": "2014-11",
            "price": "13.30",
            "revenue": 536222
        },
        "2014-12": {
            "month": "2014-12",
            "price": "13.61",
            "revenue": 738504
        },
        "2015-01": {
            "month": "2015-01",
            "price": "14.58",
            "revenue": 640586
        },
        "2015-02": {
            "month": "2015-02",
            "price": "14.68",
            "revenue": 533091
        },
        "2015-03": {
            "month": "2015-03",
            "price": "14.82",
            "revenue": 679336
        },
        "2015-04": {
            "month": "2015-04",
            "price": "15.44",
            "revenue": 528352
        },
        "2015-05": {
            "month": "2015-05",
            "price": "15.84",
            "revenue": 610464
        },
        "2015-06": {
            "month": "2015-06",
            "price": "14.27",
            "revenue": 760179
        },
        "2015-07": {
            "month": "2015-07",
            "price": "13.72",
            "revenue": 740709
        },
        "2015-08": {
            "month": "2015-08",
            "price": "14.75",
            "revenue": 628409
        },
        "2015-09": {
            "month": "2015-09",
            "price": "16.13",
            "revenue": 657616
        },
        "2015-10": {
            "month": "2015-10",
            "price": "15.81",
            "revenue": 608329
        },
        "2015-11": {
            "month": "2015-11",
            "price": "15.92",
            "revenue": 658701
        },
        "2015-12": {
            "month": "2015-12",
            "price": "18.08",
            "revenue": 818457
        },
        "2016-01": {
            "month": "2016-01",
            "price": "15.50",
            "revenue": 657419
        },
        "2016-02": {
            "month": "2016-02",
            "price": "14.21",
            "revenue": 463157
        },
        "2016-03": {
            "month": "2016-03",
            "price": "14.78",
            "revenue": 625674
        },
        "2016-04": {
            "month": "2016-04",
            "price": "14.11",
            "revenue": 453099
        },
        "2016-05": {
            "month": "2016-05",
            "price": "13.91",
            "revenue": 489027
        },
        "2016-06": {
            "month": "2016-06",
            "price": "13.89",
            "revenue": 565905
        },
        "2016-07": {
            "month": "2016-07",
            "price": "13.64",
            "revenue": 557119
        },
        "2016-08": {
            "month": "2016-08",
            "price": "13.70",
            "revenue": 560278
        },
        "2016-09": {
            "month": "2016-09",
            "price": "13.14",
            "revenue": 443694
        },
        "2016-10": {
            "month": "2016-10",
            "price": "12.39",
            "revenue": 448441
        },
        "2016-11": {
            "month": "2016-11",
            "price": "12.17",
            "revenue": 481393
        },
        "2016-12": {
            "month": "2016-12",
            "price": "12.65",
            "revenue": 554702
        },
        "2017-01": {
            "month": "2017-01",
            "price": "13.66",
            "revenue": 447204
        },
        "2017-02": {
            "month": "2017-02",
            "price": "13.84",
            "revenue": 408201
        },
        "2017-03": {
            "month": "2017-03",
            "price": "13.66",
            "revenue": 493052
        },
        "2017-04": {
            "month": "2017-04",
            "price": "13.24",
            "revenue": 454608
        },
        "2017-05": {
            "month": "2017-05",
            "price": "13.34",
            "revenue": 425353
        },
        "2017-06": {
            "month": "2017-06",
            "price": "13.09",
            "revenue": 552678
        },
        "2017-07": {
            "month": "2017-07",
            "price": "12.95",
            "revenue": 494895
        },
        "2017-08": {
            "month": "2017-08",
            "price": "12.77",
            "revenue": 497372
        },
        "2017-09": {
            "month": "2017-09",
            "price": "12.67",
            "revenue": 558522
        },
        "2017-10": {
            "month": "2017-10",
            "price": "12.69",
            "revenue": 492234
        },
        "2017-11": {
            "month": "2017-11",
            "price": "13.07",
            "revenue": 535460
        },
        "2017-12": {
            "month": "2017-12",
            "price": "13.52",
            "revenue": 408965
        },
        "2018-01": {
            "month": "2018-01",
            "price": "13.45",
            "revenue": 544119
        },
        "2018-02": {
            "month": "2018-02",
            "price": "13.04",
            "revenue": 481531
        },
        "2018-03": {
            "month": "2018-03",
            "price": "13.35",
            "revenue": 553025
        },
        "2018-04": {
            "month": "2018-04",
            "price": "13.59",
            "revenue": 554219
        },
        "2018-05": {
            "month": "2018-05",
            "price": "13.57",
            "revenue": 536601
        },
        "2018-06": {
            "month": "2018-06",
            "price": "13.58",
            "revenue": 583266
        },
        "2018-07": {
            "month": "2018-07",
            "price": "15.20",
            "revenue": 457240
        },
        "2018-08": {
            "month": "2018-08",
            "price": "15.04",
            "revenue": 507107
        },
        "2018-09": {
            "month": "2018-09",
            "price": "15.13",
            "revenue": 513843
        },
        "2018-10": {
            "month": "2018-10",
            "price": "14.02",
            "revenue": 536804
        },
        "2018-11": {
            "month": "2018-11",
            "price": "12.79",
            "revenue": 459047
        },
        "2018-12": {
            "month": "2018-12",
            "price": "13.13",
            "revenue": 667178
        },
        "2019-01": {
            "month": "2019-01",
            "price": "12.96",
            "revenue": 523270
        },
        "2019-02": {
            "month": "2019-02",
            "price": "13.25",
            "revenue": 476414
        },
        "2019-03": {
            "month": "2019-03",
            "price": "13.56",
            "revenue": 590781
        },
        "2019-04": {
            "month": "2019-04",
            "price": "13.83",
            "revenue": 581060
        },
        "2019-05": {
            "month": "2019-05",
            "price": "14.74",
            "revenue": 552123
        },
        "2019-06": {
            "month": "2019-06",
            "price": "15.46",
            "revenue": 564437
        },
        "2019-07": {
            "month": "2019-07",
            "price": "15.93",
            "revenue": 530876
        },
        "2019-08": {
            "month": "2019-08",
            "price": "14.12",
            "revenue": 489963
        },
        "2019-09": {
            "month": "2019-09",
            "price": "15.02",
            "revenue": 464216
        },
        "2019-10": {
            "month": "2019-10",
            "price": "15.18",
            "revenue": 566244
        },
        "2019-11": {
            "month": "2019-11",
            "price": "15.71",
            "revenue": 504140
        },
        "2019-12": {
            "month": "2019-12",
            "price": "15.59",
            "revenue": 573155
        },
        "2020-01": {
            "month": "2020-01",
            "price": "15.85",
            "revenue": 527754
        },
        "2020-02": {
            "month": "2020-02",
            "price": "15.41",
            "revenue": 483221
        },
        "2020-03": {
            "month": "2020-03",
            "price": "13.65",
            "revenue": 485774
        },
        "2020-04": {
            "month": "2020-04",
            "price": "13.86",
            "revenue": 480922
        },
        "2020-05": {
            "month": "2020-05",
            "price": "14.30",
            "revenue": 520879
        },
        "2020-06": {
            "month": "2020-06",
            "price": "14.46",
            "revenue": 545094
        },
        "2020-07": {
            "month": "2020-07",
            "price": "14.72",
            "revenue": 451966
        },
        "2020-08": {
            "month": "2020-08",
            "price": "13.85",
            "revenue": 431915
        },
        "2020-09": {
            "month": "2020-09",
            "price": "14.18",
            "revenue": 485408
        },
        "2020-10": {
            "month": "2020-10",
            "price": "14.54",
            "revenue": 428229
        },
        "2020-11": {
            "month": "2020-11",
            "price": "15.20",
            "revenue": 445275
        },
        "2020-12": {
            "month": "2020-12",
            "price": "15.55",
            "revenue": 570515
        },
        "2021-01": {
            "month": "2021-01",
            "price": "15.09",
            "revenue": 440106
        },
        "2021-02": {
            "month": "2021-02",
            "price": "14.32",
            "revenue": 422861
        },
        "2021-03": {
            "month": "2021-03",
            "price": "15.05",
            "revenue": 514917
        },
        "2021-04": {
            "month": "2021-04",
            "price": "15.23",
            "revenue": 515700
        },
        "2021-05": {
            "month": "2021-05",
            "price": "14.70",
            "revenue": 529628
        },
        "2021-06": {
            "month": "2021-06",
            "price": "14.87",
            "revenue": 517737
        },
        "2021-07": {
            "month": "2021-07",
            "price": "16.36",
            "revenue": 496366
        },
        "2021-08": {
            "month": "2021-08",
            "price": "15.60",
            "revenue": 479146
        },
        "2021-09": {
            "month": "2021-09",
            "price": "16.24",
            "revenue": 542461
        },
        "2021-10": {
            "month": "2021-10",
            "price": "16.52",
            "revenue": 455695
        },
        "2021-11": {
            "month": "2021-11",
            "price": "16.73",
            "revenue": 436544
        },
        "2021-12": {
            "month": "2021-12",
            "price": "16.42",
            "revenue": 588657
        },
        "2022-01": {
            "month": "2022-01",
            "price": "16.43",
            "revenue": 549128
        },
        "2022-02": {
            "month": "2022-02",
            "price": "16.04",
            "revenue": 445954
        },
        "2022-03": {
            "month": "2022-03",
            "price": "15.80",
            "revenue": 567480
        },
        "2022-04": {
            "month": "2022-04",
            "price": "15.98",
            "revenue": 525809
        },
        "2022-05": {
            "month": "2022-05",
            "price": "15.46",
            "revenue": 482094
        },
        "2022-06": {
            "month": "2022-06",
            "price": "15.53",
            "revenue": 557055
        },
        "2022-07": {
            "month": "2022-07",
            "price": "14.90",
            "revenue": 460264
        },
        "2022-08": {
            "month": "2022-08",
            "price": "14.56",
            "revenue": 517200
        },
        "2022-09": {
            "month": "2022-09",
            "price": "14.40",
            "revenue": 460476
        },
        "2022-10": {
            "month": "2022-10",
            "price": "14.18",
            "revenue": 486792
        },
        "2022-11": {
            "month": "2022-11",
            "price": "14.64",
            "revenue": 453932
        },
        "2022-12": {
            "month": "2022-12",
            "price": "14.73",
            "revenue": 448703
        },
        "2023-01": {
            "month": "2023-01",
            "price": "14.78",
            "revenue": 424328
        },
        "2023-02": {
            "month": "2023-02",
            "price": "14.76",
            "revenue": 543218
        },
        "2023-03": {
            "month": "2023-03",
            "price": "14.61",
            "revenue": 450521
        },
        "2023-04": {
            "month": "2023-04",
            "price": "14.81",
            "revenue": 513923
        },
        "2023-05": {
            "month": "2023-05",
            "price": "15.12",
            "revenue": 538533
        }
    }
}
