{
    "summary": {
        "stock_name": "新產",
        "stock_id": "2850",
        "category": "金融",
        "main_business": "財產保險",
        "website_url": "http://www.skinsurance.com.tw",
        "ceo": "何英蘭",
        "pe_ratio": 9,
        "report_year_from": 2001,
        "report_year_to": 2023,
        "age": 22,
        "eps_negative_percentage": 0,
        "eps_growth_avg": {
            "last_all": 7.47,
            "last_2y": 10.52,
            "last_4y": 9.89,
            "last_8y": 10.05,
            "last_12y": null,
            "last_16y": null,
            "last_20y": null,
            "at_2006_last_3y": null,
            "at_2007_last_3y": null,
            "at_2008_last_3y": null,
            "at_2009_last_3y": null,
            "at_2010_last_3y": null,
            "at_2011_last_3y": null,
            "at_2012_last_3y": null,
            "at_2013_last_3y": null,
            "at_2014_last_3y": 1.43,
            "at_2015_last_3y": 22.38,
            "at_2016_last_3y": 10.08,
            "at_2017_last_3y": 10.24,
            "at_2018_last_3y": 16.08,
            "at_2019_last_3y": 7.76,
            "at_2020_last_3y": 12.83,
            "at_2021_last_3y": 15.14,
            "at_2022_last_3y": 4.9,
            "at_2023_last_3y": 4.9,
            "at_2006_last_all": null,
            "at_2007_last_all": null,
            "at_2008_last_all": null,
            "at_2009_last_all": null,
            "at_2010_last_all": null,
            "at_2011_last_all": null,
            "at_2012_last_all": -14.54,
            "at_2013_last_all": -0.25,
            "at_2014_last_all": 1.43,
            "at_2015_last_all": 5.42,
            "at_2016_last_all": 1.88,
            "at_2017_last_all": 5.74,
            "at_2018_last_all": 8.76,
            "at_2019_last_all": 6.46,
            "at_2020_last_all": 6.26,
            "at_2021_last_all": 9.16,
            "at_2022_last_all": 7.47,
            "at_2023_last_all": 7.47
        },
        "latest_eps": 7.05,
        "latest_price": 60.2,
        "latest_roe": 14.83,
        "latest_gross_margin": null,
        "latest_equity": 15886036,
        "latest_revenue": 5059244,
        "latest_gross_profit": null,
        "latest_net_income": 717990,
        "latest_debt_ratio": 66.82,
        "latest_current_ratio": null,
        "latest_account_receivable_turnover_ratio": null,
        "latest_inventory_turnover_ratio": null,
        "latest_reinvestment_rate": 1.62,
        "latest_research_to_sale_ratio": null
    },
    "eps_dividends": {
        "2001": {
            "cash": 0.77,
            "stock": 1.23,
            "eps": 0
        },
        "2002": {
            "cash": 0.5,
            "stock": 0.5,
            "eps": 0
        },
        "2003": {
            "cash": 0,
            "stock": 0,
            "eps": 0
        },
        "2004": {
            "cash": 0.25,
            "stock": 0.75,
            "eps": 0
        },
        "2005": {
            "cash": 0.5,
            "stock": 1,
            "eps": 0
        },
        "2006": {
            "cash": 0.7,
            "stock": 0.8,
            "eps": 0
        },
        "2007": {
            "cash": 0.4,
            "stock": 1.1,
            "eps": 0
        },
        "2008": {
            "cash": 1,
            "stock": 0.5,
            "eps": 0
        },
        "2009": {
            "cash": 0,
            "stock": 0,
            "eps": 0
        },
        "2010": {
            "cash": 2.98,
            "stock": 0,
            "eps": 4.79
        },
        "2011": {
            "cash": 3,
            "stock": 0,
            "eps": 1.8
        },
        "2012": {
            "cash": 0,
            "stock": 0,
            "eps": 2.4
        },
        "2013": {
            "cash": 1.2,
            "stock": 0,
            "eps": 3.08
        },
        "2014": {
            "cash": 1,
            "stock": 0,
            "eps": 3.28
        },
        "2015": {
            "cash": 1.07,
            "stock": 0,
            "eps": 3.98
        },
        "2016": {
            "cash": 1.57,
            "stock": 0,
            "eps": 3.35
        },
        "2017": {
            "cash": 1.51,
            "stock": 0,
            "eps": 4.32
        },
        "2018": {
            "cash": 1.82,
            "stock": 0,
            "eps": 5.61
        },
        "2019": {
            "cash": 2.65,
            "stock": 0,
            "eps": 4.94
        },
        "2020": {
            "cash": 1.8,
            "stock": 0,
            "eps": 5.16
        },
        "2021": {
            "cash": 1.95,
            "stock": 0,
            "eps": 7.13
        },
        "2022": {
            "cash": 3.2,
            "stock": 0,
            "eps": 6.34
        },
        "2023": {
            "cash": 2.54,
            "stock": 0,
            "eps": 3.71
        }
    },
    "dividends": {
        "2001-06-20": {
            "cash": 0.77,
            "stock": 1.23
        },
        "2002-05-22": {
            "cash": 0.5,
            "stock": 0.5
        },
        "2004-02-24": {
            "cash": 0.25,
            "stock": 0.75
        },
        "2005-03-15": {
            "cash": 0.5,
            "stock": 1
        },
        "2006-03-23": {
            "cash": 0.7,
            "stock": 0.8
        },
        "2007-03-22": {
            "cash": 0.4,
            "stock": 1.1
        },
        "2008-03-11": {
            "cash": 1,
            "stock": 0.5
        },
        "2010-03-17": {
            "cash": 2.98,
            "stock": 0
        },
        "2011-01-01": {
            "cash": 1.5,
            "stock": 0
        },
        "2011-03-21": {
            "cash": 1.5,
            "stock": 0
        },
        "2013-03-21": {
            "cash": 1.2,
            "stock": 0
        },
        "2014-08-22": {
            "cash": 1,
            "stock": 0
        },
        "2015-08-18": {
            "cash": 1.07,
            "stock": 0
        },
        "2016-08-10": {
            "cash": 1.57,
            "stock": 0
        },
        "2017-08-04": {
            "cash": 1.51,
            "stock": 0
        },
        "2018-08-01": {
            "cash": 1.82,
            "stock": 0
        },
        "2019-07-29": {
            "cash": 2.65,
            "stock": 0
        },
        "2020-08-28": {
            "cash": 1.8,
            "stock": 0
        },
        "2021-08-17": {
            "cash": 1.95,
            "stock": 0
        },
        "2022-07-07": {
            "cash": 3.2,
            "stock": 0
        },
        "2023-07-07": {
            "cash": 2.54,
            "stock": 0
        }
    },
    "prices": {
        "200101": "10.61",
        "200102": "13.18",
        "200103": "13.65",
        "200104": "14.02",
        "200105": "12.58",
        "200106": "11.60",
        "200107": "8.99",
        "200108": "9.09",
        "200109": "8.64",
        "200110": "9.17",
        "200111": "9.15",
        "200112": "10.20",
        "200201": "9.83",
        "200202": "9.79",
        "200203": "9.98",
        "200204": "11.21",
        "200205": "10.40",
        "200206": "10.26",
        "200207": "9.67",
        "200208": "8.14",
        "200209": "7.34",
        "200210": "6.98",
        "200211": "7.18",
        "200212": "7.37",
        "200301": "8.84",
        "200302": "8.91",
        "200303": "8.41",
        "200304": "8.29",
        "200305": "7.61",
        "200306": "8.34",
        "200307": "9.34",
        "200308": "10.47",
        "200309": "12.10",
        "200310": "13.40",
        "200311": "14.57",
        "200312": "14.25",
        "200401": "15.62",
        "200402": "19.84",
        "200403": "24.17",
        "200404": "23.41",
        "200405": "18.05",
        "200406": "18.51",
        "200407": "17.10",
        "200408": "14.86",
        "200409": "17.72",
        "200410": "18.36",
        "200411": "18.02",
        "200412": "17.41",
        "200501": "17.80",
        "200502": "17.77",
        "200503": "17.13",
        "200504": "15.74",
        "200505": "15.12",
        "200506": "15.92",
        "200507": "16.47",
        "200508": "15.17",
        "200509": "14.01",
        "200510": "13.02",
        "200511": "12.93",
        "200512": "13.21",
        "200601": "13.29",
        "200602": "13.63",
        "200603": "12.93",
        "200604": "14.15",
        "200605": "16.62",
        "200606": "15.12",
        "200607": "14.70",
        "200608": "13.55",
        "200609": "13.57",
        "200610": "16.10",
        "200611": "17.36",
        "200612": "17.70",
        "200701": "18.48",
        "200702": "17.88",
        "200703": "16.91",
        "200704": "17.64",
        "200705": "17.72",
        "200706": "19.82",
        "200707": "22.04",
        "200708": "19.21",
        "200709": "19.24",
        "200710": "20.31",
        "200711": "18.74",
        "200712": "17.18",
        "200801": "17.47",
        "200802": "17.50",
        "200803": "18.23",
        "200804": "19.07",
        "200805": "19.07",
        "200806": "17.72",
        "200807": "15.66",
        "200808": "15.11",
        "200809": "13.24",
        "200810": "9.22",
        "200811": "8.60",
        "200812": "9.03",
        "200901": "9.14",
        "200902": "9.00",
        "200903": "9.74",
        "200904": "11.08",
        "200905": "12.18",
        "200906": "11.94",
        "200907": "12.08",
        "200908": "11.48",
        "200909": "14.36",
        "200910": "16.90",
        "200911": "17.34",
        "200912": "17.36",
        "201001": "19.97",
        "201002": "20.50",
        "201003": "24.18",
        "201004": "27.92",
        "201005": "29.41",
        "201006": "28.87",
        "201007": "29.12",
        "201008": "27.02",
        "201009": "26.35",
        "201010": "25.17",
        "201011": "25.49",
        "201012": "26.90",
        "201101": "28.14",
        "201102": "27.31",
        "201103": "25.41",
        "201104": "23.91",
        "201105": "23.39",
        "201106": "22.29",
        "201107": "21.15",
        "201108": "17.80",
        "201109": "17.51",
        "201110": "17.33",
        "201111": "16.70",
        "201112": "15.23",
        "201201": "15.16",
        "201202": "17.05",
        "201203": "18.18",
        "201204": "19.05",
        "201205": "19.73",
        "201206": "19.43",
        "201207": "20.57",
        "201208": "19.74",
        "201209": "19.17",
        "201210": "19.09",
        "201211": "19.05",
        "201212": "19.62",
        "201301": "20.26",
        "201302": "20.88",
        "201303": "20.74",
        "201304": "21.43",
        "201305": "22.78",
        "201306": "22.32",
        "201307": "22.51",
        "201308": "21.45",
        "201309": "21.84",
        "201310": "22.64",
        "201311": "23.33",
        "201312": "23.94",
        "201401": "24.12",
        "201402": "24.51",
        "201403": "24.50",
        "201404": "23.76",
        "201405": "23.93",
        "201406": "24.72",
        "201407": "24.83",
        "201408": "24.79",
        "201409": "24.31",
        "201410": "22.96",
        "201411": "23.48",
        "201412": "24.67",
        "201501": "24.83",
        "201502": "24.75",
        "201503": "24.62",
        "201504": "24.44",
        "201505": "24.11",
        "201506": "22.98",
        "201507": "22.52",
        "201508": "20.82",
        "201509": "21.09",
        "201510": "21.81",
        "201511": "23.19",
        "201512": "23.12",
        "201601": "22.26",
        "201602": "22.32",
        "201603": "23.62",
        "201604": "23.83",
        "201605": "23.80",
        "201606": "23.98",
        "201607": "23.70",
        "201608": "23.86",
        "201609": "24.14",
        "201610": "23.93",
        "201611": "24.61",
        "201612": "26.51",
        "201701": "26.41",
        "201702": "26.61",
        "201703": "26.23",
        "201704": "25.39",
        "201705": "25.73",
        "201706": "26.21",
        "201707": "25.76",
        "201708": "25.77",
        "201709": "26.24",
        "201710": "26.23",
        "201711": "27.72",
        "201712": "28.76",
        "201801": "29.29",
        "201802": "29.13",
        "201803": "30.48",
        "201804": "32.73",
        "201805": "34.66",
        "201806": "36.48",
        "201807": "35.18",
        "201808": "36.70",
        "201809": "40.14",
        "201810": "37.13",
        "201811": "36.08",
        "201812": "35.04",
        "201901": "35.33",
        "201902": "36.21",
        "201903": "37.24",
        "201904": "38.88",
        "201905": "39.34",
        "201906": "39.85",
        "201907": "38.35",
        "201908": "37.40",
        "201909": "37.74",
        "201910": "38.02",
        "201911": "38.96",
        "201912": "38.70",
        "202001": "38.75",
        "202002": "39.08",
        "202003": "34.52",
        "202004": "34.86",
        "202005": "35.75",
        "202006": "35.88",
        "202007": "36.18",
        "202008": "34.59",
        "202009": "35.19",
        "202010": "35.74",
        "202011": "38.10",
        "202012": "38.49",
        "202101": "37.63",
        "202102": "37.82",
        "202103": "39.28",
        "202104": "40.47",
        "202105": "39.73",
        "202106": "39.99",
        "202107": "42.31",
        "202108": "42.08",
        "202109": "44.22",
        "202110": "44.98",
        "202111": "47.98",
        "202112": "47.13",
        "202201": "48.18",
        "202202": "48.39",
        "202203": "50.55",
        "202204": "55.76",
        "202205": "52.11",
        "202206": "52.73",
        "202207": "51.54",
        "202208": "54.35",
        "202209": "53.24",
        "202210": "44.52",
        "202211": "46.65",
        "202212": "48.38",
        "202301": "50.03",
        "202302": "50.96",
        "202303": "49.92",
        "202304": "50.46",
        "202305": "51.67",
        "202306": "52.14",
        "202307": "53.26",
        "202308": "55.50",
        "202309": "59.98"
    },
    "quarters": {
        "20011": {
            "year_quarter": 20011,
            "year": 2001,
            "quarter": 1,
            "eps": null,
            "eps_growth_year": null,
            "eps_4q": null,
            "eps_4q_growth_year": null,
            "roe": null,
            "roe_4q": 0,
            "gross_profit": null,
            "gross_margin": null,
            "gross_margin_4q_avg": 0,
            "net_income": null,
            "revenue": null,
            "common_shares": null,
            "book_valuer_per_share": null,
            "book_valuer_per_share_4q_avg": 0,
            "equity": null,
            "current_ratio": null,
            "debt_ratio": null,
            "inventory_turnover_ratio": null,
            "account_receivable_turnover_ratio": null,
            "reinvestment_rate": null,
            "research_to_sale_ratio": null,
            "price_fair": 0,
            "eps_avg_yearly": 0,
            "eps_latest_yearly": 0,
            "eps_growth_yearly": 0
        },
        "20012": {
            "year_quarter": 20012,
            "year": 2001,
            "quarter": 2,
            "eps": null,
            "eps_growth_year": null,
            "eps_4q": null,
            "eps_4q_growth_year": null,
            "roe": null,
            "roe_4q": 0,
            "gross_profit": null,
            "gross_margin": null,
            "gross_margin_4q_avg": 0,
            "net_income": null,
            "revenue": null,
            "common_shares": null,
            "book_valuer_per_share": null,
            "book_valuer_per_share_4q_avg": 0,
            "equity": null,
            "current_ratio": null,
            "debt_ratio": null,
            "inventory_turnover_ratio": null,
            "account_receivable_turnover_ratio": null,
            "reinvestment_rate": null,
            "research_to_sale_ratio": null,
            "price_fair": 0,
            "eps_avg_yearly": 0,
            "eps_latest_yearly": 0,
            "eps_growth_yearly": 0
        },
        "20013": {
            "year_quarter": 20013,
            "year": 2001,
            "quarter": 3,
            "eps": null,
            "eps_growth_year": null,
            "eps_4q": null,
            "eps_4q_growth_year": null,
            "roe": null,
            "roe_4q": 0,
            "gross_profit": null,
            "gross_margin": null,
            "gross_margin_4q_avg": 0,
            "net_income": null,
            "revenue": null,
            "common_shares": null,
            "book_valuer_per_share": null,
            "book_valuer_per_share_4q_avg": 0,
            "equity": null,
            "current_ratio": null,
            "debt_ratio": null,
            "inventory_turnover_ratio": null,
            "account_receivable_turnover_ratio": null,
            "reinvestment_rate": null,
            "research_to_sale_ratio": null,
            "price_fair": 0,
            "eps_avg_yearly": 0,
            "eps_latest_yearly": 0,
            "eps_growth_yearly": 0
        },
        "20014": {
            "year_quarter": 20014,
            "year": 2001,
            "quarter": 4,
            "eps": null,
            "eps_growth_year": null,
            "eps_4q": null,
            "eps_4q_growth_year": null,
            "roe": null,
            "roe_4q": 0,
            "gross_profit": null,
            "gross_margin": null,
            "gross_margin_4q_avg": 0,
            "net_income": null,
            "revenue": null,
            "common_shares": null,
            "book_valuer_per_share": null,
            "book_valuer_per_share_4q_avg": 0,
            "equity": null,
            "current_ratio": null,
            "debt_ratio": null,
            "inventory_turnover_ratio": null,
            "account_receivable_turnover_ratio": null,
            "reinvestment_rate": null,
            "research_to_sale_ratio": null,
            "price_fair": 0,
            "eps_avg_yearly": 0,
            "eps_latest_yearly": 0,
            "eps_growth_yearly": 0
        },
        "20021": {
            "year_quarter": 20021,
            "year": 2002,
            "quarter": 1,
            "eps": null,
            "eps_growth_year": null,
            "eps_4q": null,
            "eps_4q_growth_year": null,
            "roe": null,
            "roe_4q": 0,
            "gross_profit": null,
            "gross_margin": null,
            "gross_margin_4q_avg": 0,
            "net_income": null,
            "revenue": null,
            "common_shares": null,
            "book_valuer_per_share": null,
            "book_valuer_per_share_4q_avg": 0,
            "equity": null,
            "current_ratio": null,
            "debt_ratio": null,
            "inventory_turnover_ratio": null,
            "account_receivable_turnover_ratio": null,
            "reinvestment_rate": null,
            "research_to_sale_ratio": null,
            "price_fair": 0,
            "eps_avg_yearly": 0,
            "eps_latest_yearly": 0,
            "eps_growth_yearly": 0
        },
        "20022": {
            "year_quarter": 20022,
            "year": 2002,
            "quarter": 2,
            "eps": null,
            "eps_growth_year": null,
            "eps_4q": null,
            "eps_4q_growth_year": null,
            "roe": null,
            "roe_4q": 0,
            "gross_profit": null,
            "gross_margin": null,
            "gross_margin_4q_avg": 0,
            "net_income": null,
            "revenue": null,
            "common_shares": null,
            "book_valuer_per_share": null,
            "book_valuer_per_share_4q_avg": 0,
            "equity": null,
            "current_ratio": null,
            "debt_ratio": null,
            "inventory_turnover_ratio": null,
            "account_receivable_turnover_ratio": null,
            "reinvestment_rate": null,
            "research_to_sale_ratio": null,
            "price_fair": 0,
            "eps_avg_yearly": 0,
            "eps_latest_yearly": 0,
            "eps_growth_yearly": 0
        },
        "20023": {
            "year_quarter": 20023,
            "year": 2002,
            "quarter": 3,
            "eps": null,
            "eps_growth_year": null,
            "eps_4q": null,
            "eps_4q_growth_year": null,
            "roe": null,
            "roe_4q": 0,
            "gross_profit": null,
            "gross_margin": null,
            "gross_margin_4q_avg": 0,
            "net_income": null,
            "revenue": null,
            "common_shares": null,
            "book_valuer_per_share": null,
            "book_valuer_per_share_4q_avg": 0,
            "equity": null,
            "current_ratio": null,
            "debt_ratio": null,
            "inventory_turnover_ratio": null,
            "account_receivable_turnover_ratio": null,
            "reinvestment_rate": null,
            "research_to_sale_ratio": null,
            "price_fair": 0,
            "eps_avg_yearly": 0,
            "eps_latest_yearly": 0,
            "eps_growth_yearly": 0
        },
        "20024": {
            "year_quarter": 20024,
            "year": 2002,
            "quarter": 4,
            "eps": null,
            "eps_growth_year": null,
            "eps_4q": null,
            "eps_4q_growth_year": null,
            "roe": null,
            "roe_4q": 0,
            "gross_profit": null,
            "gross_margin": null,
            "gross_margin_4q_avg": 0,
            "net_income": null,
            "revenue": null,
            "common_shares": null,
            "book_valuer_per_share": null,
            "book_valuer_per_share_4q_avg": 0,
            "equity": null,
            "current_ratio": null,
            "debt_ratio": null,
            "inventory_turnover_ratio": null,
            "account_receivable_turnover_ratio": null,
            "reinvestment_rate": null,
            "research_to_sale_ratio": null,
            "price_fair": 0,
            "eps_avg_yearly": 0,
            "eps_latest_yearly": 0,
            "eps_growth_yearly": 0
        },
        "20031": {
            "year_quarter": 20031,
            "year": 2003,
            "quarter": 1,
            "eps": null,
            "eps_growth_year": null,
            "eps_4q": null,
            "eps_4q_growth_year": null,
            "roe": null,
            "roe_4q": 0,
            "gross_profit": null,
            "gross_margin": null,
            "gross_margin_4q_avg": 0,
            "net_income": null,
            "revenue": null,
            "common_shares": null,
            "book_valuer_per_share": null,
            "book_valuer_per_share_4q_avg": 0,
            "equity": null,
            "current_ratio": null,
            "debt_ratio": null,
            "inventory_turnover_ratio": null,
            "account_receivable_turnover_ratio": null,
            "reinvestment_rate": null,
            "research_to_sale_ratio": null,
            "price_fair": 0,
            "eps_avg_yearly": 0,
            "eps_latest_yearly": 0,
            "eps_growth_yearly": 0
        },
        "20032": {
            "year_quarter": 20032,
            "year": 2003,
            "quarter": 2,
            "eps": null,
            "eps_growth_year": null,
            "eps_4q": null,
            "eps_4q_growth_year": null,
            "roe": null,
            "roe_4q": 0,
            "gross_profit": null,
            "gross_margin": null,
            "gross_margin_4q_avg": 0,
            "net_income": null,
            "revenue": null,
            "common_shares": null,
            "book_valuer_per_share": null,
            "book_valuer_per_share_4q_avg": 0,
            "equity": null,
            "current_ratio": null,
            "debt_ratio": null,
            "inventory_turnover_ratio": null,
            "account_receivable_turnover_ratio": null,
            "reinvestment_rate": null,
            "research_to_sale_ratio": null,
            "price_fair": 0,
            "eps_avg_yearly": 0,
            "eps_latest_yearly": 0,
            "eps_growth_yearly": 0
        },
        "20033": {
            "year_quarter": 20033,
            "year": 2003,
            "quarter": 3,
            "eps": null,
            "eps_growth_year": null,
            "eps_4q": null,
            "eps_4q_growth_year": null,
            "roe": null,
            "roe_4q": 0,
            "gross_profit": null,
            "gross_margin": null,
            "gross_margin_4q_avg": 0,
            "net_income": null,
            "revenue": null,
            "common_shares": null,
            "book_valuer_per_share": null,
            "book_valuer_per_share_4q_avg": 0,
            "equity": null,
            "current_ratio": null,
            "debt_ratio": null,
            "inventory_turnover_ratio": null,
            "account_receivable_turnover_ratio": null,
            "reinvestment_rate": null,
            "research_to_sale_ratio": null,
            "price_fair": 0,
            "eps_avg_yearly": 0,
            "eps_latest_yearly": 0,
            "eps_growth_yearly": 0
        },
        "20034": {
            "year_quarter": 20034,
            "year": 2003,
            "quarter": 4,
            "eps": null,
            "eps_growth_year": null,
            "eps_4q": null,
            "eps_4q_growth_year": null,
            "roe": null,
            "roe_4q": 0,
            "gross_profit": null,
            "gross_margin": null,
            "gross_margin_4q_avg": 0,
            "net_income": null,
            "revenue": null,
            "common_shares": null,
            "book_valuer_per_share": null,
            "book_valuer_per_share_4q_avg": 0,
            "equity": null,
            "current_ratio": null,
            "debt_ratio": null,
            "inventory_turnover_ratio": null,
            "account_receivable_turnover_ratio": null,
            "reinvestment_rate": null,
            "research_to_sale_ratio": null,
            "price_fair": 0,
            "eps_avg_yearly": 0,
            "eps_latest_yearly": 0,
            "eps_growth_yearly": 0
        },
        "20041": {
            "year_quarter": 20041,
            "year": 2004,
            "quarter": 1,
            "eps": null,
            "eps_growth_year": null,
            "eps_4q": null,
            "eps_4q_growth_year": null,
            "roe": null,
            "roe_4q": 0,
            "gross_profit": null,
            "gross_margin": null,
            "gross_margin_4q_avg": 0,
            "net_income": null,
            "revenue": null,
            "common_shares": null,
            "book_valuer_per_share": null,
            "book_valuer_per_share_4q_avg": 0,
            "equity": null,
            "current_ratio": null,
            "debt_ratio": null,
            "inventory_turnover_ratio": null,
            "account_receivable_turnover_ratio": null,
            "reinvestment_rate": null,
            "research_to_sale_ratio": null,
            "price_fair": 0,
            "eps_avg_yearly": 0,
            "eps_latest_yearly": 0,
            "eps_growth_yearly": 0
        },
        "20042": {
            "year_quarter": 20042,
            "year": 2004,
            "quarter": 2,
            "eps": null,
            "eps_growth_year": null,
            "eps_4q": null,
            "eps_4q_growth_year": null,
            "roe": null,
            "roe_4q": 0,
            "gross_profit": null,
            "gross_margin": null,
            "gross_margin_4q_avg": 0,
            "net_income": null,
            "revenue": null,
            "common_shares": null,
            "book_valuer_per_share": null,
            "book_valuer_per_share_4q_avg": 0,
            "equity": null,
            "current_ratio": null,
            "debt_ratio": null,
            "inventory_turnover_ratio": null,
            "account_receivable_turnover_ratio": null,
            "reinvestment_rate": null,
            "research_to_sale_ratio": null,
            "price_fair": 0,
            "eps_avg_yearly": 0,
            "eps_latest_yearly": 0,
            "eps_growth_yearly": 0
        },
        "20043": {
            "year_quarter": 20043,
            "year": 2004,
            "quarter": 3,
            "eps": null,
            "eps_growth_year": null,
            "eps_4q": null,
            "eps_4q_growth_year": null,
            "roe": null,
            "roe_4q": 0,
            "gross_profit": null,
            "gross_margin": null,
            "gross_margin_4q_avg": 0,
            "net_income": null,
            "revenue": null,
            "common_shares": null,
            "book_valuer_per_share": null,
            "book_valuer_per_share_4q_avg": 0,
            "equity": null,
            "current_ratio": null,
            "debt_ratio": null,
            "inventory_turnover_ratio": null,
            "account_receivable_turnover_ratio": null,
            "reinvestment_rate": null,
            "research_to_sale_ratio": null,
            "price_fair": 0,
            "eps_avg_yearly": 0,
            "eps_latest_yearly": 0,
            "eps_growth_yearly": 0
        },
        "20044": {
            "year_quarter": 20044,
            "year": 2004,
            "quarter": 4,
            "eps": null,
            "eps_growth_year": null,
            "eps_4q": null,
            "eps_4q_growth_year": null,
            "roe": null,
            "roe_4q": 0,
            "gross_profit": null,
            "gross_margin": null,
            "gross_margin_4q_avg": 0,
            "net_income": null,
            "revenue": null,
            "common_shares": null,
            "book_valuer_per_share": null,
            "book_valuer_per_share_4q_avg": 0,
            "equity": null,
            "current_ratio": null,
            "debt_ratio": null,
            "inventory_turnover_ratio": null,
            "account_receivable_turnover_ratio": null,
            "reinvestment_rate": null,
            "research_to_sale_ratio": null,
            "price_fair": 0,
            "eps_avg_yearly": 0,
            "eps_latest_yearly": 0,
            "eps_growth_yearly": 0
        },
        "20051": {
            "year_quarter": 20051,
            "year": 2005,
            "quarter": 1,
            "eps": null,
            "eps_growth_year": null,
            "eps_4q": null,
            "eps_4q_growth_year": null,
            "roe": null,
            "roe_4q": 0,
            "gross_profit": null,
            "gross_margin": null,
            "gross_margin_4q_avg": 0,
            "net_income": null,
            "revenue": null,
            "common_shares": null,
            "book_valuer_per_share": null,
            "book_valuer_per_share_4q_avg": 0,
            "equity": null,
            "current_ratio": null,
            "debt_ratio": null,
            "inventory_turnover_ratio": null,
            "account_receivable_turnover_ratio": null,
            "reinvestment_rate": null,
            "research_to_sale_ratio": null,
            "price_fair": 0,
            "eps_avg_yearly": 0,
            "eps_latest_yearly": 0,
            "eps_growth_yearly": 0
        },
        "20052": {
            "year_quarter": 20052,
            "year": 2005,
            "quarter": 2,
            "eps": null,
            "eps_growth_year": null,
            "eps_4q": null,
            "eps_4q_growth_year": null,
            "roe": null,
            "roe_4q": 0,
            "gross_profit": null,
            "gross_margin": null,
            "gross_margin_4q_avg": 0,
            "net_income": null,
            "revenue": null,
            "common_shares": null,
            "book_valuer_per_share": null,
            "book_valuer_per_share_4q_avg": 0,
            "equity": null,
            "current_ratio": null,
            "debt_ratio": null,
            "inventory_turnover_ratio": null,
            "account_receivable_turnover_ratio": null,
            "reinvestment_rate": null,
            "research_to_sale_ratio": null,
            "price_fair": 0,
            "eps_avg_yearly": 0,
            "eps_latest_yearly": 0,
            "eps_growth_yearly": 0
        },
        "20053": {
            "year_quarter": 20053,
            "year": 2005,
            "quarter": 3,
            "eps": null,
            "eps_growth_year": null,
            "eps_4q": null,
            "eps_4q_growth_year": null,
            "roe": null,
            "roe_4q": 0,
            "gross_profit": null,
            "gross_margin": null,
            "gross_margin_4q_avg": 0,
            "net_income": null,
            "revenue": null,
            "common_shares": null,
            "book_valuer_per_share": null,
            "book_valuer_per_share_4q_avg": 0,
            "equity": null,
            "current_ratio": null,
            "debt_ratio": null,
            "inventory_turnover_ratio": null,
            "account_receivable_turnover_ratio": null,
            "reinvestment_rate": null,
            "research_to_sale_ratio": null,
            "price_fair": 0,
            "eps_avg_yearly": 0,
            "eps_latest_yearly": 0,
            "eps_growth_yearly": 0
        },
        "20054": {
            "year_quarter": 20054,
            "year": 2005,
            "quarter": 4,
            "eps": null,
            "eps_growth_year": null,
            "eps_4q": null,
            "eps_4q_growth_year": null,
            "roe": null,
            "roe_4q": 0,
            "gross_profit": null,
            "gross_margin": null,
            "gross_margin_4q_avg": 0,
            "net_income": null,
            "revenue": null,
            "common_shares": null,
            "book_valuer_per_share": null,
            "book_valuer_per_share_4q_avg": 0,
            "equity": null,
            "current_ratio": null,
            "debt_ratio": null,
            "inventory_turnover_ratio": null,
            "account_receivable_turnover_ratio": null,
            "reinvestment_rate": null,
            "research_to_sale_ratio": null,
            "price_fair": 0,
            "eps_avg_yearly": 0,
            "eps_latest_yearly": 0,
            "eps_growth_yearly": 0
        },
        "20061": {
            "year_quarter": 20061,
            "year": 2006,
            "quarter": 1,
            "eps": null,
            "eps_growth_year": null,
            "eps_4q": null,
            "eps_4q_growth_year": null,
            "roe": null,
            "roe_4q": 0,
            "gross_profit": null,
            "gross_margin": null,
            "gross_margin_4q_avg": 0,
            "net_income": null,
            "revenue": null,
            "common_shares": null,
            "book_valuer_per_share": null,
            "book_valuer_per_share_4q_avg": 0,
            "equity": null,
            "current_ratio": null,
            "debt_ratio": null,
            "inventory_turnover_ratio": null,
            "account_receivable_turnover_ratio": null,
            "reinvestment_rate": null,
            "research_to_sale_ratio": null,
            "price_fair": 0,
            "eps_avg_yearly": 0,
            "eps_latest_yearly": 0,
            "eps_growth_yearly": 0
        },
        "20062": {
            "year_quarter": 20062,
            "year": 2006,
            "quarter": 2,
            "eps": null,
            "eps_growth_year": null,
            "eps_4q": null,
            "eps_4q_growth_year": null,
            "roe": null,
            "roe_4q": 0,
            "gross_profit": null,
            "gross_margin": null,
            "gross_margin_4q_avg": 0,
            "net_income": null,
            "revenue": null,
            "common_shares": null,
            "book_valuer_per_share": null,
            "book_valuer_per_share_4q_avg": 0,
            "equity": null,
            "current_ratio": null,
            "debt_ratio": null,
            "inventory_turnover_ratio": null,
            "account_receivable_turnover_ratio": null,
            "reinvestment_rate": null,
            "research_to_sale_ratio": null,
            "price_fair": 0,
            "eps_avg_yearly": 0,
            "eps_latest_yearly": 0,
            "eps_growth_yearly": 0
        },
        "20063": {
            "year_quarter": 20063,
            "year": 2006,
            "quarter": 3,
            "eps": null,
            "eps_growth_year": null,
            "eps_4q": null,
            "eps_4q_growth_year": null,
            "roe": null,
            "roe_4q": 0,
            "gross_profit": null,
            "gross_margin": null,
            "gross_margin_4q_avg": 0,
            "net_income": null,
            "revenue": null,
            "common_shares": null,
            "book_valuer_per_share": null,
            "book_valuer_per_share_4q_avg": 0,
            "equity": null,
            "current_ratio": null,
            "debt_ratio": null,
            "inventory_turnover_ratio": null,
            "account_receivable_turnover_ratio": null,
            "reinvestment_rate": null,
            "research_to_sale_ratio": null,
            "price_fair": 0,
            "eps_avg_yearly": 0,
            "eps_latest_yearly": 0,
            "eps_growth_yearly": 0
        },
        "20064": {
            "year_quarter": 20064,
            "year": 2006,
            "quarter": 4,
            "eps": null,
            "eps_growth_year": null,
            "eps_4q": null,
            "eps_4q_growth_year": null,
            "roe": null,
            "roe_4q": 0,
            "gross_profit": null,
            "gross_margin": null,
            "gross_margin_4q_avg": 0,
            "net_income": null,
            "revenue": null,
            "common_shares": null,
            "book_valuer_per_share": null,
            "book_valuer_per_share_4q_avg": 0,
            "equity": null,
            "current_ratio": null,
            "debt_ratio": null,
            "inventory_turnover_ratio": null,
            "account_receivable_turnover_ratio": null,
            "reinvestment_rate": null,
            "research_to_sale_ratio": null,
            "price_fair": 0,
            "eps_avg_yearly": 0,
            "eps_latest_yearly": 0,
            "eps_growth_yearly": 0
        },
        "20071": {
            "year_quarter": 20071,
            "year": 2007,
            "quarter": 1,
            "eps": null,
            "eps_growth_year": null,
            "eps_4q": null,
            "eps_4q_growth_year": null,
            "roe": null,
            "roe_4q": 0,
            "gross_profit": null,
            "gross_margin": null,
            "gross_margin_4q_avg": 0,
            "net_income": null,
            "revenue": null,
            "common_shares": null,
            "book_valuer_per_share": null,
            "book_valuer_per_share_4q_avg": 0,
            "equity": null,
            "current_ratio": null,
            "debt_ratio": null,
            "inventory_turnover_ratio": null,
            "account_receivable_turnover_ratio": null,
            "reinvestment_rate": null,
            "research_to_sale_ratio": null,
            "price_fair": 0,
            "eps_avg_yearly": 0,
            "eps_latest_yearly": 0,
            "eps_growth_yearly": 0
        },
        "20072": {
            "year_quarter": 20072,
            "year": 2007,
            "quarter": 2,
            "eps": null,
            "eps_growth_year": null,
            "eps_4q": null,
            "eps_4q_growth_year": null,
            "roe": null,
            "roe_4q": 0,
            "gross_profit": null,
            "gross_margin": null,
            "gross_margin_4q_avg": 0,
            "net_income": null,
            "revenue": null,
            "common_shares": null,
            "book_valuer_per_share": null,
            "book_valuer_per_share_4q_avg": 0,
            "equity": null,
            "current_ratio": null,
            "debt_ratio": null,
            "inventory_turnover_ratio": null,
            "account_receivable_turnover_ratio": null,
            "reinvestment_rate": null,
            "research_to_sale_ratio": null,
            "price_fair": 0,
            "eps_avg_yearly": 0,
            "eps_latest_yearly": 0,
            "eps_growth_yearly": 0
        },
        "20073": {
            "year_quarter": 20073,
            "year": 2007,
            "quarter": 3,
            "eps": null,
            "eps_growth_year": null,
            "eps_4q": null,
            "eps_4q_growth_year": null,
            "roe": null,
            "roe_4q": 0,
            "gross_profit": null,
            "gross_margin": null,
            "gross_margin_4q_avg": 0,
            "net_income": null,
            "revenue": null,
            "common_shares": null,
            "book_valuer_per_share": null,
            "book_valuer_per_share_4q_avg": 0,
            "equity": null,
            "current_ratio": null,
            "debt_ratio": null,
            "inventory_turnover_ratio": null,
            "account_receivable_turnover_ratio": null,
            "reinvestment_rate": null,
            "research_to_sale_ratio": null,
            "price_fair": 0,
            "eps_avg_yearly": 0,
            "eps_latest_yearly": 0,
            "eps_growth_yearly": 0
        },
        "20074": {
            "year_quarter": 20074,
            "year": 2007,
            "quarter": 4,
            "eps": null,
            "eps_growth_year": null,
            "eps_4q": null,
            "eps_4q_growth_year": null,
            "roe": null,
            "roe_4q": 0,
            "gross_profit": null,
            "gross_margin": null,
            "gross_margin_4q_avg": 0,
            "net_income": null,
            "revenue": null,
            "common_shares": null,
            "book_valuer_per_share": null,
            "book_valuer_per_share_4q_avg": 0,
            "equity": null,
            "current_ratio": null,
            "debt_ratio": null,
            "inventory_turnover_ratio": null,
            "account_receivable_turnover_ratio": null,
            "reinvestment_rate": null,
            "research_to_sale_ratio": null,
            "price_fair": 0,
            "eps_avg_yearly": 0,
            "eps_latest_yearly": 0,
            "eps_growth_yearly": 0
        },
        "20081": {
            "year_quarter": 20081,
            "year": 2008,
            "quarter": 1,
            "eps": null,
            "eps_growth_year": null,
            "eps_4q": null,
            "eps_4q_growth_year": null,
            "roe": null,
            "roe_4q": 0,
            "gross_profit": null,
            "gross_margin": null,
            "gross_margin_4q_avg": 0,
            "net_income": null,
            "revenue": null,
            "common_shares": null,
            "book_valuer_per_share": null,
            "book_valuer_per_share_4q_avg": 0,
            "equity": null,
            "current_ratio": null,
            "debt_ratio": null,
            "inventory_turnover_ratio": null,
            "account_receivable_turnover_ratio": null,
            "reinvestment_rate": null,
            "research_to_sale_ratio": null,
            "price_fair": 0,
            "eps_avg_yearly": 0,
            "eps_latest_yearly": 0,
            "eps_growth_yearly": 0
        },
        "20082": {
            "year_quarter": 20082,
            "year": 2008,
            "quarter": 2,
            "eps": null,
            "eps_growth_year": null,
            "eps_4q": null,
            "eps_4q_growth_year": null,
            "roe": null,
            "roe_4q": 0,
            "gross_profit": null,
            "gross_margin": null,
            "gross_margin_4q_avg": 0,
            "net_income": null,
            "revenue": null,
            "common_shares": null,
            "book_valuer_per_share": null,
            "book_valuer_per_share_4q_avg": 0,
            "equity": null,
            "current_ratio": null,
            "debt_ratio": null,
            "inventory_turnover_ratio": null,
            "account_receivable_turnover_ratio": null,
            "reinvestment_rate": null,
            "research_to_sale_ratio": null,
            "price_fair": 0,
            "eps_avg_yearly": 0,
            "eps_latest_yearly": 0,
            "eps_growth_yearly": 0
        },
        "20083": {
            "year_quarter": 20083,
            "year": 2008,
            "quarter": 3,
            "eps": null,
            "eps_growth_year": null,
            "eps_4q": null,
            "eps_4q_growth_year": null,
            "roe": null,
            "roe_4q": 0,
            "gross_profit": null,
            "gross_margin": null,
            "gross_margin_4q_avg": 0,
            "net_income": null,
            "revenue": null,
            "common_shares": null,
            "book_valuer_per_share": null,
            "book_valuer_per_share_4q_avg": 0,
            "equity": null,
            "current_ratio": null,
            "debt_ratio": null,
            "inventory_turnover_ratio": null,
            "account_receivable_turnover_ratio": null,
            "reinvestment_rate": null,
            "research_to_sale_ratio": null,
            "price_fair": 0,
            "eps_avg_yearly": 0,
            "eps_latest_yearly": 0,
            "eps_growth_yearly": 0
        },
        "20084": {
            "year_quarter": 20084,
            "year": 2008,
            "quarter": 4,
            "eps": null,
            "eps_growth_year": null,
            "eps_4q": null,
            "eps_4q_growth_year": null,
            "roe": null,
            "roe_4q": 0,
            "gross_profit": null,
            "gross_margin": null,
            "gross_margin_4q_avg": 0,
            "net_income": null,
            "revenue": null,
            "common_shares": 3159633,
            "book_valuer_per_share": null,
            "book_valuer_per_share_4q_avg": 0,
            "equity": 3211351,
            "current_ratio": null,
            "debt_ratio": null,
            "inventory_turnover_ratio": null,
            "account_receivable_turnover_ratio": null,
            "reinvestment_rate": null,
            "research_to_sale_ratio": null,
            "price_fair": 0,
            "eps_avg_yearly": 0,
            "eps_latest_yearly": 0,
            "eps_growth_yearly": 0
        },
        "20091": {
            "year_quarter": 20091,
            "year": 2009,
            "quarter": 1,
            "eps": null,
            "eps_growth_year": null,
            "eps_4q": null,
            "eps_4q_growth_year": null,
            "roe": null,
            "roe_4q": 0,
            "gross_profit": 503900,
            "gross_margin": null,
            "gross_margin_4q_avg": 0,
            "net_income": 66642,
            "revenue": 66642,
            "common_shares": 3159633,
            "book_valuer_per_share": null,
            "book_valuer_per_share_4q_avg": 0,
            "equity": 3499402,
            "current_ratio": null,
            "debt_ratio": null,
            "inventory_turnover_ratio": null,
            "account_receivable_turnover_ratio": null,
            "reinvestment_rate": null,
            "research_to_sale_ratio": null,
            "price_fair": 0,
            "eps_avg_yearly": 0,
            "eps_latest_yearly": 0,
            "eps_growth_yearly": 0
        },
        "20092": {
            "year_quarter": 20092,
            "year": 2009,
            "quarter": 2,
            "eps": null,
            "eps_growth_year": null,
            "eps_4q": null,
            "eps_4q_growth_year": null,
            "roe": null,
            "roe_4q": 0,
            "gross_profit": 653183,
            "gross_margin": null,
            "gross_margin_4q_avg": 0,
            "net_income": 10568,
            "revenue": 10568,
            "common_shares": 3159633,
            "book_valuer_per_share": null,
            "book_valuer_per_share_4q_avg": 0,
            "equity": 4434887,
            "current_ratio": null,
            "debt_ratio": null,
            "inventory_turnover_ratio": null,
            "account_receivable_turnover_ratio": null,
            "reinvestment_rate": null,
            "research_to_sale_ratio": null,
            "price_fair": 0,
            "eps_avg_yearly": 0,
            "eps_latest_yearly": 0,
            "eps_growth_yearly": 0
        },
        "20093": {
            "year_quarter": 20093,
            "year": 2009,
            "quarter": 3,
            "eps": null,
            "eps_growth_year": null,
            "eps_4q": null,
            "eps_4q_growth_year": null,
            "roe": null,
            "roe_4q": 0,
            "gross_profit": 563107,
            "gross_margin": null,
            "gross_margin_4q_avg": 0,
            "net_income": 114495,
            "revenue": 114495,
            "common_shares": 3159633,
            "book_valuer_per_share": null,
            "book_valuer_per_share_4q_avg": 0,
            "equity": 4731004,
            "current_ratio": null,
            "debt_ratio": null,
            "inventory_turnover_ratio": null,
            "account_receivable_turnover_ratio": null,
            "reinvestment_rate": null,
            "research_to_sale_ratio": null,
            "price_fair": 0,
            "eps_avg_yearly": 0,
            "eps_latest_yearly": 0,
            "eps_growth_yearly": 0
        },
        "20094": {
            "year_quarter": 20094,
            "year": 2009,
            "quarter": 4,
            "eps": null,
            "eps_growth_year": null,
            "eps_4q": null,
            "eps_4q_growth_year": null,
            "roe": null,
            "roe_4q": 0,
            "gross_profit": 1449666,
            "gross_margin": null,
            "gross_margin_4q_avg": 0,
            "net_income": 598463,
            "revenue": 598463,
            "common_shares": 3159633,
            "book_valuer_per_share": 16.81,
            "book_valuer_per_share_4q_avg": 4.2,
            "equity": 5311525,
            "current_ratio": 891.67,
            "debt_ratio": 74.64,
            "inventory_turnover_ratio": null,
            "account_receivable_turnover_ratio": null,
            "reinvestment_rate": null,
            "research_to_sale_ratio": null,
            "price_fair": 0,
            "eps_avg_yearly": 0,
            "eps_latest_yearly": 0,
            "eps_growth_yearly": 0
        },
        "20101": {
            "year_quarter": 20101,
            "year": 2010,
            "quarter": 1,
            "eps": 4.67,
            "eps_growth_year": null,
            "eps_4q": 4.67,
            "eps_4q_growth_year": null,
            "roe": 24.16,
            "roe_4q": 24.16,
            "gross_profit": 1942305,
            "gross_margin": 131.71,
            "gross_margin_4q_avg": 32.93,
            "net_income": 1474702,
            "revenue": 1474702,
            "common_shares": 3159633,
            "book_valuer_per_share": 21.82,
            "book_valuer_per_share_4q_avg": 9.66,
            "equity": 6895090,
            "current_ratio": 1139.38,
            "debt_ratio": 69.39,
            "inventory_turnover_ratio": null,
            "account_receivable_turnover_ratio": 3.99,
            "reinvestment_rate": null,
            "research_to_sale_ratio": null,
            "price_fair": 0,
            "eps_avg_yearly": 0,
            "eps_latest_yearly": 0,
            "eps_growth_yearly": 0
        },
        "20102": {
            "year_quarter": 20102,
            "year": 2010,
            "quarter": 2,
            "eps": -0.19,
            "eps_growth_year": null,
            "eps_4q": 4.48,
            "eps_4q_growth_year": null,
            "roe": -0.97,
            "roe_4q": 23.19,
            "gross_profit": 427157,
            "gross_margin": -708.93,
            "gross_margin_4q_avg": -144.31,
            "net_income": -60254,
            "revenue": -60254,
            "common_shares": 3159633,
            "book_valuer_per_share": 17.52,
            "book_valuer_per_share_4q_avg": 14.04,
            "equity": 5536992,
            "current_ratio": 629.37,
            "debt_ratio": 75.66,
            "inventory_turnover_ratio": null,
            "account_receivable_turnover_ratio": -0.15,
            "reinvestment_rate": null,
            "research_to_sale_ratio": null,
            "price_fair": 0,
            "eps_avg_yearly": 0,
            "eps_latest_yearly": 0,
            "eps_growth_yearly": 0
        },
        "20103": {
            "year_quarter": 20103,
            "year": 2010,
            "quarter": 3,
            "eps": 0.25,
            "eps_growth_year": null,
            "eps_4q": 4.73,
            "eps_4q_growth_year": null,
            "roe": 1.37,
            "roe_4q": 24.56,
            "gross_profit": 562927,
            "gross_margin": 707.67,
            "gross_margin_4q_avg": 32.61,
            "net_income": 79546,
            "revenue": 79546,
            "common_shares": 3159633,
            "book_valuer_per_share": 19.14,
            "book_valuer_per_share_4q_avg": 18.82,
            "equity": 6048126,
            "current_ratio": 1187.66,
            "debt_ratio": 72.87,
            "inventory_turnover_ratio": null,
            "account_receivable_turnover_ratio": 0.21,
            "reinvestment_rate": null,
            "research_to_sale_ratio": null,
            "price_fair": 0,
            "eps_avg_yearly": 0,
            "eps_latest_yearly": 0,
            "eps_growth_yearly": 0
        },
        "20104": {
            "year_quarter": 20104,
            "year": 2010,
            "quarter": 4,
            "eps": 0.06,
            "eps_growth_year": null,
            "eps_4q": 4.79,
            "eps_4q_growth_year": null,
            "roe": 0.33,
            "roe_4q": 24.89,
            "gross_profit": 525529,
            "gross_margin": 2560.56,
            "gross_margin_4q_avg": 672.75,
            "net_income": 20524,
            "revenue": 20524,
            "common_shares": 3159633,
            "book_valuer_per_share": 20.63,
            "book_valuer_per_share_4q_avg": 19.78,
            "equity": 6519313,
            "current_ratio": 1149.46,
            "debt_ratio": 72.07,
            "inventory_turnover_ratio": null,
            "account_receivable_turnover_ratio": 0.06,
            "reinvestment_rate": null,
            "research_to_sale_ratio": null,
            "price_fair": 0.72,
            "eps_avg_yearly": 0.24,
            "eps_latest_yearly": 0.24,
            "eps_growth_yearly": -304
        },
        "20111": {
            "year_quarter": 20111,
            "year": 2011,
            "quarter": 1,
            "eps": 0.56,
            "eps_growth_year": -99.88,
            "eps_4q": 0.69,
            "eps_4q_growth_year": -85.28,
            "roe": 2.8,
            "roe_4q": 3.5300000000000002,
            "gross_profit": null,
            "gross_margin": null,
            "gross_margin_4q_avg": 639.83,
            "net_income": 177224,
            "revenue": 177224,
            "common_shares": 3159633,
            "book_valuer_per_share": 19.46,
            "book_valuer_per_share_4q_avg": 19.19,
            "equity": 6149859,
            "current_ratio": null,
            "debt_ratio": 74.36,
            "inventory_turnover_ratio": null,
            "account_receivable_turnover_ratio": 0.51,
            "reinvestment_rate": null,
            "research_to_sale_ratio": null,
            "price_fair": 43.4,
            "eps_avg_yearly": 1.24,
            "eps_latest_yearly": 2.24,
            "eps_growth_yearly": 1514.67
        },
        "20112": {
            "year_quarter": 20112,
            "year": 2011,
            "quarter": 2,
            "eps": 0.3,
            "eps_growth_year": null,
            "eps_4q": 1.18,
            "eps_4q_growth_year": -73.62,
            "roe": 1.62,
            "roe_4q": 6.12,
            "gross_profit": null,
            "gross_margin": null,
            "gross_margin_4q_avg": 817.06,
            "net_income": 95869,
            "revenue": 95869,
            "common_shares": 3159633,
            "book_valuer_per_share": 17.95,
            "book_valuer_per_share_4q_avg": 19.3,
            "equity": 5670299,
            "current_ratio": null,
            "debt_ratio": 76.85,
            "inventory_turnover_ratio": null,
            "account_receivable_turnover_ratio": 0.27,
            "reinvestment_rate": null,
            "research_to_sale_ratio": null,
            "price_fair": 42.93,
            "eps_avg_yearly": 1.23,
            "eps_latest_yearly": 1.2,
            "eps_growth_yearly": 947.87
        },
        "20113": {
            "year_quarter": 20113,
            "year": 2011,
            "quarter": 3,
            "eps": 0.54,
            "eps_growth_year": 116.39,
            "eps_4q": 1.49,
            "eps_4q_growth_year": -68.48,
            "roe": 3.05,
            "roe_4q": 7.8,
            "gross_profit": null,
            "gross_margin": null,
            "gross_margin_4q_avg": 640.14,
            "net_income": 169132,
            "revenue": 169132,
            "common_shares": 3159633,
            "book_valuer_per_share": 17.42,
            "book_valuer_per_share_4q_avg": 18.87,
            "equity": 5409299,
            "current_ratio": null,
            "debt_ratio": 76.76,
            "inventory_turnover_ratio": null,
            "account_receivable_turnover_ratio": 0.49,
            "reinvestment_rate": null,
            "research_to_sale_ratio": null,
            "price_fair": 51.1,
            "eps_avg_yearly": 1.46,
            "eps_latest_yearly": 2.16,
            "eps_growth_yearly": 790.9
        },
        "20114": {
            "year_quarter": 20114,
            "year": 2011,
            "quarter": 4,
            "eps": 0.4,
            "eps_growth_year": 510.7,
            "eps_4q": 1.82,
            "eps_4q_growth_year": -61.95,
            "roe": 2.28,
            "roe_4q": 9.75,
            "gross_profit": null,
            "gross_margin": null,
            "gross_margin_4q_avg": 0,
            "net_income": 122913,
            "revenue": 122913,
            "common_shares": 3159633,
            "book_valuer_per_share": 17.4,
            "book_valuer_per_share_4q_avg": 18.06,
            "equity": 5391439,
            "current_ratio": null,
            "debt_ratio": 76.76,
            "inventory_turnover_ratio": null,
            "account_receivable_turnover_ratio": 0.35,
            "reinvestment_rate": null,
            "research_to_sale_ratio": null,
            "price_fair": 52.08,
            "eps_avg_yearly": 1.49,
            "eps_latest_yearly": 1.6,
            "eps_growth_yearly": 611.98
        },
        "20121": {
            "year_quarter": 20121,
            "year": 2012,
            "quarter": 1,
            "eps": 0.62,
            "eps_growth_year": 10.71,
            "eps_4q": 1.87,
            "eps_4q_growth_year": 172.35,
            "roe": 3.36,
            "roe_4q": 10.309999999999999,
            "gross_profit": null,
            "gross_margin": null,
            "gross_margin_4q_avg": 0,
            "net_income": 191755,
            "revenue": 191755,
            "common_shares": 3159633,
            "book_valuer_per_share": 19.41,
            "book_valuer_per_share_4q_avg": 18.05,
            "equity": 6014906,
            "current_ratio": null,
            "debt_ratio": 74.67,
            "inventory_turnover_ratio": null,
            "account_receivable_turnover_ratio": 0.49,
            "reinvestment_rate": null,
            "research_to_sale_ratio": null,
            "price_fair": 57.87,
            "eps_avg_yearly": 1.65,
            "eps_latest_yearly": 2.48,
            "eps_growth_yearly": 546.65
        },
        "20122": {
            "year_quarter": 20122,
            "year": 2012,
            "quarter": 2,
            "eps": 0.24,
            "eps_growth_year": -20.22,
            "eps_4q": 1.78,
            "eps_4q_growth_year": 50.77,
            "roe": 1.31,
            "roe_4q": 10,
            "gross_profit": null,
            "gross_margin": null,
            "gross_margin_4q_avg": 0,
            "net_income": 76119,
            "revenue": 76119,
            "common_shares": 3159633,
            "book_valuer_per_share": 17.9,
            "book_valuer_per_share_4q_avg": 18.03,
            "equity": 5627531,
            "current_ratio": null,
            "debt_ratio": 76.66,
            "inventory_turnover_ratio": null,
            "account_receivable_turnover_ratio": 0.19,
            "reinvestment_rate": null,
            "research_to_sale_ratio": null,
            "price_fair": 54.4,
            "eps_avg_yearly": 1.55,
            "eps_latest_yearly": 0.96,
            "eps_growth_yearly": 433.54
        },
        "20123": {
            "year_quarter": 20123,
            "year": 2012,
            "quarter": 3,
            "eps": 0.71,
            "eps_growth_year": 30.12,
            "eps_4q": 1.95,
            "eps_4q_growth_year": 30.54,
            "roe": 3.85,
            "roe_4q": 10.799999999999999,
            "gross_profit": null,
            "gross_margin": null,
            "gross_margin_4q_avg": 0,
            "net_income": 223966,
            "revenue": 223966,
            "common_shares": 3159633,
            "book_valuer_per_share": 19.03,
            "book_valuer_per_share_4q_avg": 18.44,
            "equity": 6012642,
            "current_ratio": null,
            "debt_ratio": 74.9,
            "inventory_turnover_ratio": null,
            "account_receivable_turnover_ratio": 0.54,
            "reinvestment_rate": null,
            "research_to_sale_ratio": null,
            "price_fair": 60.03,
            "eps_avg_yearly": 1.72,
            "eps_latest_yearly": 2.84,
            "eps_growth_yearly": 477.26
        },
        "20124": {
            "year_quarter": 20124,
            "year": 2012,
            "quarter": 4,
            "eps": 0.83,
            "eps_growth_year": 108.56,
            "eps_4q": 2.38,
            "eps_4q_growth_year": 30.71,
            "roe": 4.31,
            "roe_4q": 12.83,
            "gross_profit": null,
            "gross_margin": null,
            "gross_margin_4q_avg": 0,
            "net_income": 261416,
            "revenue": 261416,
            "common_shares": 3159633,
            "book_valuer_per_share": 19.4,
            "book_valuer_per_share_4q_avg": 18.94,
            "equity": 6130791,
            "current_ratio": null,
            "debt_ratio": 74.66,
            "inventory_turnover_ratio": null,
            "account_receivable_turnover_ratio": 0.68,
            "reinvestment_rate": 6.54,
            "research_to_sale_ratio": null,
            "price_fair": 66.27,
            "eps_avg_yearly": 1.89,
            "eps_latest_yearly": 3.32,
            "eps_growth_yearly": 431.74
        },
        "20131": {
            "year_quarter": 20131,
            "year": 2013,
            "quarter": 1,
            "eps": 0.58,
            "eps_growth_year": -6.45,
            "eps_4q": 2.36,
            "eps_4q_growth_year": 26.21,
            "roe": 2.88,
            "roe_4q": 12.35,
            "gross_profit": null,
            "gross_margin": null,
            "gross_margin_4q_avg": 0,
            "net_income": 184568,
            "revenue": 2359701,
            "common_shares": 3159633,
            "book_valuer_per_share": 21.14,
            "book_valuer_per_share_4q_avg": 19.37,
            "equity": 6679114,
            "current_ratio": null,
            "debt_ratio": 72.86,
            "inventory_turnover_ratio": null,
            "account_receivable_turnover_ratio": 14.01,
            "reinvestment_rate": 6.25,
            "research_to_sale_ratio": null,
            "price_fair": 67.76,
            "eps_avg_yearly": 1.94,
            "eps_latest_yearly": 2.32,
            "eps_growth_yearly": 376.52
        },
        "20132": {
            "year_quarter": 20132,
            "year": 2013,
            "quarter": 2,
            "eps": 0.67,
            "eps_growth_year": 176.77,
            "eps_4q": 2.79,
            "eps_4q_growth_year": 56.52,
            "roe": 3.18,
            "roe_4q": 14.22,
            "gross_profit": null,
            "gross_margin": null,
            "gross_margin_4q_avg": 0,
            "net_income": 210652,
            "revenue": 2504892,
            "common_shares": 3159633,
            "book_valuer_per_share": 20.75,
            "book_valuer_per_share_4q_avg": 20.08,
            "equity": 6555553,
            "current_ratio": null,
            "debt_ratio": 74.46,
            "inventory_turnover_ratio": null,
            "account_receivable_turnover_ratio": null,
            "reinvestment_rate": 6.02,
            "research_to_sale_ratio": null,
            "price_fair": 70.13,
            "eps_avg_yearly": 2,
            "eps_latest_yearly": 2.68,
            "eps_growth_yearly": 347.93
        },
        "20133": {
            "year_quarter": 20133,
            "year": 2013,
            "quarter": 3,
            "eps": 0.72,
            "eps_growth_year": 1.58,
            "eps_4q": 2.8,
            "eps_4q_growth_year": 43.67,
            "roe": 3.46,
            "roe_4q": 13.829999999999998,
            "gross_profit": null,
            "gross_margin": null,
            "gross_margin_4q_avg": 0,
            "net_income": 226551,
            "revenue": 2548340,
            "common_shares": 3159633,
            "book_valuer_per_share": 20.67,
            "book_valuer_per_share_4q_avg": 20.49,
            "equity": 6530406,
            "current_ratio": null,
            "debt_ratio": 74.11,
            "inventory_turnover_ratio": null,
            "account_receivable_turnover_ratio": null,
            "reinvestment_rate": 3.47,
            "research_to_sale_ratio": null,
            "price_fair": 72.68,
            "eps_avg_yearly": 2.08,
            "eps_latest_yearly": 2.88,
            "eps_growth_yearly": 321.43
        },
        "20134": {
            "year_quarter": 20134,
            "year": 2013,
            "quarter": 4,
            "eps": 1.11,
            "eps_growth_year": 33.85,
            "eps_4q": 3.08,
            "eps_4q_growth_year": 29,
            "roe": 5.2,
            "roe_4q": 14.719999999999999,
            "gross_profit": null,
            "gross_margin": null,
            "gross_margin_4q_avg": 0,
            "net_income": 349907,
            "revenue": 2636753,
            "common_shares": 3159633,
            "book_valuer_per_share": 21.91,
            "book_valuer_per_share_4q_avg": 21.12,
            "equity": 6921833,
            "current_ratio": null,
            "debt_ratio": 72.55,
            "inventory_turnover_ratio": null,
            "account_receivable_turnover_ratio": null,
            "reinvestment_rate": 1.2,
            "research_to_sale_ratio": null,
            "price_fair": 79.05,
            "eps_avg_yearly": 2.26,
            "eps_latest_yearly": 4.44,
            "eps_growth_yearly": 313.37
        },
        "20141": {
            "year_quarter": 20141,
            "year": 2014,
            "quarter": 1,
            "eps": 0.97,
            "eps_growth_year": 67.24,
            "eps_4q": 3.46,
            "eps_4q_growth_year": 46.37,
            "roe": 4.37,
            "roe_4q": 16.21,
            "gross_profit": null,
            "gross_margin": null,
            "gross_margin_4q_avg": 0,
            "net_income": 304947,
            "revenue": 2805452,
            "common_shares": 3159633,
            "book_valuer_per_share": 22.26,
            "book_valuer_per_share_4q_avg": 21.4,
            "equity": 7033592,
            "current_ratio": null,
            "debt_ratio": 72.23,
            "inventory_turnover_ratio": null,
            "account_receivable_turnover_ratio": null,
            "reinvestment_rate": -3.42,
            "research_to_sale_ratio": null,
            "price_fair": 83.1,
            "eps_avg_yearly": 2.37,
            "eps_latest_yearly": 3.88,
            "eps_growth_yearly": 287.38
        },
        "20142": {
            "year_quarter": 20142,
            "year": 2014,
            "quarter": 2,
            "eps": 0.41,
            "eps_growth_year": -38.81,
            "eps_4q": 3.2,
            "eps_4q_growth_year": 14.82,
            "roe": 1.86,
            "roe_4q": 14.89,
            "gross_profit": null,
            "gross_margin": null,
            "gross_margin_4q_avg": 0,
            "net_income": 129725,
            "revenue": 2671317,
            "common_shares": 3159633,
            "book_valuer_per_share": 21.78,
            "book_valuer_per_share_4q_avg": 21.66,
            "equity": 6882064,
            "current_ratio": null,
            "debt_ratio": 73.69,
            "inventory_turnover_ratio": null,
            "account_receivable_turnover_ratio": null,
            "reinvestment_rate": -3.4,
            "research_to_sale_ratio": null,
            "price_fair": 81.39,
            "eps_avg_yearly": 2.33,
            "eps_latest_yearly": 1.64,
            "eps_growth_yearly": 252.83
        },
        "20143": {
            "year_quarter": 20143,
            "year": 2014,
            "quarter": 3,
            "eps": 1.38,
            "eps_growth_year": 91.67,
            "eps_4q": 3.86,
            "eps_4q_growth_year": 38.19,
            "roe": 6.16,
            "roe_4q": 17.59,
            "gross_profit": null,
            "gross_margin": null,
            "gross_margin_4q_avg": 0,
            "net_income": 435872,
            "revenue": 2883786,
            "common_shares": 3159633,
            "book_valuer_per_share": 23.02,
            "book_valuer_per_share_4q_avg": 22.24,
            "equity": 7272504,
            "current_ratio": null,
            "debt_ratio": 71.93,
            "inventory_turnover_ratio": null,
            "account_receivable_turnover_ratio": null,
            "reinvestment_rate": -2.72,
            "research_to_sale_ratio": null,
            "price_fair": 88.38,
            "eps_avg_yearly": 2.53,
            "eps_latest_yearly": 5.52,
            "eps_growth_yearly": 296.17
        },
        "20144": {
            "year_quarter": 20144,
            "year": 2014,
            "quarter": 4,
            "eps": 0.52,
            "eps_growth_year": -52.83,
            "eps_4q": 3.28,
            "eps_4q_growth_year": 6.58,
            "roe": 2.21,
            "roe_4q": 14.600000000000001,
            "gross_profit": null,
            "gross_margin": null,
            "gross_margin_4q_avg": 0,
            "net_income": 165051,
            "revenue": 2639910,
            "common_shares": 3159633,
            "book_valuer_per_share": 24.34,
            "book_valuer_per_share_4q_avg": 22.85,
            "equity": 7690901,
            "current_ratio": null,
            "debt_ratio": 72.48,
            "inventory_turnover_ratio": null,
            "account_receivable_turnover_ratio": null,
            "reinvestment_rate": -2.28,
            "research_to_sale_ratio": null,
            "price_fair": 92.4,
            "eps_avg_yearly": 2.64,
            "eps_latest_yearly": 2.08,
            "eps_growth_yearly": 299.59
        },
        "20151": {
            "year_quarter": 20151,
            "year": 2015,
            "quarter": 1,
            "eps": 0.7,
            "eps_growth_year": -27.84,
            "eps_4q": 3.01,
            "eps_4q_growth_year": -12.85,
            "roe": 2.82,
            "roe_4q": 13.049999999999999,
            "gross_profit": null,
            "gross_margin": null,
            "gross_margin_4q_avg": 0,
            "net_income": 221087,
            "revenue": 2700100,
            "common_shares": 3159633,
            "book_valuer_per_share": 25.26,
            "book_valuer_per_share_4q_avg": 23.6,
            "equity": 7980887,
            "current_ratio": null,
            "debt_ratio": 71.65,
            "inventory_turnover_ratio": null,
            "account_receivable_turnover_ratio": null,
            "reinvestment_rate": 0.7,
            "research_to_sale_ratio": null,
            "price_fair": 93.63,
            "eps_avg_yearly": 2.68,
            "eps_latest_yearly": 2.8,
            "eps_growth_yearly": 99.91
        },
        "20152": {
            "year_quarter": 20152,
            "year": 2015,
            "quarter": 2,
            "eps": 0.88,
            "eps_growth_year": 114.63,
            "eps_4q": 3.48,
            "eps_4q_growth_year": 8.74,
            "roe": 3.51,
            "roe_4q": 14.7,
            "gross_profit": null,
            "gross_margin": null,
            "gross_margin_4q_avg": 0,
            "net_income": 277478,
            "revenue": 2932737,
            "common_shares": 3159633,
            "book_valuer_per_share": 24.74,
            "book_valuer_per_share_4q_avg": 24.34,
            "equity": 7816052,
            "current_ratio": null,
            "debt_ratio": 71.86,
            "inventory_turnover_ratio": null,
            "account_receivable_turnover_ratio": null,
            "reinvestment_rate": 0.6,
            "research_to_sale_ratio": null,
            "price_fair": 98.7,
            "eps_avg_yearly": 2.82,
            "eps_latest_yearly": 3.52,
            "eps_growth_yearly": 117.95
        },
        "20153": {
            "year_quarter": 20153,
            "year": 2015,
            "quarter": 3,
            "eps": 1.63,
            "eps_growth_year": 18.12,
            "eps_4q": 3.73,
            "eps_4q_growth_year": -3.36,
            "roe": 6.53,
            "roe_4q": 15.07,
            "gross_profit": null,
            "gross_margin": null,
            "gross_margin_4q_avg": 0,
            "net_income": 515762,
            "revenue": 3525041,
            "common_shares": 3159633,
            "book_valuer_per_share": 25.28,
            "book_valuer_per_share_4q_avg": 24.91,
            "equity": 7987192,
            "current_ratio": null,
            "debt_ratio": 71.45,
            "inventory_turnover_ratio": null,
            "account_receivable_turnover_ratio": null,
            "reinvestment_rate": 0.55,
            "research_to_sale_ratio": null,
            "price_fair": 108.24,
            "eps_avg_yearly": 3.09,
            "eps_latest_yearly": 6.52,
            "eps_growth_yearly": 119.26
        },
        "20154": {
            "year_quarter": 20154,
            "year": 2015,
            "quarter": 4,
            "eps": 0.77,
            "eps_growth_year": 46.74,
            "eps_4q": 3.99,
            "eps_4q_growth_year": 21.74,
            "roe": 2.95,
            "roe_4q": 15.81,
            "gross_profit": null,
            "gross_margin": null,
            "gross_margin_4q_avg": 0,
            "net_income": 241187,
            "revenue": 2798112,
            "common_shares": 3159633,
            "book_valuer_per_share": 26.6,
            "book_valuer_per_share_4q_avg": 25.47,
            "equity": 8371313,
            "current_ratio": null,
            "debt_ratio": 70.53,
            "inventory_turnover_ratio": null,
            "account_receivable_turnover_ratio": null,
            "reinvestment_rate": -0.27,
            "research_to_sale_ratio": null,
            "price_fair": 111.48,
            "eps_avg_yearly": 3.19,
            "eps_latest_yearly": 3.08,
            "eps_growth_yearly": 112.55
        },
        "20161": {
            "year_quarter": 20161,
            "year": 2016,
            "quarter": 1,
            "eps": 0.75,
            "eps_growth_year": 7.14,
            "eps_4q": 4.04,
            "eps_4q_growth_year": 34.24,
            "roe": 2.79,
            "roe_4q": 15.78,
            "gross_profit": null,
            "gross_margin": null,
            "gross_margin_4q_avg": 0,
            "net_income": 237127,
            "revenue": 2952732,
            "common_shares": 3159633,
            "book_valuer_per_share": 27.38,
            "book_valuer_per_share_4q_avg": 26,
            "equity": 8610843,
            "current_ratio": null,
            "debt_ratio": 72.27,
            "inventory_turnover_ratio": null,
            "account_receivable_turnover_ratio": null,
            "reinvestment_rate": -1.87,
            "research_to_sale_ratio": null,
            "price_fair": 112.61,
            "eps_avg_yearly": 3.22,
            "eps_latest_yearly": 3,
            "eps_growth_yearly": 98.15
        },
        "20162": {
            "year_quarter": 20162,
            "year": 2016,
            "quarter": 2,
            "eps": 1.04,
            "eps_growth_year": 18.18,
            "eps_4q": 4.19,
            "eps_4q_growth_year": 20.5,
            "roe": 3.91,
            "roe_4q": 16.18,
            "gross_profit": null,
            "gross_margin": null,
            "gross_margin_4q_avg": 0,
            "net_income": 327764,
            "revenue": 3328524,
            "common_shares": 3159633,
            "book_valuer_per_share": 25.92,
            "book_valuer_per_share_4q_avg": 26.3,
            "equity": 8170898,
            "current_ratio": null,
            "debt_ratio": 74.8,
            "inventory_turnover_ratio": null,
            "account_receivable_turnover_ratio": null,
            "reinvestment_rate": -3.39,
            "research_to_sale_ratio": null,
            "price_fair": 119.61,
            "eps_avg_yearly": 3.42,
            "eps_latest_yearly": 4.16,
            "eps_growth_yearly": 123.14
        },
        "20163": {
            "year_quarter": 20163,
            "year": 2016,
            "quarter": 3,
            "eps": 1.24,
            "eps_growth_year": -23.93,
            "eps_4q": 3.79,
            "eps_4q_growth_year": 1.62,
            "roe": 4.68,
            "roe_4q": 14.329999999999998,
            "gross_profit": null,
            "gross_margin": null,
            "gross_margin_4q_avg": 0,
            "net_income": 389717,
            "revenue": 3346698,
            "common_shares": 3159633,
            "book_valuer_per_share": 26.92,
            "book_valuer_per_share_4q_avg": 26.71,
            "equity": 8486066,
            "current_ratio": null,
            "debt_ratio": 72.82,
            "inventory_turnover_ratio": null,
            "account_receivable_turnover_ratio": null,
            "reinvestment_rate": -3.88,
            "research_to_sale_ratio": null,
            "price_fair": 124.25,
            "eps_avg_yearly": 3.55,
            "eps_latest_yearly": 4.96,
            "eps_growth_yearly": 78.99
        },
        "20164": {
            "year_quarter": 20164,
            "year": 2016,
            "quarter": 4,
            "eps": 0.32,
            "eps_growth_year": -57.81,
            "eps_4q": 3.35,
            "eps_4q_growth_year": -16,
            "roe": 1.2,
            "roe_4q": 12.579999999999998,
            "gross_profit": null,
            "gross_margin": null,
            "gross_margin_4q_avg": 0,
            "net_income": 101948,
            "revenue": 3139942,
            "common_shares": 3159633,
            "book_valuer_per_share": 27,
            "book_valuer_per_share_4q_avg": 26.81,
            "equity": 8511512,
            "current_ratio": null,
            "debt_ratio": 72.83,
            "inventory_turnover_ratio": null,
            "account_receivable_turnover_ratio": null,
            "reinvestment_rate": -4.1,
            "research_to_sale_ratio": null,
            "price_fair": 119.79,
            "eps_avg_yearly": 3.42,
            "eps_latest_yearly": 1.28,
            "eps_growth_yearly": 56.21
        },
        "20171": {
            "year_quarter": 20171,
            "year": 2017,
            "quarter": 1,
            "eps": 0.78,
            "eps_growth_year": 4,
            "eps_4q": 3.37,
            "eps_4q_growth_year": -16.57,
            "roe": 2.84,
            "roe_4q": 12.629999999999999,
            "gross_profit": null,
            "gross_margin": null,
            "gross_margin_4q_avg": 0,
            "net_income": 246440,
            "revenue": 3289758,
            "common_shares": 3159633,
            "book_valuer_per_share": 27.96,
            "book_valuer_per_share_4q_avg": 26.95,
            "equity": 8833203,
            "current_ratio": null,
            "debt_ratio": 71.82,
            "inventory_turnover_ratio": null,
            "account_receivable_turnover_ratio": null,
            "reinvestment_rate": -4.12,
            "research_to_sale_ratio": null,
            "price_fair": 121.54,
            "eps_avg_yearly": 3.47,
            "eps_latest_yearly": 3.12,
            "eps_growth_yearly": 99.68
        },
        "20172": {
            "year_quarter": 20172,
            "year": 2017,
            "quarter": 2,
            "eps": 1.02,
            "eps_growth_year": -1.92,
            "eps_4q": 3.36,
            "eps_4q_growth_year": -19.92,
            "roe": 3.68,
            "roe_4q": 12.399999999999999,
            "gross_profit": null,
            "gross_margin": null,
            "gross_margin_4q_avg": 0,
            "net_income": 322869,
            "revenue": 3498597,
            "common_shares": 3159633,
            "book_valuer_per_share": 27.6,
            "book_valuer_per_share_4q_avg": 27.37,
            "equity": 8721993,
            "current_ratio": null,
            "debt_ratio": 72.95,
            "inventory_turnover_ratio": null,
            "account_receivable_turnover_ratio": null,
            "reinvestment_rate": -4.13,
            "research_to_sale_ratio": null,
            "price_fair": 124.6,
            "eps_avg_yearly": 3.56,
            "eps_latest_yearly": 4.08,
            "eps_growth_yearly": 103.49
        },
        "20173": {
            "year_quarter": 20173,
            "year": 2017,
            "quarter": 3,
            "eps": 1.46,
            "eps_growth_year": 17.74,
            "eps_4q": 3.58,
            "eps_4q_growth_year": -5.51,
            "roe": 5.13,
            "roe_4q": 12.85,
            "gross_profit": null,
            "gross_margin": null,
            "gross_margin_4q_avg": 0,
            "net_income": 461208,
            "revenue": 3702188,
            "common_shares": 3159633,
            "book_valuer_per_share": 29.3,
            "book_valuer_per_share_4q_avg": 27.97,
            "equity": 9259178,
            "current_ratio": null,
            "debt_ratio": 70.46,
            "inventory_turnover_ratio": null,
            "account_receivable_turnover_ratio": null,
            "reinvestment_rate": -1.56,
            "research_to_sale_ratio": null,
            "price_fair": 131.08,
            "eps_avg_yearly": 3.75,
            "eps_latest_yearly": 5.84,
            "eps_growth_yearly": 112.41
        },
        "20174": {
            "year_quarter": 20174,
            "year": 2017,
            "quarter": 4,
            "eps": 1.06,
            "eps_growth_year": 227.25,
            "eps_4q": 4.32,
            "eps_4q_growth_year": 28.89,
            "roe": 3.51,
            "roe_4q": 15.16,
            "gross_profit": null,
            "gross_margin": null,
            "gross_margin_4q_avg": 0,
            "net_income": 334393,
            "revenue": 3467856,
            "common_shares": 3159633,
            "book_valuer_per_share": 31.06,
            "book_valuer_per_share_4q_avg": 28.98,
            "equity": 9813735,
            "current_ratio": null,
            "debt_ratio": 69.38,
            "inventory_turnover_ratio": null,
            "account_receivable_turnover_ratio": null,
            "reinvestment_rate": -1.35,
            "research_to_sale_ratio": null,
            "price_fair": 130.64,
            "eps_avg_yearly": 3.73,
            "eps_latest_yearly": 4.24,
            "eps_growth_yearly": 92.02
        },
        "20181": {
            "year_quarter": 20181,
            "year": 2018,
            "quarter": 1,
            "eps": 2.27,
            "eps_growth_year": 191.03,
            "eps_4q": 5.81,
            "eps_4q_growth_year": 72.08,
            "roe": 7.15,
            "roe_4q": 19.47,
            "gross_profit": null,
            "gross_margin": null,
            "gross_margin_4q_avg": 0,
            "net_income": 715700,
            "revenue": 3844764,
            "common_shares": 3159633,
            "book_valuer_per_share": 32.32,
            "book_valuer_per_share_4q_avg": 30.07,
            "equity": 10212390,
            "current_ratio": null,
            "debt_ratio": 68.19,
            "inventory_turnover_ratio": null,
            "account_receivable_turnover_ratio": null,
            "reinvestment_rate": -1.06,
            "research_to_sale_ratio": null,
            "price_fair": 142.01,
            "eps_avg_yearly": 4.06,
            "eps_latest_yearly": 9.08,
            "eps_growth_yearly": 123.71
        },
        "20182": {
            "year_quarter": 20182,
            "year": 2018,
            "quarter": 2,
            "eps": 0.93,
            "eps_growth_year": -8.82,
            "eps_4q": 5.71,
            "eps_4q_growth_year": 70.11,
            "roe": 2.87,
            "roe_4q": 18.66,
            "gross_profit": null,
            "gross_margin": null,
            "gross_margin_4q_avg": 0,
            "net_income": 293488,
            "revenue": 3578046,
            "common_shares": 3159633,
            "book_valuer_per_share": 32.34,
            "book_valuer_per_share_4q_avg": 31.26,
            "equity": 10216995,
            "current_ratio": null,
            "debt_ratio": 69.78,
            "inventory_turnover_ratio": null,
            "account_receivable_turnover_ratio": null,
            "reinvestment_rate": -0.85,
            "research_to_sale_ratio": null,
            "price_fair": 146.56,
            "eps_avg_yearly": 4.19,
            "eps_latest_yearly": 3.72,
            "eps_growth_yearly": 123.39
        },
        "20183": {
            "year_quarter": 20183,
            "year": 2018,
            "quarter": 3,
            "eps": 1.26,
            "eps_growth_year": -13.7,
            "eps_4q": 5.51,
            "eps_4q_growth_year": 53.72,
            "roe": 3.83,
            "roe_4q": 17.36,
            "gross_profit": null,
            "gross_margin": null,
            "gross_margin_4q_avg": 0,
            "net_income": 397219,
            "revenue": 3753115,
            "common_shares": 3159633,
            "book_valuer_per_share": 33.23,
            "book_valuer_per_share_4q_avg": 32.24,
            "equity": 10499158,
            "current_ratio": null,
            "debt_ratio": 67.87,
            "inventory_turnover_ratio": null,
            "account_receivable_turnover_ratio": null,
            "reinvestment_rate": -1.04,
            "research_to_sale_ratio": null,
            "price_fair": 145.51,
            "eps_avg_yearly": 4.16,
            "eps_latest_yearly": 5.04,
            "eps_growth_yearly": 73.11
        },
        "20184": {
            "year_quarter": 20184,
            "year": 2018,
            "quarter": 4,
            "eps": 1.15,
            "eps_growth_year": 8.84,
            "eps_4q": 5.6,
            "eps_4q_growth_year": 29.71,
            "roe": 3.45,
            "roe_4q": 17.3,
            "gross_profit": null,
            "gross_margin": null,
            "gross_margin_4q_avg": 0,
            "net_income": 363961,
            "revenue": 3573391,
            "common_shares": 3159633,
            "book_valuer_per_share": 33.52,
            "book_valuer_per_share_4q_avg": 32.85,
            "equity": 10591831,
            "current_ratio": null,
            "debt_ratio": 67.94,
            "inventory_turnover_ratio": null,
            "account_receivable_turnover_ratio": null,
            "reinvestment_rate": -0.93,
            "research_to_sale_ratio": null,
            "price_fair": 151.03,
            "eps_avg_yearly": 4.32,
            "eps_latest_yearly": 4.6,
            "eps_growth_yearly": 86.51
        },
        "20191": {
            "year_quarter": 20191,
            "year": 2019,
            "quarter": 1,
            "eps": 1.05,
            "eps_growth_year": -53.74,
            "eps_4q": 4.38,
            "eps_4q_growth_year": -24.47,
            "roe": 3.05,
            "roe_4q": 13.2,
            "gross_profit": null,
            "gross_margin": null,
            "gross_margin_4q_avg": 0,
            "net_income": 330636,
            "revenue": 3751928,
            "common_shares": 3159633,
            "book_valuer_per_share": 35.09,
            "book_valuer_per_share_4q_avg": 33.55,
            "equity": 11087043,
            "current_ratio": null,
            "debt_ratio": 67.09,
            "inventory_turnover_ratio": null,
            "account_receivable_turnover_ratio": null,
            "reinvestment_rate": -0.83,
            "research_to_sale_ratio": null,
            "price_fair": 154.09,
            "eps_avg_yearly": 4.4,
            "eps_latest_yearly": 4.2,
            "eps_growth_yearly": 75.68
        },
        "20192": {
            "year_quarter": 20192,
            "year": 2019,
            "quarter": 2,
            "eps": 0.9,
            "eps_growth_year": -3.23,
            "eps_4q": 4.36,
            "eps_4q_growth_year": -23.68,
            "roe": 2.64,
            "roe_4q": 12.97,
            "gross_profit": null,
            "gross_margin": null,
            "gross_margin_4q_avg": 0,
            "net_income": 285658,
            "revenue": 3769665,
            "common_shares": 3159633,
            "book_valuer_per_share": 33.39,
            "book_valuer_per_share_4q_avg": 33.81,
            "equity": 10550516,
            "current_ratio": null,
            "debt_ratio": 69.76,
            "inventory_turnover_ratio": null,
            "account_receivable_turnover_ratio": null,
            "reinvestment_rate": -0.69,
            "research_to_sale_ratio": null,
            "price_fair": 154.26,
            "eps_avg_yearly": 4.41,
            "eps_latest_yearly": 3.6,
            "eps_growth_yearly": 65.68
        },
        "20193": {
            "year_quarter": 20193,
            "year": 2019,
            "quarter": 3,
            "eps": 1.55,
            "eps_growth_year": 23.02,
            "eps_4q": 4.65,
            "eps_4q_growth_year": -15.56,
            "roe": 4.55,
            "roe_4q": 13.689999999999998,
            "gross_profit": null,
            "gross_margin": null,
            "gross_margin_4q_avg": 0,
            "net_income": 489750,
            "revenue": 4166460,
            "common_shares": 3159633,
            "book_valuer_per_share": 34.76,
            "book_valuer_per_share_4q_avg": 34.19,
            "equity": 10982549,
            "current_ratio": null,
            "debt_ratio": 68.32,
            "inventory_turnover_ratio": null,
            "account_receivable_turnover_ratio": null,
            "reinvestment_rate": -0.86,
            "research_to_sale_ratio": null,
            "price_fair": 153.56,
            "eps_avg_yearly": 4.39,
            "eps_latest_yearly": 6.2,
            "eps_growth_yearly": 62.43
        },
        "20194": {
            "year_quarter": 20194,
            "year": 2019,
            "quarter": 4,
            "eps": 1.44,
            "eps_growth_year": 25.29,
            "eps_4q": 4.94,
            "eps_4q_growth_year": -11.77,
            "roe": 4.03,
            "roe_4q": 14.27,
            "gross_profit": null,
            "gross_margin": null,
            "gross_margin_4q_avg": 0,
            "net_income": 456009,
            "revenue": 3843097,
            "common_shares": 3159633,
            "book_valuer_per_share": 36.95,
            "book_valuer_per_share_4q_avg": 35.05,
            "equity": 11674266,
            "current_ratio": null,
            "debt_ratio": 67.16,
            "inventory_turnover_ratio": null,
            "account_receivable_turnover_ratio": null,
            "reinvestment_rate": 1.05,
            "research_to_sale_ratio": null,
            "price_fair": 159.43,
            "eps_avg_yearly": 4.56,
            "eps_latest_yearly": 5.76,
            "eps_growth_yearly": 73.85
        },
        "20201": {
            "year_quarter": 20201,
            "year": 2020,
            "quarter": 1,
            "eps": 0.66,
            "eps_growth_year": -37.14,
            "eps_4q": 4.56,
            "eps_4q_growth_year": 3.99,
            "roe": 1.82,
            "roe_4q": 13.040000000000001,
            "gross_profit": null,
            "gross_margin": null,
            "gross_margin_4q_avg": 0,
            "net_income": 208900,
            "revenue": 3652042,
            "common_shares": 3159633,
            "book_valuer_per_share": 35.86,
            "book_valuer_per_share_4q_avg": 35.24,
            "equity": 11327249,
            "current_ratio": null,
            "debt_ratio": 67.72,
            "inventory_turnover_ratio": null,
            "account_receivable_turnover_ratio": null,
            "reinvestment_rate": 0.86,
            "research_to_sale_ratio": null,
            "price_fair": 158.64,
            "eps_avg_yearly": 4.53,
            "eps_latest_yearly": 2.64,
            "eps_growth_yearly": 60.95
        },
        "20202": {
            "year_quarter": 20202,
            "year": 2020,
            "quarter": 2,
            "eps": 1.53,
            "eps_growth_year": 70,
            "eps_4q": 5.18,
            "eps_4q_growth_year": 18.86,
            "roe": 4.18,
            "roe_4q": 14.580000000000002,
            "gross_profit": null,
            "gross_margin": null,
            "gross_margin_4q_avg": 0,
            "net_income": 482314,
            "revenue": 4073086,
            "common_shares": 3159633,
            "book_valuer_per_share": 37.26,
            "book_valuer_per_share_4q_avg": 36.21,
            "equity": 11769358,
            "current_ratio": null,
            "debt_ratio": 67.88,
            "inventory_turnover_ratio": null,
            "account_receivable_turnover_ratio": null,
            "reinvestment_rate": 1.01,
            "research_to_sale_ratio": null,
            "price_fair": 162.93,
            "eps_avg_yearly": 4.66,
            "eps_latest_yearly": 6.12,
            "eps_growth_yearly": 84.24
        },
        "20203": {
            "year_quarter": 20203,
            "year": 2020,
            "quarter": 3,
            "eps": 1.71,
            "eps_growth_year": 10.32,
            "eps_4q": 5.35,
            "eps_4q_growth_year": 14.89,
            "roe": 4.5,
            "roe_4q": 14.530000000000001,
            "gross_profit": null,
            "gross_margin": null,
            "gross_margin_4q_avg": 0,
            "net_income": 541699,
            "revenue": 4425063,
            "common_shares": 3159633,
            "book_valuer_per_share": 38.88,
            "book_valuer_per_share_4q_avg": 37.24,
            "equity": 12285239,
            "current_ratio": null,
            "debt_ratio": 66.45,
            "inventory_turnover_ratio": null,
            "account_receivable_turnover_ratio": null,
            "reinvestment_rate": 0.87,
            "research_to_sale_ratio": null,
            "price_fair": 167.04,
            "eps_avg_yearly": 4.77,
            "eps_latest_yearly": 6.84,
            "eps_growth_yearly": 82.37
        },
        "20204": {
            "year_quarter": 20204,
            "year": 2020,
            "quarter": 4,
            "eps": 1.26,
            "eps_growth_year": -12.98,
            "eps_4q": 5.16,
            "eps_4q_growth_year": 4.33,
            "roe": 3.11,
            "roe_4q": 13.61,
            "gross_profit": null,
            "gross_margin": null,
            "gross_margin_4q_avg": 0,
            "net_income": 396811,
            "revenue": 4359923,
            "common_shares": 3159633,
            "book_valuer_per_share": 41.85,
            "book_valuer_per_share_4q_avg": 38.46,
            "equity": 13223700,
            "current_ratio": null,
            "debt_ratio": 66.5,
            "inventory_turnover_ratio": null,
            "account_receivable_turnover_ratio": null,
            "reinvestment_rate": 0.71,
            "research_to_sale_ratio": null,
            "price_fair": 175.26,
            "eps_avg_yearly": 5.01,
            "eps_latest_yearly": 5.04,
            "eps_growth_yearly": 94.34
        },
        "20211": {
            "year_quarter": 20211,
            "year": 2021,
            "quarter": 1,
            "eps": 1.49,
            "eps_growth_year": 125.76,
            "eps_4q": 5.99,
            "eps_4q_growth_year": 31.42,
            "roe": 3.48,
            "roe_4q": 15.27,
            "gross_profit": null,
            "gross_margin": null,
            "gross_margin_4q_avg": 0,
            "net_income": 472289,
            "revenue": 4478627,
            "common_shares": 3159633,
            "book_valuer_per_share": 43.99,
            "book_valuer_per_share_4q_avg": 40.5,
            "equity": 13898951,
            "current_ratio": null,
            "debt_ratio": 66.53,
            "inventory_turnover_ratio": null,
            "account_receivable_turnover_ratio": null,
            "reinvestment_rate": 0.76,
            "research_to_sale_ratio": null,
            "price_fair": 181.48,
            "eps_avg_yearly": 5.19,
            "eps_latest_yearly": 5.96,
            "eps_growth_yearly": 62.97
        },
        "20212": {
            "year_quarter": 20212,
            "year": 2021,
            "quarter": 2,
            "eps": 1.95,
            "eps_growth_year": 27.45,
            "eps_4q": 6.42,
            "eps_4q_growth_year": 23.84,
            "roe": 4.32,
            "roe_4q": 15.41,
            "gross_profit": null,
            "gross_margin": null,
            "gross_margin_4q_avg": 0,
            "net_income": 616810,
            "revenue": 4565335,
            "common_shares": 3159633,
            "book_valuer_per_share": 46.4,
            "book_valuer_per_share_4q_avg": 42.78,
            "equity": 14662206,
            "current_ratio": null,
            "debt_ratio": 65.44,
            "inventory_turnover_ratio": null,
            "account_receivable_turnover_ratio": null,
            "reinvestment_rate": 1.88,
            "research_to_sale_ratio": null,
            "price_fair": 189.61,
            "eps_avg_yearly": 5.42,
            "eps_latest_yearly": 7.8,
            "eps_growth_yearly": 63
        },
        "20213": {
            "year_quarter": 20213,
            "year": 2021,
            "quarter": 3,
            "eps": 2.05,
            "eps_growth_year": 19.88,
            "eps_4q": 6.75,
            "eps_4q_growth_year": 26.36,
            "roe": 4.45,
            "roe_4q": 15.36,
            "gross_profit": null,
            "gross_margin": null,
            "gross_margin_4q_avg": 0,
            "net_income": 648159,
            "revenue": 4714963,
            "common_shares": 3159633,
            "book_valuer_per_share": 45.72,
            "book_valuer_per_share_4q_avg": 44.49,
            "equity": 14444267,
            "current_ratio": null,
            "debt_ratio": 66.28,
            "inventory_turnover_ratio": null,
            "account_receivable_turnover_ratio": null,
            "reinvestment_rate": 3.81,
            "research_to_sale_ratio": null,
            "price_fair": 194.78,
            "eps_avg_yearly": 5.57,
            "eps_latest_yearly": 8.2,
            "eps_growth_yearly": 53.49
        },
        "20214": {
            "year_quarter": 20214,
            "year": 2021,
            "quarter": 4,
            "eps": 1.64,
            "eps_growth_year": 30.22,
            "eps_4q": 7.13,
            "eps_4q_growth_year": 38.31,
            "roe": 3.48,
            "roe_4q": 15.73,
            "gross_profit": null,
            "gross_margin": null,
            "gross_margin_4q_avg": 0,
            "net_income": 516735,
            "revenue": 4705132,
            "common_shares": 3159633,
            "book_valuer_per_share": 48.29,
            "book_valuer_per_share_4q_avg": 46.1,
            "equity": 15257232,
            "current_ratio": null,
            "debt_ratio": 65.23,
            "inventory_turnover_ratio": null,
            "account_receivable_turnover_ratio": null,
            "reinvestment_rate": 3.89,
            "research_to_sale_ratio": null,
            "price_fair": 199.85,
            "eps_avg_yearly": 5.71,
            "eps_latest_yearly": 6.56,
            "eps_growth_yearly": 55.34
        },
        "20221": {
            "year_quarter": 20221,
            "year": 2022,
            "quarter": 1,
            "eps": 1.8,
            "eps_growth_year": 20.81,
            "eps_4q": 7.43,
            "eps_4q_growth_year": 24.08,
            "roe": 3.68,
            "roe_4q": 15.93,
            "gross_profit": null,
            "gross_margin": null,
            "gross_margin_4q_avg": 0,
            "net_income": 567269,
            "revenue": 4674172,
            "common_shares": 3159633,
            "book_valuer_per_share": 49.42,
            "book_valuer_per_share_4q_avg": 47.46,
            "equity": 15613814,
            "current_ratio": null,
            "debt_ratio": 64.69,
            "inventory_turnover_ratio": null,
            "account_receivable_turnover_ratio": null,
            "reinvestment_rate": 3.67,
            "research_to_sale_ratio": null,
            "price_fair": 195.74,
            "eps_avg_yearly": 5.59,
            "eps_latest_yearly": 7.2,
            "eps_growth_yearly": 29.24
        },
        "20222": {
            "year_quarter": 20222,
            "year": 2022,
            "quarter": 2,
            "eps": 1.2,
            "eps_growth_year": -38.46,
            "eps_4q": 6.69,
            "eps_4q_growth_year": 4.2,
            "roe": 2.56,
            "roe_4q": 14.170000000000002,
            "gross_profit": null,
            "gross_margin": null,
            "gross_margin_4q_avg": 0,
            "net_income": 380542,
            "revenue": 4575341,
            "common_shares": 3159633,
            "book_valuer_per_share": 44.74,
            "book_valuer_per_share_4q_avg": 47.04,
            "equity": 14136408,
            "current_ratio": null,
            "debt_ratio": 68.26,
            "inventory_turnover_ratio": null,
            "account_receivable_turnover_ratio": null,
            "reinvestment_rate": 3.63,
            "research_to_sale_ratio": null,
            "price_fair": 198.1,
            "eps_avg_yearly": 5.66,
            "eps_latest_yearly": 4.8,
            "eps_growth_yearly": 35.67
        },
        "20223": {
            "year_quarter": 20223,
            "year": 2022,
            "quarter": 3,
            "eps": 1.78,
            "eps_growth_year": -13.17,
            "eps_4q": 6.42,
            "eps_4q_growth_year": -4.96,
            "roe": 3.95,
            "roe_4q": 13.67,
            "gross_profit": null,
            "gross_margin": null,
            "gross_margin_4q_avg": 0,
            "net_income": 563568,
            "revenue": 4872712,
            "common_shares": 3159633,
            "book_valuer_per_share": 45.48,
            "book_valuer_per_share_4q_avg": 46.98,
            "equity": 14371386,
            "current_ratio": null,
            "debt_ratio": 67.44,
            "inventory_turnover_ratio": null,
            "account_receivable_turnover_ratio": null,
            "reinvestment_rate": 3.82,
            "research_to_sale_ratio": null,
            "price_fair": 202.65,
            "eps_avg_yearly": 5.79,
            "eps_latest_yearly": 7.12,
            "eps_growth_yearly": 38.88
        },
        "20224": {
            "year_quarter": 20224,
            "year": 2022,
            "quarter": 4,
            "eps": 1.56,
            "eps_growth_year": -4.75,
            "eps_4q": 6.34,
            "eps_4q_growth_year": -11.11,
            "roe": 3.35,
            "roe_4q": 13.540000000000001,
            "gross_profit": null,
            "gross_margin": null,
            "gross_margin_4q_avg": 0,
            "net_income": 492191,
            "revenue": 4808381,
            "common_shares": 3159633,
            "book_valuer_per_share": 47.57,
            "book_valuer_per_share_4q_avg": 46.8,
            "equity": 15029955,
            "current_ratio": null,
            "debt_ratio": 65.84,
            "inventory_turnover_ratio": null,
            "account_receivable_turnover_ratio": null,
            "reinvestment_rate": 1.64,
            "research_to_sale_ratio": null,
            "price_fair": 206.24,
            "eps_avg_yearly": 5.89,
            "eps_latest_yearly": 6.24,
            "eps_growth_yearly": 37.97
        },
        "20231": {
            "year_quarter": 20231,
            "year": 2023,
            "quarter": 1,
            "eps": 1.43,
            "eps_growth_year": -20.56,
            "eps_4q": 5.98,
            "eps_4q_growth_year": -19.57,
            "roe": 2.93,
            "roe_4q": 12.790000000000001,
            "gross_profit": null,
            "gross_margin": null,
            "gross_margin_4q_avg": 0,
            "net_income": 453074,
            "revenue": 4694714,
            "common_shares": 3159633,
            "book_valuer_per_share": 50.19,
            "book_valuer_per_share_4q_avg": 47,
            "equity": 15857426,
            "current_ratio": null,
            "debt_ratio": 64.81,
            "inventory_turnover_ratio": null,
            "account_receivable_turnover_ratio": null,
            "reinvestment_rate": 1.74,
            "research_to_sale_ratio": null,
            "price_fair": 209.56,
            "eps_avg_yearly": 5.99,
            "eps_latest_yearly": 5.72,
            "eps_growth_yearly": 38.06
        },
        "20232": {
            "year_quarter": 20232,
            "year": 2023,
            "quarter": 2,
            "eps": 2.28,
            "eps_growth_year": 90,
            "eps_4q": 7.05,
            "eps_4q_growth_year": 5.4,
            "roe": 4.52,
            "roe_4q": 14.75,
            "gross_profit": null,
            "gross_margin": null,
            "gross_margin_4q_avg": 0,
            "net_income": 717990,
            "revenue": 5059244,
            "common_shares": 3159633,
            "book_valuer_per_share": 50.28,
            "book_valuer_per_share_4q_avg": 48.38,
            "equity": 15886036,
            "current_ratio": null,
            "debt_ratio": 66.82,
            "inventory_turnover_ratio": null,
            "account_receivable_turnover_ratio": null,
            "reinvestment_rate": 1.62,
            "research_to_sale_ratio": null,
            "price_fair": 221.64,
            "eps_avg_yearly": 6.33,
            "eps_latest_yearly": 9.12,
            "eps_growth_yearly": 56.5
        }
    },
    "months": {
        "2001-06": {
            "month": "2001-06",
            "price": "11.60",
            "revenue": 953113
        },
        "2001-07": {
            "month": "2001-07",
            "price": "8.99",
            "revenue": 1042830
        },
        "2001-08": {
            "month": "2001-08",
            "price": "9.09",
            "revenue": 970918
        },
        "2001-09": {
            "month": "2001-09",
            "price": "8.64",
            "revenue": 2088636
        },
        "2001-10": {
            "month": "2001-10",
            "price": "9.17",
            "revenue": 661997
        },
        "2001-11": {
            "month": "2001-11",
            "price": "9.15",
            "revenue": 1057702
        },
        "2001-12": {
            "month": "2001-12",
            "price": "10.20",
            "revenue": 1624094
        },
        "2002-01": {
            "month": "2002-01",
            "price": "9.83",
            "revenue": 1417981
        },
        "2002-02": {
            "month": "2002-02",
            "price": "9.79",
            "revenue": 1240458
        },
        "2002-03": {
            "month": "2002-03",
            "price": "9.98",
            "revenue": 991300
        },
        "2002-04": {
            "month": "2002-04",
            "price": "11.21",
            "revenue": 821713
        },
        "2002-05": {
            "month": "2002-05",
            "price": "10.40",
            "revenue": 1451214
        },
        "2002-06": {
            "month": "2002-06",
            "price": "10.26",
            "revenue": 928826
        },
        "2002-07": {
            "month": "2002-07",
            "price": "9.67",
            "revenue": 1336703
        },
        "2002-08": {
            "month": "2002-08",
            "price": "8.14",
            "revenue": 1083929
        },
        "2002-09": {
            "month": "2002-09",
            "price": "7.34",
            "revenue": 1137110
        },
        "2002-10": {
            "month": "2002-10",
            "price": "6.98",
            "revenue": 1168296
        },
        "2002-11": {
            "month": "2002-11",
            "price": "7.18",
            "revenue": 1100531
        },
        "2002-12": {
            "month": "2002-12",
            "price": "7.37",
            "revenue": 1268903
        },
        "2003-01": {
            "month": "2003-01",
            "price": "8.84",
            "revenue": 1601792
        },
        "2003-02": {
            "month": "2003-02",
            "price": "8.91",
            "revenue": 1012681
        },
        "2003-03": {
            "month": "2003-03",
            "price": "8.41",
            "revenue": 1431057
        },
        "2003-04": {
            "month": "2003-04",
            "price": "8.29",
            "revenue": 1160307
        },
        "2003-05": {
            "month": "2003-05",
            "price": "7.61",
            "revenue": 1113486
        },
        "2003-06": {
            "month": "2003-06",
            "price": "8.34",
            "revenue": 1161580
        },
        "2003-07": {
            "month": "2003-07",
            "price": "9.34",
            "revenue": 1504617
        },
        "2003-08": {
            "month": "2003-08",
            "price": "10.47",
            "revenue": 1161057
        },
        "2003-09": {
            "month": "2003-09",
            "price": "12.10",
            "revenue": 1088895
        },
        "2003-10": {
            "month": "2003-10",
            "price": "13.40",
            "revenue": 1186265
        },
        "2003-11": {
            "month": "2003-11",
            "price": "14.57",
            "revenue": 1056044
        },
        "2003-12": {
            "month": "2003-12",
            "price": "14.25",
            "revenue": 1170017
        },
        "2004-01": {
            "month": "2004-01",
            "price": "15.62",
            "revenue": 2866097
        },
        "2004-02": {
            "month": "2004-02",
            "price": "19.84",
            "revenue": 1108891
        },
        "2004-03": {
            "month": "2004-03",
            "price": "24.17",
            "revenue": 1102510
        },
        "2004-04": {
            "month": "2004-04",
            "price": "23.41",
            "revenue": 1101691
        },
        "2004-05": {
            "month": "2004-05",
            "price": "18.05",
            "revenue": 1047888
        },
        "2004-06": {
            "month": "2004-06",
            "price": "18.51",
            "revenue": 1147695
        },
        "2004-07": {
            "month": "2004-07",
            "price": "17.10",
            "revenue": 1256782
        },
        "2004-08": {
            "month": "2004-08",
            "price": "14.86",
            "revenue": 1224424
        },
        "2004-09": {
            "month": "2004-09",
            "price": "17.72",
            "revenue": 1084319
        },
        "2004-10": {
            "month": "2004-10",
            "price": "18.36",
            "revenue": 1015380
        },
        "2004-11": {
            "month": "2004-11",
            "price": "18.02",
            "revenue": 1127095
        },
        "2004-12": {
            "month": "2004-12",
            "price": "17.41",
            "revenue": 1146320
        },
        "2005-01": {
            "month": "2005-01",
            "price": "17.80",
            "revenue": 3387461
        },
        "2005-02": {
            "month": "2005-02",
            "price": "17.77",
            "revenue": 1036241
        },
        "2005-03": {
            "month": "2005-03",
            "price": "17.13",
            "revenue": 1273195
        },
        "2005-04": {
            "month": "2005-04",
            "price": "15.74",
            "revenue": 1122076
        },
        "2005-05": {
            "month": "2005-05",
            "price": "15.12",
            "revenue": 1718422
        },
        "2005-06": {
            "month": "2005-06",
            "price": "15.92",
            "revenue": 1207122
        },
        "2005-07": {
            "month": "2005-07",
            "price": "16.47",
            "revenue": 1456668
        },
        "2005-08": {
            "month": "2005-08",
            "price": "15.17",
            "revenue": 1149821
        },
        "2005-09": {
            "month": "2005-09",
            "price": "14.01",
            "revenue": 1239977
        },
        "2005-10": {
            "month": "2005-10",
            "price": "13.02",
            "revenue": 1181811
        },
        "2005-11": {
            "month": "2005-11",
            "price": "12.93",
            "revenue": 1146030
        },
        "2005-12": {
            "month": "2005-12",
            "price": "13.21",
            "revenue": 1495475
        },
        "2006-01": {
            "month": "2006-01",
            "price": "13.29",
            "revenue": 3835904
        },
        "2006-02": {
            "month": "2006-02",
            "price": "13.63",
            "revenue": 1218017
        },
        "2006-03": {
            "month": "2006-03",
            "price": "12.93",
            "revenue": 1505609
        },
        "2006-04": {
            "month": "2006-04",
            "price": "14.15",
            "revenue": 1327341
        },
        "2006-05": {
            "month": "2006-05",
            "price": "16.62",
            "revenue": 1267372
        },
        "2006-06": {
            "month": "2006-06",
            "price": "15.12",
            "revenue": 1369383
        },
        "2006-07": {
            "month": "2006-07",
            "price": "14.70",
            "revenue": 1333931
        },
        "2006-08": {
            "month": "2006-08",
            "price": "13.55",
            "revenue": 1259045
        },
        "2006-09": {
            "month": "2006-09",
            "price": "13.57",
            "revenue": 1356299
        },
        "2006-10": {
            "month": "2006-10",
            "price": "16.10",
            "revenue": 1233062
        },
        "2006-11": {
            "month": "2006-11",
            "price": "17.36",
            "revenue": 1199250
        },
        "2006-12": {
            "month": "2006-12",
            "price": "17.70",
            "revenue": 1397281
        },
        "2007-01": {
            "month": "2007-01",
            "price": "18.48",
            "revenue": 4038523
        },
        "2007-02": {
            "month": "2007-02",
            "price": "17.88",
            "revenue": 1118851
        },
        "2007-03": {
            "month": "2007-03",
            "price": "16.91",
            "revenue": 1464473
        },
        "2007-04": {
            "month": "2007-04",
            "price": "17.64",
            "revenue": 1286100
        },
        "2007-05": {
            "month": "2007-05",
            "price": "17.72",
            "revenue": 1289674
        },
        "2007-06": {
            "month": "2007-06",
            "price": "19.82",
            "revenue": 1332262
        },
        "2007-07": {
            "month": "2007-07",
            "price": "22.04",
            "revenue": 1372628
        },
        "2007-08": {
            "month": "2007-08",
            "price": "19.21",
            "revenue": 1331239
        },
        "2007-09": {
            "month": "2007-09",
            "price": "19.24",
            "revenue": 1342702
        },
        "2007-10": {
            "month": "2007-10",
            "price": "20.31",
            "revenue": 1311063
        },
        "2007-11": {
            "month": "2007-11",
            "price": "18.74",
            "revenue": 1267691
        },
        "2007-12": {
            "month": "2007-12",
            "price": "17.18",
            "revenue": 1383938
        },
        "2008-01": {
            "month": "2008-01",
            "price": "17.47",
            "revenue": 4535473
        },
        "2008-02": {
            "month": "2008-02",
            "price": "17.50",
            "revenue": 1108910
        },
        "2008-03": {
            "month": "2008-03",
            "price": "18.23",
            "revenue": 1686317
        },
        "2008-04": {
            "month": "2008-04",
            "price": "19.07",
            "revenue": 1274191
        },
        "2008-05": {
            "month": "2008-05",
            "price": "19.07",
            "revenue": 1518912
        },
        "2008-06": {
            "month": "2008-06",
            "price": "17.72",
            "revenue": 1284426
        },
        "2008-07": {
            "month": "2008-07",
            "price": "15.66",
            "revenue": 1366110
        },
        "2008-08": {
            "month": "2008-08",
            "price": "15.11",
            "revenue": 1209390
        },
        "2008-09": {
            "month": "2008-09",
            "price": "13.24",
            "revenue": 1281391
        },
        "2008-10": {
            "month": "2008-10",
            "price": "9.22",
            "revenue": 1180976
        },
        "2008-11": {
            "month": "2008-11",
            "price": "8.60",
            "revenue": 1272566
        },
        "2008-12": {
            "month": "2008-12",
            "price": "9.03",
            "revenue": 1565123
        },
        "2009-01": {
            "month": "2009-01",
            "price": "9.14",
            "revenue": 5173241
        },
        "2009-02": {
            "month": "2009-02",
            "price": "9.00",
            "revenue": 1268056
        },
        "2009-03": {
            "month": "2009-03",
            "price": "9.74",
            "revenue": 1217043
        },
        "2009-04": {
            "month": "2009-04",
            "price": "11.08",
            "revenue": 1206560
        },
        "2009-05": {
            "month": "2009-05",
            "price": "12.18",
            "revenue": 1198142
        },
        "2009-06": {
            "month": "2009-06",
            "price": "11.94",
            "revenue": 1783279
        },
        "2009-07": {
            "month": "2009-07",
            "price": "12.08",
            "revenue": 1182836
        },
        "2009-08": {
            "month": "2009-08",
            "price": "11.48",
            "revenue": 1101588
        },
        "2009-09": {
            "month": "2009-09",
            "price": "14.36",
            "revenue": 1283740
        },
        "2009-10": {
            "month": "2009-10",
            "price": "16.90",
            "revenue": 1127206
        },
        "2009-11": {
            "month": "2009-11",
            "price": "17.34",
            "revenue": 922201
        },
        "2009-12": {
            "month": "2009-12",
            "price": "17.36",
            "revenue": 2279548
        },
        "2010-01": {
            "month": "2010-01",
            "price": "19.97",
            "revenue": 6291148
        },
        "2010-02": {
            "month": "2010-02",
            "price": "20.50",
            "revenue": 925508
        },
        "2010-03": {
            "month": "2010-03",
            "price": "24.18",
            "revenue": 2494879
        },
        "2010-04": {
            "month": "2010-04",
            "price": "27.92",
            "revenue": 1256319
        },
        "2010-05": {
            "month": "2010-05",
            "price": "29.41",
            "revenue": 1181928
        },
        "2010-06": {
            "month": "2010-06",
            "price": "28.87",
            "revenue": 1132063
        },
        "2010-07": {
            "month": "2010-07",
            "price": "29.12",
            "revenue": 1454025
        },
        "2010-08": {
            "month": "2010-08",
            "price": "27.02",
            "revenue": 1113929
        },
        "2010-09": {
            "month": "2010-09",
            "price": "26.35",
            "revenue": 1114479
        },
        "2010-10": {
            "month": "2010-10",
            "price": "25.17",
            "revenue": 1449607
        },
        "2010-11": {
            "month": "2010-11",
            "price": "25.49",
            "revenue": 1010392
        },
        "2010-12": {
            "month": "2010-12",
            "price": "26.90",
            "revenue": 1463202
        },
        "2011-01": {
            "month": "2011-01",
            "price": "28.14",
            "revenue": 1682774
        },
        "2011-02": {
            "month": "2011-02",
            "price": "27.31",
            "revenue": -164062
        },
        "2011-03": {
            "month": "2011-03",
            "price": "25.41",
            "revenue": 614541
        },
        "2011-04": {
            "month": "2011-04",
            "price": "23.91",
            "revenue": 746211
        },
        "2011-05": {
            "month": "2011-05",
            "price": "23.39",
            "revenue": 799575
        },
        "2011-06": {
            "month": "2011-06",
            "price": "22.29",
            "revenue": 701489
        },
        "2011-07": {
            "month": "2011-07",
            "price": "21.15",
            "revenue": 820805
        },
        "2011-08": {
            "month": "2011-08",
            "price": "17.80",
            "revenue": 673394
        },
        "2011-09": {
            "month": "2011-09",
            "price": "17.51",
            "revenue": 749719
        },
        "2011-10": {
            "month": "2011-10",
            "price": "17.33",
            "revenue": 784368
        },
        "2011-11": {
            "month": "2011-11",
            "price": "16.70",
            "revenue": 685470
        },
        "2011-12": {
            "month": "2011-12",
            "price": "15.23",
            "revenue": 732083
        },
        "2012-01": {
            "month": "2012-01",
            "price": "15.16",
            "revenue": 698805
        },
        "2012-02": {
            "month": "2012-02",
            "price": "17.05",
            "revenue": 760545
        },
        "2012-03": {
            "month": "2012-03",
            "price": "18.18",
            "revenue": 778010
        },
        "2012-04": {
            "month": "2012-04",
            "price": "19.05",
            "revenue": 661702
        },
        "2012-05": {
            "month": "2012-05",
            "price": "19.73",
            "revenue": 741617
        },
        "2012-06": {
            "month": "2012-06",
            "price": "19.43",
            "revenue": 833982
        },
        "2012-07": {
            "month": "2012-07",
            "price": "20.57",
            "revenue": 820602
        },
        "2012-08": {
            "month": "2012-08",
            "price": "19.74",
            "revenue": 809001
        },
        "2012-09": {
            "month": "2012-09",
            "price": "19.17",
            "revenue": 765211
        },
        "2012-10": {
            "month": "2012-10",
            "price": "19.09",
            "revenue": 746968
        },
        "2012-11": {
            "month": "2012-11",
            "price": "19.05",
            "revenue": 785977
        },
        "2012-12": {
            "month": "2012-12",
            "price": "19.62",
            "revenue": 875912
        },
        "2013-01": {
            "month": "2013-01",
            "price": "20.26",
            "revenue": 829469
        },
        "2013-02": {
            "month": "2013-02",
            "price": "20.88",
            "revenue": 677032
        },
        "2013-03": {
            "month": "2013-03",
            "price": "20.74",
            "revenue": 854628
        },
        "2013-04": {
            "month": "2013-04",
            "price": "21.43",
            "revenue": 744737
        },
        "2013-05": {
            "month": "2013-05",
            "price": "22.78",
            "revenue": 857118
        },
        "2013-06": {
            "month": "2013-06",
            "price": "22.32",
            "revenue": 899180
        },
        "2013-07": {
            "month": "2013-07",
            "price": "22.51",
            "revenue": 908089
        },
        "2013-08": {
            "month": "2013-08",
            "price": "21.45",
            "revenue": 838929
        },
        "2013-09": {
            "month": "2013-09",
            "price": "21.84",
            "revenue": 803676
        },
        "2013-10": {
            "month": "2013-10",
            "price": "22.64",
            "revenue": 874440
        },
        "2013-11": {
            "month": "2013-11",
            "price": "23.33",
            "revenue": 899308
        },
        "2013-12": {
            "month": "2013-12",
            "price": "23.94",
            "revenue": 862983
        },
        "2014-01": {
            "month": "2014-01",
            "price": "24.12",
            "revenue": 930490
        },
        "2014-02": {
            "month": "2014-02",
            "price": "24.51",
            "revenue": 828768
        },
        "2014-03": {
            "month": "2014-03",
            "price": "24.50",
            "revenue": 1046193
        },
        "2014-04": {
            "month": "2014-04",
            "price": "23.76",
            "revenue": 805577
        },
        "2014-05": {
            "month": "2014-05",
            "price": "23.93",
            "revenue": 931151
        },
        "2014-06": {
            "month": "2014-06",
            "price": "24.72",
            "revenue": 934590
        },
        "2014-07": {
            "month": "2014-07",
            "price": "24.83",
            "revenue": 1015164
        },
        "2014-08": {
            "month": "2014-08",
            "price": "24.79",
            "revenue": 994259
        },
        "2014-09": {
            "month": "2014-09",
            "price": "24.31",
            "revenue": 874365
        },
        "2014-10": {
            "month": "2014-10",
            "price": "22.96",
            "revenue": 884206
        },
        "2014-11": {
            "month": "2014-11",
            "price": "23.48",
            "revenue": 934697
        },
        "2014-12": {
            "month": "2014-12",
            "price": "24.67",
            "revenue": 882238
        },
        "2015-01": {
            "month": "2015-01",
            "price": "24.83",
            "revenue": 832757
        },
        "2015-02": {
            "month": "2015-02",
            "price": "24.75",
            "revenue": 853170
        },
        "2015-03": {
            "month": "2015-03",
            "price": "24.62",
            "revenue": 1014507
        },
        "2015-04": {
            "month": "2015-04",
            "price": "24.44",
            "revenue": 819907
        },
        "2015-05": {
            "month": "2015-05",
            "price": "24.11",
            "revenue": 1060368
        },
        "2015-06": {
            "month": "2015-06",
            "price": "22.98",
            "revenue": 1051783
        },
        "2015-07": {
            "month": "2015-07",
            "price": "22.52",
            "revenue": 1286022
        },
        "2015-08": {
            "month": "2015-08",
            "price": "20.82",
            "revenue": 1166811
        },
        "2015-09": {
            "month": "2015-09",
            "price": "21.09",
            "revenue": 1072553
        },
        "2015-10": {
            "month": "2015-10",
            "price": "21.81",
            "revenue": 968689
        },
        "2015-11": {
            "month": "2015-11",
            "price": "23.19",
            "revenue": 1001153
        },
        "2015-12": {
            "month": "2015-12",
            "price": "23.12",
            "revenue": 828270
        },
        "2016-01": {
            "month": "2016-01",
            "price": "22.26",
            "revenue": 1068307
        },
        "2016-02": {
            "month": "2016-02",
            "price": "22.32",
            "revenue": 903791
        },
        "2016-03": {
            "month": "2016-03",
            "price": "23.62",
            "revenue": 980634
        },
        "2016-04": {
            "month": "2016-04",
            "price": "23.83",
            "revenue": 1018270
        },
        "2016-05": {
            "month": "2016-05",
            "price": "23.80",
            "revenue": 980593
        },
        "2016-06": {
            "month": "2016-06",
            "price": "23.98",
            "revenue": 1329661
        },
        "2016-07": {
            "month": "2016-07",
            "price": "23.70",
            "revenue": 1142675
        },
        "2016-08": {
            "month": "2016-08",
            "price": "23.86",
            "revenue": 1151830
        },
        "2016-09": {
            "month": "2016-09",
            "price": "24.14",
            "revenue": 1052193
        },
        "2016-10": {
            "month": "2016-10",
            "price": "23.93",
            "revenue": 1087124
        },
        "2016-11": {
            "month": "2016-11",
            "price": "24.61",
            "revenue": 1059199
        },
        "2016-12": {
            "month": "2016-12",
            "price": "26.51",
            "revenue": 993620
        },
        "2017-01": {
            "month": "2017-01",
            "price": "26.41",
            "revenue": 1038931
        },
        "2017-02": {
            "month": "2017-02",
            "price": "26.61",
            "revenue": 1050394
        },
        "2017-03": {
            "month": "2017-03",
            "price": "26.23",
            "revenue": 1200433
        },
        "2017-04": {
            "month": "2017-04",
            "price": "25.39",
            "revenue": 1085202
        },
        "2017-05": {
            "month": "2017-05",
            "price": "25.73",
            "revenue": 1181918
        },
        "2017-06": {
            "month": "2017-06",
            "price": "26.21",
            "revenue": 1231477
        },
        "2017-07": {
            "month": "2017-07",
            "price": "25.76",
            "revenue": 1288419
        },
        "2017-08": {
            "month": "2017-08",
            "price": "25.77",
            "revenue": 1257934
        },
        "2017-09": {
            "month": "2017-09",
            "price": "26.24",
            "revenue": 1155835
        },
        "2017-10": {
            "month": "2017-10",
            "price": "26.23",
            "revenue": 1176080
        },
        "2017-11": {
            "month": "2017-11",
            "price": "27.72",
            "revenue": 1142829
        },
        "2017-12": {
            "month": "2017-12",
            "price": "28.76",
            "revenue": 1148947
        },
        "2018-01": {
            "month": "2018-01",
            "price": "29.29",
            "revenue": 1566674
        },
        "2018-02": {
            "month": "2018-02",
            "price": "29.13",
            "revenue": 1055009
        },
        "2018-03": {
            "month": "2018-03",
            "price": "30.48",
            "revenue": 1223081
        },
        "2018-04": {
            "month": "2018-04",
            "price": "32.73",
            "revenue": 1142575
        },
        "2018-05": {
            "month": "2018-05",
            "price": "34.66",
            "revenue": 1200466
        },
        "2018-06": {
            "month": "2018-06",
            "price": "36.48",
            "revenue": 1235005
        },
        "2018-07": {
            "month": "2018-07",
            "price": "35.18",
            "revenue": 1352289
        },
        "2018-08": {
            "month": "2018-08",
            "price": "36.70",
            "revenue": 1273801
        },
        "2018-09": {
            "month": "2018-09",
            "price": "40.14",
            "revenue": 1127025
        },
        "2018-10": {
            "month": "2018-10",
            "price": "37.13",
            "revenue": 1256483
        },
        "2018-11": {
            "month": "2018-11",
            "price": "36.08",
            "revenue": 1244122
        },
        "2018-12": {
            "month": "2018-12",
            "price": "35.04",
            "revenue": 1072786
        },
        "2019-01": {
            "month": "2019-01",
            "price": "35.33",
            "revenue": 1311523
        },
        "2019-02": {
            "month": "2019-02",
            "price": "36.21",
            "revenue": 1225046
        },
        "2019-03": {
            "month": "2019-03",
            "price": "37.24",
            "revenue": 1215359
        },
        "2019-04": {
            "month": "2019-04",
            "price": "38.88",
            "revenue": 1254117
        },
        "2019-05": {
            "month": "2019-05",
            "price": "39.34",
            "revenue": 1255780
        },
        "2019-06": {
            "month": "2019-06",
            "price": "39.85",
            "revenue": 1259768
        },
        "2019-07": {
            "month": "2019-07",
            "price": "38.35",
            "revenue": 1498916
        },
        "2019-08": {
            "month": "2019-08",
            "price": "37.40",
            "revenue": 1341289
        },
        "2019-09": {
            "month": "2019-09",
            "price": "37.74",
            "revenue": 1326255
        },
        "2019-10": {
            "month": "2019-10",
            "price": "38.02",
            "revenue": 1268794
        },
        "2019-11": {
            "month": "2019-11",
            "price": "38.96",
            "revenue": 1305795
        },
        "2019-12": {
            "month": "2019-12",
            "price": "38.70",
            "revenue": 1268508
        },
        "2020-01": {
            "month": "2020-01",
            "price": "38.75",
            "revenue": 1254054
        },
        "2020-02": {
            "month": "2020-02",
            "price": "39.08",
            "revenue": 1247346
        },
        "2020-03": {
            "month": "2020-03",
            "price": "34.52",
            "revenue": 1150642
        },
        "2020-04": {
            "month": "2020-04",
            "price": "34.86",
            "revenue": 1294488
        },
        "2020-05": {
            "month": "2020-05",
            "price": "35.75",
            "revenue": 1395354
        },
        "2020-06": {
            "month": "2020-06",
            "price": "35.88",
            "revenue": 1383244
        },
        "2020-07": {
            "month": "2020-07",
            "price": "36.18",
            "revenue": 1569832
        },
        "2020-08": {
            "month": "2020-08",
            "price": "34.59",
            "revenue": 1431427
        },
        "2020-09": {
            "month": "2020-09",
            "price": "35.19",
            "revenue": 1423804
        },
        "2020-10": {
            "month": "2020-10",
            "price": "35.74",
            "revenue": 1402248
        },
        "2020-11": {
            "month": "2020-11",
            "price": "38.10",
            "revenue": 1524785
        },
        "2020-12": {
            "month": "2020-12",
            "price": "38.49",
            "revenue": 1432890
        },
        "2021-01": {
            "month": "2021-01",
            "price": "37.63",
            "revenue": 1622453
        },
        "2021-02": {
            "month": "2021-02",
            "price": "37.82",
            "revenue": 1379328
        },
        "2021-03": {
            "month": "2021-03",
            "price": "39.28",
            "revenue": 1476846
        },
        "2021-04": {
            "month": "2021-04",
            "price": "40.47",
            "revenue": 1510781
        },
        "2021-05": {
            "month": "2021-05",
            "price": "39.73",
            "revenue": 1500469
        },
        "2021-06": {
            "month": "2021-06",
            "price": "39.99",
            "revenue": 1554085
        },
        "2021-07": {
            "month": "2021-07",
            "price": "42.31",
            "revenue": 1593899
        },
        "2021-08": {
            "month": "2021-08",
            "price": "42.08",
            "revenue": 1561163
        },
        "2021-09": {
            "month": "2021-09",
            "price": "44.22",
            "revenue": 1559901
        },
        "2021-10": {
            "month": "2021-10",
            "price": "44.98",
            "revenue": 1531407
        },
        "2021-11": {
            "month": "2021-11",
            "price": "47.98",
            "revenue": 1594133
        },
        "2021-12": {
            "month": "2021-12",
            "price": "47.13",
            "revenue": 1579592
        },
        "2022-01": {
            "month": "2022-01",
            "price": "48.18",
            "revenue": 1600738
        },
        "2022-02": {
            "month": "2022-02",
            "price": "48.39",
            "revenue": 1527128
        },
        "2022-03": {
            "month": "2022-03",
            "price": "50.55",
            "revenue": 1546306
        },
        "2022-04": {
            "month": "2022-04",
            "price": "55.76",
            "revenue": 1425474
        },
        "2022-05": {
            "month": "2022-05",
            "price": "52.11",
            "revenue": 1553281
        },
        "2022-06": {
            "month": "2022-06",
            "price": "52.73",
            "revenue": 1596586
        },
        "2022-07": {
            "month": "2022-07",
            "price": "51.54",
            "revenue": 1579846
        },
        "2022-08": {
            "month": "2022-08",
            "price": "54.35",
            "revenue": 1696630
        },
        "2022-09": {
            "month": "2022-09",
            "price": "53.24",
            "revenue": 1596236
        },
        "2022-10": {
            "month": "2022-10",
            "price": "44.52",
            "revenue": 1639207
        },
        "2022-11": {
            "month": "2022-11",
            "price": "46.65",
            "revenue": 1582457
        },
        "2022-12": {
            "month": "2022-12",
            "price": "48.38",
            "revenue": 1586717
        },
        "2023-01": {
            "month": "2023-01",
            "price": "50.03",
            "revenue": 1649765
        },
        "2023-02": {
            "month": "2023-02",
            "price": "50.96",
            "revenue": 1592192
        },
        "2023-03": {
            "month": "2023-03",
            "price": "49.92",
            "revenue": 1452757
        },
        "2023-04": {
            "month": "2023-04",
            "price": "50.46",
            "revenue": 1649824
        },
        "2023-05": {
            "month": "2023-05",
            "price": "51.67",
            "revenue": 1687341
        },
        "2023-06": {
            "month": "2023-06",
            "price": "52.14",
            "revenue": 1722079
        },
        "2023-07": {
            "month": "2023-07",
            "price": "53.26",
            "revenue": 1833973
        },
        "2023-08": {
            "month": "2023-08",
            "price": "55.50",
            "revenue": 1743570
        }
    }
}
