{
    "summary": {
        "stock_name": "中再保",
        "stock_id": "2851",
        "category": "金融",
        "main_business": "H501031再保險業",
        "website_url": "http://www.centralre.com",
        "ceo": "鍾志宏",
        "pe_ratio": 14,
        "report_year_from": 2001,
        "report_year_to": 2023,
        "age": 22,
        "eps_negative_percentage": 0,
        "eps_growth_avg": {
            "last_all": 6.36,
            "last_2y": -5.56,
            "last_4y": -7.99,
            "last_8y": 5.21,
            "last_12y": null,
            "last_16y": null,
            "last_20y": null,
            "at_2006_last_3y": null,
            "at_2007_last_3y": null,
            "at_2008_last_3y": null,
            "at_2009_last_3y": null,
            "at_2010_last_3y": null,
            "at_2011_last_3y": null,
            "at_2012_last_3y": null,
            "at_2013_last_3y": null,
            "at_2014_last_3y": 11.91,
            "at_2015_last_3y": 28.3,
            "at_2016_last_3y": 3.12,
            "at_2017_last_3y": 21.72,
            "at_2018_last_3y": 10.63,
            "at_2019_last_3y": 14.22,
            "at_2020_last_3y": 23.76,
            "at_2021_last_3y": 12.59,
            "at_2022_last_3y": -3.48,
            "at_2023_last_3y": -3.48,
            "at_2006_last_all": null,
            "at_2007_last_all": null,
            "at_2008_last_all": null,
            "at_2009_last_all": null,
            "at_2010_last_all": null,
            "at_2011_last_all": null,
            "at_2012_last_all": 11.42,
            "at_2013_last_all": 9.78,
            "at_2014_last_all": 11.91,
            "at_2015_last_all": 7.21,
            "at_2016_last_all": 5.89,
            "at_2017_last_all": 16.6,
            "at_2018_last_all": 11.27,
            "at_2019_last_all": 10.33,
            "at_2020_last_all": 13.04,
            "at_2021_last_all": 15.14,
            "at_2022_last_all": 6.36,
            "at_2023_last_all": 6.36
        },
        "latest_eps": 1.62,
        "latest_price": 23,
        "latest_roe": 8.13,
        "latest_gross_margin": null,
        "latest_equity": 18064276,
        "latest_revenue": 5527477,
        "latest_gross_profit": null,
        "latest_net_income": 527404,
        "latest_debt_ratio": 65.82,
        "latest_current_ratio": null,
        "latest_account_receivable_turnover_ratio": null,
        "latest_inventory_turnover_ratio": null,
        "latest_reinvestment_rate": 1.53,
        "latest_research_to_sale_ratio": null
    },
    "eps_dividends": {
        "1999": {
            "cash": 0.7,
            "stock": 0,
            "eps": 0
        },
        "2001": {
            "cash": 1.09,
            "stock": 0,
            "eps": 0
        },
        "2002": {
            "cash": 0.7,
            "stock": 0,
            "eps": 0
        },
        "2003": {
            "cash": 0.9,
            "stock": 0,
            "eps": 0
        },
        "2004": {
            "cash": 0.9,
            "stock": 0,
            "eps": 0
        },
        "2005": {
            "cash": 0.8,
            "stock": 0,
            "eps": 0
        },
        "2006": {
            "cash": 0.8,
            "stock": 0,
            "eps": 0
        },
        "2007": {
            "cash": 0.5,
            "stock": 0.5,
            "eps": 0
        },
        "2008": {
            "cash": 1,
            "stock": 0.5,
            "eps": 0
        },
        "2009": {
            "cash": 0,
            "stock": 0,
            "eps": 0
        },
        "2010": {
            "cash": 1.5,
            "stock": 0,
            "eps": 1.27
        },
        "2011": {
            "cash": 1,
            "stock": 0,
            "eps": 0.29
        },
        "2012": {
            "cash": 0,
            "stock": 0,
            "eps": 1.23
        },
        "2013": {
            "cash": 0.5,
            "stock": 0.2,
            "eps": 1.31
        },
        "2014": {
            "cash": 1.2,
            "stock": 0,
            "eps": 1.55
        },
        "2015": {
            "cash": 1.2,
            "stock": 0,
            "eps": 1.37
        },
        "2016": {
            "cash": 0.7,
            "stock": 0,
            "eps": 1.36
        },
        "2017": {
            "cash": 0.5,
            "stock": 0,
            "eps": 2.46
        },
        "2018": {
            "cash": 1,
            "stock": 0.5,
            "eps": 1.82
        },
        "2019": {
            "cash": 0.9,
            "stock": 0,
            "eps": 1.87
        },
        "2020": {
            "cash": 0.9,
            "stock": 0,
            "eps": 2.57
        },
        "2021": {
            "cash": 1.3,
            "stock": 0,
            "eps": 3.5
        },
        "2022": {
            "cash": 1.8,
            "stock": 0,
            "eps": 0.34
        },
        "2023": {
            "cash": 0,
            "stock": 0,
            "eps": 1.47
        }
    },
    "dividends": {
        "1999-09-29": {
            "cash": 0.7,
            "stock": 0
        },
        "2001-07-31": {
            "cash": 1.09,
            "stock": 0
        },
        "2002-06-25": {
            "cash": 0.7,
            "stock": 0
        },
        "2003-04-03": {
            "cash": 0.9,
            "stock": 0
        },
        "2004-04-02": {
            "cash": 0.9,
            "stock": 0
        },
        "2005-04-12": {
            "cash": 0.8,
            "stock": 0
        },
        "2006-04-19": {
            "cash": 0.8,
            "stock": 0
        },
        "2007-04-20": {
            "cash": 0.5,
            "stock": 0.5
        },
        "2008-04-23": {
            "cash": 1,
            "stock": 0.5
        },
        "2010-03-23": {
            "cash": 1.5,
            "stock": 0
        },
        "2011-03-23": {
            "cash": 1,
            "stock": 0
        },
        "2013-03-25": {
            "cash": 0.5,
            "stock": 0.2
        },
        "2014-08-18": {
            "cash": 1.2,
            "stock": 0
        },
        "2015-07-17": {
            "cash": 1.2,
            "stock": 0
        },
        "2016-07-08": {
            "cash": 0.7,
            "stock": 0
        },
        "2017-07-13": {
            "cash": 0.5,
            "stock": 0
        },
        "2018-08-22": {
            "cash": 1,
            "stock": 0.5
        },
        "2019-07-17": {
            "cash": 0.9,
            "stock": 0
        },
        "2020-07-17": {
            "cash": 0.9,
            "stock": 0
        },
        "2021-08-24": {
            "cash": 1.3,
            "stock": 0
        },
        "2022-07-19": {
            "cash": 1.8,
            "stock": 0
        }
    },
    "prices": {
        "200101": "8.44",
        "200102": "9.62",
        "200103": "9.22",
        "200104": "9.08",
        "200105": "8.93",
        "200106": "9.23",
        "200107": "8.85",
        "200108": "9.00",
        "200109": "9.24",
        "200110": "8.00",
        "200111": "8.14",
        "200112": "9.30",
        "200201": "10.01",
        "200202": "10.33",
        "200203": "10.19",
        "200204": "10.42",
        "200205": "10.44",
        "200206": "10.47",
        "200207": "11.02",
        "200208": "10.63",
        "200209": "10.17",
        "200210": "10.15",
        "200211": "10.67",
        "200212": "10.62",
        "200301": "11.67",
        "200302": "11.75",
        "200303": "11.91",
        "200304": "12.13",
        "200305": "12.00",
        "200306": "12.30",
        "200307": "11.66",
        "200308": "11.75",
        "200309": "11.80",
        "200310": "12.15",
        "200311": "12.38",
        "200312": "12.32",
        "200401": "12.99",
        "200402": "13.95",
        "200403": "15.21",
        "200404": "14.95",
        "200405": "13.25",
        "200406": "13.80",
        "200407": "13.15",
        "200408": "12.53",
        "200409": "13.25",
        "200410": "13.21",
        "200411": "13.32",
        "200412": "13.08",
        "200501": "13.20",
        "200502": "13.35",
        "200503": "13.38",
        "200504": "12.94",
        "200505": "12.68",
        "200506": "12.84",
        "200507": "12.78",
        "200508": "12.02",
        "200509": "11.60",
        "200510": "11.40",
        "200511": "11.41",
        "200512": "11.55",
        "200601": "11.63",
        "200602": "11.61",
        "200603": "11.52",
        "200604": "11.72",
        "200605": "12.25",
        "200606": "11.83",
        "200607": "11.62",
        "200608": "11.75",
        "200609": "11.70",
        "200610": "11.93",
        "200611": "12.10",
        "200612": "12.69",
        "200701": "12.81",
        "200702": "12.70",
        "200703": "12.69",
        "200704": "13.15",
        "200705": "13.74",
        "200706": "14.28",
        "200707": "16.08",
        "200708": "14.67",
        "200709": "15.09",
        "200710": "16.32",
        "200711": "17.63",
        "200712": "15.65",
        "200801": "16.42",
        "200802": "16.99",
        "200803": "17.40",
        "200804": "19.49",
        "200805": "18.76",
        "200806": "17.45",
        "200807": "15.48",
        "200808": "14.39",
        "200809": "12.10",
        "200810": "8.91",
        "200811": "7.80",
        "200812": "7.64",
        "200901": "7.38",
        "200902": "7.47",
        "200903": "8.54",
        "200904": "10.28",
        "200905": "10.89",
        "200906": "10.48",
        "200907": "10.71",
        "200908": "10.95",
        "200909": "12.09",
        "200910": "13.21",
        "200911": "13.20",
        "200912": "13.14",
        "201001": "13.26",
        "201002": "12.32",
        "201003": "13.47",
        "201004": "16.41",
        "201005": "16.10",
        "201006": "16.09",
        "201007": "16.95",
        "201008": "15.10",
        "201009": "15.09",
        "201010": "15.81",
        "201011": "16.02",
        "201012": "17.64",
        "201101": "18.43",
        "201102": "17.35",
        "201103": "16.78",
        "201104": "17.09",
        "201105": "17.57",
        "201106": "17.29",
        "201107": "17.41",
        "201108": "15.25",
        "201109": "14.42",
        "201110": "14.17",
        "201111": "13.39",
        "201112": "12.56",
        "201201": "12.26",
        "201202": "12.97",
        "201203": "12.73",
        "201204": "11.37",
        "201205": "12.29",
        "201206": "11.88",
        "201207": "12.35",
        "201208": "13.10",
        "201209": "13.22",
        "201210": "13.04",
        "201211": "12.69",
        "201212": "13.30",
        "201301": "13.81",
        "201302": "14.02",
        "201303": "13.92",
        "201304": "13.43",
        "201305": "13.58",
        "201306": "13.38",
        "201307": "13.33",
        "201308": "13.00",
        "201309": "12.99",
        "201310": "13.19",
        "201311": "13.90",
        "201312": "14.17",
        "201401": "14.60",
        "201402": "14.42",
        "201403": "14.86",
        "201404": "16.15",
        "201405": "16.22",
        "201406": "16.51",
        "201407": "16.88",
        "201408": "15.94",
        "201409": "16.30",
        "201410": "15.89",
        "201411": "15.88",
        "201412": "16.03",
        "201501": "16.36",
        "201502": "16.78",
        "201503": "16.97",
        "201504": "17.34",
        "201505": "17.63",
        "201506": "16.75",
        "201507": "15.97",
        "201508": "15.46",
        "201509": "15.07",
        "201510": "15.34",
        "201511": "15.16",
        "201512": "14.85",
        "201601": "14.43",
        "201602": "14.80",
        "201603": "15.06",
        "201604": "14.57",
        "201605": "14.26",
        "201606": "14.01",
        "201607": "13.75",
        "201608": "13.84",
        "201609": "13.79",
        "201610": "13.78",
        "201611": "14.25",
        "201612": "14.87",
        "201701": "14.84",
        "201702": "15.11",
        "201703": "15.10",
        "201704": "14.43",
        "201705": "14.46",
        "201706": "14.65",
        "201707": "14.70",
        "201708": "14.90",
        "201709": "15.30",
        "201710": "15.43",
        "201711": "16.94",
        "201712": "17.41",
        "201801": "17.90",
        "201802": "17.54",
        "201803": "18.28",
        "201804": "18.98",
        "201805": "20.08",
        "201806": "21.04",
        "201807": "20.47",
        "201808": "18.68",
        "201809": "17.93",
        "201810": "17.18",
        "201811": "16.97",
        "201812": "16.96",
        "201901": "17.30",
        "201902": "17.70",
        "201903": "17.90",
        "201904": "17.84",
        "201905": "18.10",
        "201906": "18.26",
        "201907": "17.86",
        "201908": "17.83",
        "201909": "18.06",
        "201910": "18.23",
        "201911": "18.83",
        "201912": "19.46",
        "202001": "19.96",
        "202002": "19.98",
        "202003": "17.90",
        "202004": "17.56",
        "202005": "18.81",
        "202006": "19.26",
        "202007": "18.90",
        "202008": "19.47",
        "202009": "20.48",
        "202010": "20.56",
        "202011": "21.84",
        "202012": "22.32",
        "202101": "22.23",
        "202102": "22.19",
        "202103": "24.04",
        "202104": "23.92",
        "202105": "25.34",
        "202106": "26.85",
        "202107": "32.17",
        "202108": "27.86",
        "202109": "27.30",
        "202110": "27.51",
        "202111": "28.62",
        "202112": "28.57",
        "202201": "29.19",
        "202202": "29.01",
        "202203": "29.90",
        "202204": "30.50",
        "202205": "28.78",
        "202206": "27.63",
        "202207": "23.60",
        "202208": "21.54",
        "202209": "20.74",
        "202210": "18.83",
        "202211": "18.30",
        "202212": "18.53",
        "202301": "17.36",
        "202302": "18.49",
        "202303": "17.78",
        "202304": "18.14",
        "202305": "19.57",
        "202306": "20.92",
        "202307": "22.35",
        "202308": "23.74",
        "202309": "23.58",
        "202310": "22.81"
    },
    "quarters": {
        "20011": {
            "year_quarter": 20011,
            "year": 2001,
            "quarter": 1,
            "eps": null,
            "eps_growth_year": null,
            "eps_4q": null,
            "eps_4q_growth_year": null,
            "roe": null,
            "roe_4q": 0,
            "gross_profit": null,
            "gross_margin": null,
            "gross_margin_4q_avg": 0,
            "net_income": null,
            "net_income_4q": null,
            "revenue": null,
            "revenue_4q": null,
            "common_shares": null,
            "book_valuer_per_share": null,
            "book_valuer_per_share_4q_avg": 0,
            "equity": null,
            "current_ratio": null,
            "debt_ratio": null,
            "inventory_turnover_ratio": null,
            "account_receivable_turnover_ratio": null,
            "reinvestment_rate": null,
            "research_to_sale_ratio": null,
            "price_fair": 0,
            "eps_avg_yearly": 0,
            "eps_latest_yearly": 0,
            "eps_growth_yearly": 0
        },
        "20012": {
            "year_quarter": 20012,
            "year": 2001,
            "quarter": 2,
            "eps": null,
            "eps_growth_year": null,
            "eps_4q": null,
            "eps_4q_growth_year": null,
            "roe": null,
            "roe_4q": 0,
            "gross_profit": null,
            "gross_margin": null,
            "gross_margin_4q_avg": 0,
            "net_income": null,
            "net_income_4q": null,
            "revenue": null,
            "revenue_4q": null,
            "common_shares": null,
            "book_valuer_per_share": null,
            "book_valuer_per_share_4q_avg": 0,
            "equity": null,
            "current_ratio": null,
            "debt_ratio": null,
            "inventory_turnover_ratio": null,
            "account_receivable_turnover_ratio": null,
            "reinvestment_rate": null,
            "research_to_sale_ratio": null,
            "price_fair": 0,
            "eps_avg_yearly": 0,
            "eps_latest_yearly": 0,
            "eps_growth_yearly": 0
        },
        "20013": {
            "year_quarter": 20013,
            "year": 2001,
            "quarter": 3,
            "eps": null,
            "eps_growth_year": null,
            "eps_4q": null,
            "eps_4q_growth_year": null,
            "roe": null,
            "roe_4q": 0,
            "gross_profit": null,
            "gross_margin": null,
            "gross_margin_4q_avg": 0,
            "net_income": null,
            "net_income_4q": null,
            "revenue": null,
            "revenue_4q": null,
            "common_shares": null,
            "book_valuer_per_share": null,
            "book_valuer_per_share_4q_avg": 0,
            "equity": null,
            "current_ratio": null,
            "debt_ratio": null,
            "inventory_turnover_ratio": null,
            "account_receivable_turnover_ratio": null,
            "reinvestment_rate": null,
            "research_to_sale_ratio": null,
            "price_fair": 0,
            "eps_avg_yearly": 0,
            "eps_latest_yearly": 0,
            "eps_growth_yearly": 0
        },
        "20014": {
            "year_quarter": 20014,
            "year": 2001,
            "quarter": 4,
            "eps": null,
            "eps_growth_year": null,
            "eps_4q": null,
            "eps_4q_growth_year": null,
            "roe": null,
            "roe_4q": 0,
            "gross_profit": null,
            "gross_margin": null,
            "gross_margin_4q_avg": 0,
            "net_income": null,
            "net_income_4q": null,
            "revenue": null,
            "revenue_4q": null,
            "common_shares": null,
            "book_valuer_per_share": null,
            "book_valuer_per_share_4q_avg": 0,
            "equity": null,
            "current_ratio": null,
            "debt_ratio": null,
            "inventory_turnover_ratio": null,
            "account_receivable_turnover_ratio": null,
            "reinvestment_rate": null,
            "research_to_sale_ratio": null,
            "price_fair": 0,
            "eps_avg_yearly": 0,
            "eps_latest_yearly": 0,
            "eps_growth_yearly": 0
        },
        "20021": {
            "year_quarter": 20021,
            "year": 2002,
            "quarter": 1,
            "eps": null,
            "eps_growth_year": null,
            "eps_4q": null,
            "eps_4q_growth_year": null,
            "roe": null,
            "roe_4q": 0,
            "gross_profit": null,
            "gross_margin": null,
            "gross_margin_4q_avg": 0,
            "net_income": null,
            "net_income_4q": null,
            "revenue": null,
            "revenue_4q": null,
            "common_shares": null,
            "book_valuer_per_share": null,
            "book_valuer_per_share_4q_avg": 0,
            "equity": null,
            "current_ratio": null,
            "debt_ratio": null,
            "inventory_turnover_ratio": null,
            "account_receivable_turnover_ratio": null,
            "reinvestment_rate": null,
            "research_to_sale_ratio": null,
            "price_fair": 0,
            "eps_avg_yearly": 0,
            "eps_latest_yearly": 0,
            "eps_growth_yearly": 0
        },
        "20022": {
            "year_quarter": 20022,
            "year": 2002,
            "quarter": 2,
            "eps": null,
            "eps_growth_year": null,
            "eps_4q": null,
            "eps_4q_growth_year": null,
            "roe": null,
            "roe_4q": 0,
            "gross_profit": null,
            "gross_margin": null,
            "gross_margin_4q_avg": 0,
            "net_income": null,
            "net_income_4q": null,
            "revenue": null,
            "revenue_4q": null,
            "common_shares": null,
            "book_valuer_per_share": null,
            "book_valuer_per_share_4q_avg": 0,
            "equity": null,
            "current_ratio": null,
            "debt_ratio": null,
            "inventory_turnover_ratio": null,
            "account_receivable_turnover_ratio": null,
            "reinvestment_rate": null,
            "research_to_sale_ratio": null,
            "price_fair": 0,
            "eps_avg_yearly": 0,
            "eps_latest_yearly": 0,
            "eps_growth_yearly": 0
        },
        "20023": {
            "year_quarter": 20023,
            "year": 2002,
            "quarter": 3,
            "eps": null,
            "eps_growth_year": null,
            "eps_4q": null,
            "eps_4q_growth_year": null,
            "roe": null,
            "roe_4q": 0,
            "gross_profit": null,
            "gross_margin": null,
            "gross_margin_4q_avg": 0,
            "net_income": null,
            "net_income_4q": null,
            "revenue": null,
            "revenue_4q": null,
            "common_shares": null,
            "book_valuer_per_share": null,
            "book_valuer_per_share_4q_avg": 0,
            "equity": null,
            "current_ratio": null,
            "debt_ratio": null,
            "inventory_turnover_ratio": null,
            "account_receivable_turnover_ratio": null,
            "reinvestment_rate": null,
            "research_to_sale_ratio": null,
            "price_fair": 0,
            "eps_avg_yearly": 0,
            "eps_latest_yearly": 0,
            "eps_growth_yearly": 0
        },
        "20024": {
            "year_quarter": 20024,
            "year": 2002,
            "quarter": 4,
            "eps": null,
            "eps_growth_year": null,
            "eps_4q": null,
            "eps_4q_growth_year": null,
            "roe": null,
            "roe_4q": 0,
            "gross_profit": null,
            "gross_margin": null,
            "gross_margin_4q_avg": 0,
            "net_income": null,
            "net_income_4q": null,
            "revenue": null,
            "revenue_4q": null,
            "common_shares": null,
            "book_valuer_per_share": null,
            "book_valuer_per_share_4q_avg": 0,
            "equity": null,
            "current_ratio": null,
            "debt_ratio": null,
            "inventory_turnover_ratio": null,
            "account_receivable_turnover_ratio": null,
            "reinvestment_rate": null,
            "research_to_sale_ratio": null,
            "price_fair": 0,
            "eps_avg_yearly": 0,
            "eps_latest_yearly": 0,
            "eps_growth_yearly": 0
        },
        "20031": {
            "year_quarter": 20031,
            "year": 2003,
            "quarter": 1,
            "eps": null,
            "eps_growth_year": null,
            "eps_4q": null,
            "eps_4q_growth_year": null,
            "roe": null,
            "roe_4q": 0,
            "gross_profit": null,
            "gross_margin": null,
            "gross_margin_4q_avg": 0,
            "net_income": null,
            "net_income_4q": null,
            "revenue": null,
            "revenue_4q": null,
            "common_shares": null,
            "book_valuer_per_share": null,
            "book_valuer_per_share_4q_avg": 0,
            "equity": null,
            "current_ratio": null,
            "debt_ratio": null,
            "inventory_turnover_ratio": null,
            "account_receivable_turnover_ratio": null,
            "reinvestment_rate": null,
            "research_to_sale_ratio": null,
            "price_fair": 0,
            "eps_avg_yearly": 0,
            "eps_latest_yearly": 0,
            "eps_growth_yearly": 0
        },
        "20032": {
            "year_quarter": 20032,
            "year": 2003,
            "quarter": 2,
            "eps": null,
            "eps_growth_year": null,
            "eps_4q": null,
            "eps_4q_growth_year": null,
            "roe": null,
            "roe_4q": 0,
            "gross_profit": null,
            "gross_margin": null,
            "gross_margin_4q_avg": 0,
            "net_income": null,
            "net_income_4q": null,
            "revenue": null,
            "revenue_4q": null,
            "common_shares": null,
            "book_valuer_per_share": null,
            "book_valuer_per_share_4q_avg": 0,
            "equity": null,
            "current_ratio": null,
            "debt_ratio": null,
            "inventory_turnover_ratio": null,
            "account_receivable_turnover_ratio": null,
            "reinvestment_rate": null,
            "research_to_sale_ratio": null,
            "price_fair": 0,
            "eps_avg_yearly": 0,
            "eps_latest_yearly": 0,
            "eps_growth_yearly": 0
        },
        "20033": {
            "year_quarter": 20033,
            "year": 2003,
            "quarter": 3,
            "eps": null,
            "eps_growth_year": null,
            "eps_4q": null,
            "eps_4q_growth_year": null,
            "roe": null,
            "roe_4q": 0,
            "gross_profit": null,
            "gross_margin": null,
            "gross_margin_4q_avg": 0,
            "net_income": null,
            "net_income_4q": null,
            "revenue": null,
            "revenue_4q": null,
            "common_shares": null,
            "book_valuer_per_share": null,
            "book_valuer_per_share_4q_avg": 0,
            "equity": null,
            "current_ratio": null,
            "debt_ratio": null,
            "inventory_turnover_ratio": null,
            "account_receivable_turnover_ratio": null,
            "reinvestment_rate": null,
            "research_to_sale_ratio": null,
            "price_fair": 0,
            "eps_avg_yearly": 0,
            "eps_latest_yearly": 0,
            "eps_growth_yearly": 0
        },
        "20034": {
            "year_quarter": 20034,
            "year": 2003,
            "quarter": 4,
            "eps": null,
            "eps_growth_year": null,
            "eps_4q": null,
            "eps_4q_growth_year": null,
            "roe": null,
            "roe_4q": 0,
            "gross_profit": null,
            "gross_margin": null,
            "gross_margin_4q_avg": 0,
            "net_income": null,
            "net_income_4q": null,
            "revenue": null,
            "revenue_4q": null,
            "common_shares": null,
            "book_valuer_per_share": null,
            "book_valuer_per_share_4q_avg": 0,
            "equity": null,
            "current_ratio": null,
            "debt_ratio": null,
            "inventory_turnover_ratio": null,
            "account_receivable_turnover_ratio": null,
            "reinvestment_rate": null,
            "research_to_sale_ratio": null,
            "price_fair": 0,
            "eps_avg_yearly": 0,
            "eps_latest_yearly": 0,
            "eps_growth_yearly": 0
        },
        "20041": {
            "year_quarter": 20041,
            "year": 2004,
            "quarter": 1,
            "eps": null,
            "eps_growth_year": null,
            "eps_4q": null,
            "eps_4q_growth_year": null,
            "roe": null,
            "roe_4q": 0,
            "gross_profit": null,
            "gross_margin": null,
            "gross_margin_4q_avg": 0,
            "net_income": null,
            "net_income_4q": null,
            "revenue": null,
            "revenue_4q": null,
            "common_shares": null,
            "book_valuer_per_share": null,
            "book_valuer_per_share_4q_avg": 0,
            "equity": null,
            "current_ratio": null,
            "debt_ratio": null,
            "inventory_turnover_ratio": null,
            "account_receivable_turnover_ratio": null,
            "reinvestment_rate": null,
            "research_to_sale_ratio": null,
            "price_fair": 0,
            "eps_avg_yearly": 0,
            "eps_latest_yearly": 0,
            "eps_growth_yearly": 0
        },
        "20042": {
            "year_quarter": 20042,
            "year": 2004,
            "quarter": 2,
            "eps": null,
            "eps_growth_year": null,
            "eps_4q": null,
            "eps_4q_growth_year": null,
            "roe": null,
            "roe_4q": 0,
            "gross_profit": null,
            "gross_margin": null,
            "gross_margin_4q_avg": 0,
            "net_income": null,
            "net_income_4q": null,
            "revenue": null,
            "revenue_4q": null,
            "common_shares": null,
            "book_valuer_per_share": null,
            "book_valuer_per_share_4q_avg": 0,
            "equity": null,
            "current_ratio": null,
            "debt_ratio": null,
            "inventory_turnover_ratio": null,
            "account_receivable_turnover_ratio": null,
            "reinvestment_rate": null,
            "research_to_sale_ratio": null,
            "price_fair": 0,
            "eps_avg_yearly": 0,
            "eps_latest_yearly": 0,
            "eps_growth_yearly": 0
        },
        "20043": {
            "year_quarter": 20043,
            "year": 2004,
            "quarter": 3,
            "eps": null,
            "eps_growth_year": null,
            "eps_4q": null,
            "eps_4q_growth_year": null,
            "roe": null,
            "roe_4q": 0,
            "gross_profit": null,
            "gross_margin": null,
            "gross_margin_4q_avg": 0,
            "net_income": null,
            "net_income_4q": null,
            "revenue": null,
            "revenue_4q": null,
            "common_shares": null,
            "book_valuer_per_share": null,
            "book_valuer_per_share_4q_avg": 0,
            "equity": null,
            "current_ratio": null,
            "debt_ratio": null,
            "inventory_turnover_ratio": null,
            "account_receivable_turnover_ratio": null,
            "reinvestment_rate": null,
            "research_to_sale_ratio": null,
            "price_fair": 0,
            "eps_avg_yearly": 0,
            "eps_latest_yearly": 0,
            "eps_growth_yearly": 0
        },
        "20044": {
            "year_quarter": 20044,
            "year": 2004,
            "quarter": 4,
            "eps": null,
            "eps_growth_year": null,
            "eps_4q": null,
            "eps_4q_growth_year": null,
            "roe": null,
            "roe_4q": 0,
            "gross_profit": null,
            "gross_margin": null,
            "gross_margin_4q_avg": 0,
            "net_income": null,
            "net_income_4q": null,
            "revenue": null,
            "revenue_4q": null,
            "common_shares": null,
            "book_valuer_per_share": null,
            "book_valuer_per_share_4q_avg": 0,
            "equity": null,
            "current_ratio": null,
            "debt_ratio": null,
            "inventory_turnover_ratio": null,
            "account_receivable_turnover_ratio": null,
            "reinvestment_rate": null,
            "research_to_sale_ratio": null,
            "price_fair": 0,
            "eps_avg_yearly": 0,
            "eps_latest_yearly": 0,
            "eps_growth_yearly": 0
        },
        "20051": {
            "year_quarter": 20051,
            "year": 2005,
            "quarter": 1,
            "eps": null,
            "eps_growth_year": null,
            "eps_4q": null,
            "eps_4q_growth_year": null,
            "roe": null,
            "roe_4q": 0,
            "gross_profit": null,
            "gross_margin": null,
            "gross_margin_4q_avg": 0,
            "net_income": null,
            "net_income_4q": null,
            "revenue": null,
            "revenue_4q": null,
            "common_shares": null,
            "book_valuer_per_share": null,
            "book_valuer_per_share_4q_avg": 0,
            "equity": null,
            "current_ratio": null,
            "debt_ratio": null,
            "inventory_turnover_ratio": null,
            "account_receivable_turnover_ratio": null,
            "reinvestment_rate": null,
            "research_to_sale_ratio": null,
            "price_fair": 0,
            "eps_avg_yearly": 0,
            "eps_latest_yearly": 0,
            "eps_growth_yearly": 0
        },
        "20052": {
            "year_quarter": 20052,
            "year": 2005,
            "quarter": 2,
            "eps": null,
            "eps_growth_year": null,
            "eps_4q": null,
            "eps_4q_growth_year": null,
            "roe": null,
            "roe_4q": 0,
            "gross_profit": null,
            "gross_margin": null,
            "gross_margin_4q_avg": 0,
            "net_income": null,
            "net_income_4q": null,
            "revenue": null,
            "revenue_4q": null,
            "common_shares": null,
            "book_valuer_per_share": null,
            "book_valuer_per_share_4q_avg": 0,
            "equity": null,
            "current_ratio": null,
            "debt_ratio": null,
            "inventory_turnover_ratio": null,
            "account_receivable_turnover_ratio": null,
            "reinvestment_rate": null,
            "research_to_sale_ratio": null,
            "price_fair": 0,
            "eps_avg_yearly": 0,
            "eps_latest_yearly": 0,
            "eps_growth_yearly": 0
        },
        "20053": {
            "year_quarter": 20053,
            "year": 2005,
            "quarter": 3,
            "eps": null,
            "eps_growth_year": null,
            "eps_4q": null,
            "eps_4q_growth_year": null,
            "roe": null,
            "roe_4q": 0,
            "gross_profit": null,
            "gross_margin": null,
            "gross_margin_4q_avg": 0,
            "net_income": null,
            "net_income_4q": null,
            "revenue": null,
            "revenue_4q": null,
            "common_shares": null,
            "book_valuer_per_share": null,
            "book_valuer_per_share_4q_avg": 0,
            "equity": null,
            "current_ratio": null,
            "debt_ratio": null,
            "inventory_turnover_ratio": null,
            "account_receivable_turnover_ratio": null,
            "reinvestment_rate": null,
            "research_to_sale_ratio": null,
            "price_fair": 0,
            "eps_avg_yearly": 0,
            "eps_latest_yearly": 0,
            "eps_growth_yearly": 0
        },
        "20054": {
            "year_quarter": 20054,
            "year": 2005,
            "quarter": 4,
            "eps": null,
            "eps_growth_year": null,
            "eps_4q": null,
            "eps_4q_growth_year": null,
            "roe": null,
            "roe_4q": 0,
            "gross_profit": null,
            "gross_margin": null,
            "gross_margin_4q_avg": 0,
            "net_income": null,
            "net_income_4q": null,
            "revenue": null,
            "revenue_4q": null,
            "common_shares": null,
            "book_valuer_per_share": null,
            "book_valuer_per_share_4q_avg": 0,
            "equity": null,
            "current_ratio": null,
            "debt_ratio": null,
            "inventory_turnover_ratio": null,
            "account_receivable_turnover_ratio": null,
            "reinvestment_rate": null,
            "research_to_sale_ratio": null,
            "price_fair": 0,
            "eps_avg_yearly": 0,
            "eps_latest_yearly": 0,
            "eps_growth_yearly": 0
        },
        "20061": {
            "year_quarter": 20061,
            "year": 2006,
            "quarter": 1,
            "eps": null,
            "eps_growth_year": null,
            "eps_4q": null,
            "eps_4q_growth_year": null,
            "roe": null,
            "roe_4q": 0,
            "gross_profit": null,
            "gross_margin": null,
            "gross_margin_4q_avg": 0,
            "net_income": null,
            "net_income_4q": null,
            "revenue": null,
            "revenue_4q": null,
            "common_shares": null,
            "book_valuer_per_share": null,
            "book_valuer_per_share_4q_avg": 0,
            "equity": null,
            "current_ratio": null,
            "debt_ratio": null,
            "inventory_turnover_ratio": null,
            "account_receivable_turnover_ratio": null,
            "reinvestment_rate": null,
            "research_to_sale_ratio": null,
            "price_fair": 0,
            "eps_avg_yearly": 0,
            "eps_latest_yearly": 0,
            "eps_growth_yearly": 0
        },
        "20062": {
            "year_quarter": 20062,
            "year": 2006,
            "quarter": 2,
            "eps": null,
            "eps_growth_year": null,
            "eps_4q": null,
            "eps_4q_growth_year": null,
            "roe": null,
            "roe_4q": 0,
            "gross_profit": null,
            "gross_margin": null,
            "gross_margin_4q_avg": 0,
            "net_income": null,
            "net_income_4q": null,
            "revenue": null,
            "revenue_4q": null,
            "common_shares": null,
            "book_valuer_per_share": null,
            "book_valuer_per_share_4q_avg": 0,
            "equity": null,
            "current_ratio": null,
            "debt_ratio": null,
            "inventory_turnover_ratio": null,
            "account_receivable_turnover_ratio": null,
            "reinvestment_rate": null,
            "research_to_sale_ratio": null,
            "price_fair": 0,
            "eps_avg_yearly": 0,
            "eps_latest_yearly": 0,
            "eps_growth_yearly": 0
        },
        "20063": {
            "year_quarter": 20063,
            "year": 2006,
            "quarter": 3,
            "eps": null,
            "eps_growth_year": null,
            "eps_4q": null,
            "eps_4q_growth_year": null,
            "roe": null,
            "roe_4q": 0,
            "gross_profit": null,
            "gross_margin": null,
            "gross_margin_4q_avg": 0,
            "net_income": null,
            "net_income_4q": null,
            "revenue": null,
            "revenue_4q": null,
            "common_shares": null,
            "book_valuer_per_share": null,
            "book_valuer_per_share_4q_avg": 0,
            "equity": null,
            "current_ratio": null,
            "debt_ratio": null,
            "inventory_turnover_ratio": null,
            "account_receivable_turnover_ratio": null,
            "reinvestment_rate": null,
            "research_to_sale_ratio": null,
            "price_fair": 0,
            "eps_avg_yearly": 0,
            "eps_latest_yearly": 0,
            "eps_growth_yearly": 0
        },
        "20064": {
            "year_quarter": 20064,
            "year": 2006,
            "quarter": 4,
            "eps": null,
            "eps_growth_year": null,
            "eps_4q": null,
            "eps_4q_growth_year": null,
            "roe": null,
            "roe_4q": 0,
            "gross_profit": null,
            "gross_margin": null,
            "gross_margin_4q_avg": 0,
            "net_income": null,
            "net_income_4q": null,
            "revenue": null,
            "revenue_4q": null,
            "common_shares": null,
            "book_valuer_per_share": null,
            "book_valuer_per_share_4q_avg": 0,
            "equity": null,
            "current_ratio": null,
            "debt_ratio": null,
            "inventory_turnover_ratio": null,
            "account_receivable_turnover_ratio": null,
            "reinvestment_rate": null,
            "research_to_sale_ratio": null,
            "price_fair": 0,
            "eps_avg_yearly": 0,
            "eps_latest_yearly": 0,
            "eps_growth_yearly": 0
        },
        "20071": {
            "year_quarter": 20071,
            "year": 2007,
            "quarter": 1,
            "eps": null,
            "eps_growth_year": null,
            "eps_4q": null,
            "eps_4q_growth_year": null,
            "roe": null,
            "roe_4q": 0,
            "gross_profit": null,
            "gross_margin": null,
            "gross_margin_4q_avg": 0,
            "net_income": null,
            "net_income_4q": null,
            "revenue": null,
            "revenue_4q": null,
            "common_shares": null,
            "book_valuer_per_share": null,
            "book_valuer_per_share_4q_avg": 0,
            "equity": null,
            "current_ratio": null,
            "debt_ratio": null,
            "inventory_turnover_ratio": null,
            "account_receivable_turnover_ratio": null,
            "reinvestment_rate": null,
            "research_to_sale_ratio": null,
            "price_fair": 0,
            "eps_avg_yearly": 0,
            "eps_latest_yearly": 0,
            "eps_growth_yearly": 0
        },
        "20072": {
            "year_quarter": 20072,
            "year": 2007,
            "quarter": 2,
            "eps": null,
            "eps_growth_year": null,
            "eps_4q": null,
            "eps_4q_growth_year": null,
            "roe": null,
            "roe_4q": 0,
            "gross_profit": null,
            "gross_margin": null,
            "gross_margin_4q_avg": 0,
            "net_income": null,
            "net_income_4q": null,
            "revenue": null,
            "revenue_4q": null,
            "common_shares": null,
            "book_valuer_per_share": null,
            "book_valuer_per_share_4q_avg": 0,
            "equity": null,
            "current_ratio": null,
            "debt_ratio": null,
            "inventory_turnover_ratio": null,
            "account_receivable_turnover_ratio": null,
            "reinvestment_rate": null,
            "research_to_sale_ratio": null,
            "price_fair": 0,
            "eps_avg_yearly": 0,
            "eps_latest_yearly": 0,
            "eps_growth_yearly": 0
        },
        "20073": {
            "year_quarter": 20073,
            "year": 2007,
            "quarter": 3,
            "eps": null,
            "eps_growth_year": null,
            "eps_4q": null,
            "eps_4q_growth_year": null,
            "roe": null,
            "roe_4q": 0,
            "gross_profit": null,
            "gross_margin": null,
            "gross_margin_4q_avg": 0,
            "net_income": null,
            "net_income_4q": null,
            "revenue": null,
            "revenue_4q": null,
            "common_shares": null,
            "book_valuer_per_share": null,
            "book_valuer_per_share_4q_avg": 0,
            "equity": null,
            "current_ratio": null,
            "debt_ratio": null,
            "inventory_turnover_ratio": null,
            "account_receivable_turnover_ratio": null,
            "reinvestment_rate": null,
            "research_to_sale_ratio": null,
            "price_fair": 0,
            "eps_avg_yearly": 0,
            "eps_latest_yearly": 0,
            "eps_growth_yearly": 0
        },
        "20074": {
            "year_quarter": 20074,
            "year": 2007,
            "quarter": 4,
            "eps": null,
            "eps_growth_year": null,
            "eps_4q": null,
            "eps_4q_growth_year": null,
            "roe": null,
            "roe_4q": 0,
            "gross_profit": null,
            "gross_margin": null,
            "gross_margin_4q_avg": 0,
            "net_income": null,
            "net_income_4q": null,
            "revenue": null,
            "revenue_4q": null,
            "common_shares": null,
            "book_valuer_per_share": null,
            "book_valuer_per_share_4q_avg": 0,
            "equity": null,
            "current_ratio": null,
            "debt_ratio": null,
            "inventory_turnover_ratio": null,
            "account_receivable_turnover_ratio": null,
            "reinvestment_rate": null,
            "research_to_sale_ratio": null,
            "price_fair": 0,
            "eps_avg_yearly": 0,
            "eps_latest_yearly": 0,
            "eps_growth_yearly": 0
        },
        "20081": {
            "year_quarter": 20081,
            "year": 2008,
            "quarter": 1,
            "eps": null,
            "eps_growth_year": null,
            "eps_4q": null,
            "eps_4q_growth_year": null,
            "roe": null,
            "roe_4q": 0,
            "gross_profit": null,
            "gross_margin": null,
            "gross_margin_4q_avg": 0,
            "net_income": null,
            "net_income_4q": null,
            "revenue": null,
            "revenue_4q": null,
            "common_shares": null,
            "book_valuer_per_share": null,
            "book_valuer_per_share_4q_avg": 0,
            "equity": null,
            "current_ratio": null,
            "debt_ratio": null,
            "inventory_turnover_ratio": null,
            "account_receivable_turnover_ratio": null,
            "reinvestment_rate": null,
            "research_to_sale_ratio": null,
            "price_fair": 0,
            "eps_avg_yearly": 0,
            "eps_latest_yearly": 0,
            "eps_growth_yearly": 0
        },
        "20082": {
            "year_quarter": 20082,
            "year": 2008,
            "quarter": 2,
            "eps": null,
            "eps_growth_year": null,
            "eps_4q": null,
            "eps_4q_growth_year": null,
            "roe": null,
            "roe_4q": 0,
            "gross_profit": null,
            "gross_margin": null,
            "gross_margin_4q_avg": 0,
            "net_income": null,
            "net_income_4q": null,
            "revenue": null,
            "revenue_4q": null,
            "common_shares": null,
            "book_valuer_per_share": null,
            "book_valuer_per_share_4q_avg": 0,
            "equity": null,
            "current_ratio": null,
            "debt_ratio": null,
            "inventory_turnover_ratio": null,
            "account_receivable_turnover_ratio": null,
            "reinvestment_rate": null,
            "research_to_sale_ratio": null,
            "price_fair": 0,
            "eps_avg_yearly": 0,
            "eps_latest_yearly": 0,
            "eps_growth_yearly": 0
        },
        "20083": {
            "year_quarter": 20083,
            "year": 2008,
            "quarter": 3,
            "eps": null,
            "eps_growth_year": null,
            "eps_4q": null,
            "eps_4q_growth_year": null,
            "roe": null,
            "roe_4q": 0,
            "gross_profit": null,
            "gross_margin": null,
            "gross_margin_4q_avg": 0,
            "net_income": null,
            "net_income_4q": null,
            "revenue": null,
            "revenue_4q": null,
            "common_shares": null,
            "book_valuer_per_share": null,
            "book_valuer_per_share_4q_avg": 0,
            "equity": null,
            "current_ratio": null,
            "debt_ratio": null,
            "inventory_turnover_ratio": null,
            "account_receivable_turnover_ratio": null,
            "reinvestment_rate": null,
            "research_to_sale_ratio": null,
            "price_fair": 0,
            "eps_avg_yearly": 0,
            "eps_latest_yearly": 0,
            "eps_growth_yearly": 0
        },
        "20084": {
            "year_quarter": 20084,
            "year": 2008,
            "quarter": 4,
            "eps": null,
            "eps_growth_year": null,
            "eps_4q": null,
            "eps_4q_growth_year": null,
            "roe": null,
            "roe_4q": 0,
            "gross_profit": null,
            "gross_margin": null,
            "gross_margin_4q_avg": 0,
            "net_income": null,
            "net_income_4q": null,
            "revenue": null,
            "revenue_4q": null,
            "common_shares": 5512500,
            "book_valuer_per_share": null,
            "book_valuer_per_share_4q_avg": 0,
            "equity": 5853420,
            "current_ratio": null,
            "debt_ratio": null,
            "inventory_turnover_ratio": null,
            "account_receivable_turnover_ratio": null,
            "reinvestment_rate": null,
            "research_to_sale_ratio": null,
            "price_fair": 0,
            "eps_avg_yearly": 0,
            "eps_latest_yearly": 0,
            "eps_growth_yearly": 0
        },
        "20091": {
            "year_quarter": 20091,
            "year": 2009,
            "quarter": 1,
            "eps": null,
            "eps_growth_year": null,
            "eps_4q": null,
            "eps_4q_growth_year": null,
            "roe": null,
            "roe_4q": 0,
            "gross_profit": 292222,
            "gross_margin": null,
            "gross_margin_4q_avg": 0,
            "net_income": 158119,
            "net_income_4q": null,
            "revenue": 158119,
            "revenue_4q": null,
            "common_shares": 5512500,
            "book_valuer_per_share": null,
            "book_valuer_per_share_4q_avg": 0,
            "equity": 6226239,
            "current_ratio": null,
            "debt_ratio": null,
            "inventory_turnover_ratio": null,
            "account_receivable_turnover_ratio": null,
            "reinvestment_rate": null,
            "research_to_sale_ratio": null,
            "price_fair": 0,
            "eps_avg_yearly": 0,
            "eps_latest_yearly": 0,
            "eps_growth_yearly": 0
        },
        "20092": {
            "year_quarter": 20092,
            "year": 2009,
            "quarter": 2,
            "eps": null,
            "eps_growth_year": null,
            "eps_4q": null,
            "eps_4q_growth_year": null,
            "roe": null,
            "roe_4q": 0,
            "gross_profit": 411640,
            "gross_margin": null,
            "gross_margin_4q_avg": 0,
            "net_income": 225944,
            "net_income_4q": null,
            "revenue": 225944,
            "revenue_4q": null,
            "common_shares": 5512500,
            "book_valuer_per_share": null,
            "book_valuer_per_share_4q_avg": 0,
            "equity": 6903753,
            "current_ratio": null,
            "debt_ratio": null,
            "inventory_turnover_ratio": null,
            "account_receivable_turnover_ratio": null,
            "reinvestment_rate": null,
            "research_to_sale_ratio": null,
            "price_fair": 0,
            "eps_avg_yearly": 0,
            "eps_latest_yearly": 0,
            "eps_growth_yearly": 0
        },
        "20093": {
            "year_quarter": 20093,
            "year": 2009,
            "quarter": 3,
            "eps": null,
            "eps_growth_year": null,
            "eps_4q": null,
            "eps_4q_growth_year": null,
            "roe": null,
            "roe_4q": 0,
            "gross_profit": 378918,
            "gross_margin": null,
            "gross_margin_4q_avg": 0,
            "net_income": 161668,
            "net_income_4q": null,
            "revenue": 161668,
            "revenue_4q": null,
            "common_shares": 5512500,
            "book_valuer_per_share": null,
            "book_valuer_per_share_4q_avg": 0,
            "equity": 7403201,
            "current_ratio": null,
            "debt_ratio": null,
            "inventory_turnover_ratio": null,
            "account_receivable_turnover_ratio": null,
            "reinvestment_rate": null,
            "research_to_sale_ratio": null,
            "price_fair": 0,
            "eps_avg_yearly": 0,
            "eps_latest_yearly": 0,
            "eps_growth_yearly": 0
        },
        "20094": {
            "year_quarter": 20094,
            "year": 2009,
            "quarter": 4,
            "eps": null,
            "eps_growth_year": null,
            "eps_4q": null,
            "eps_4q_growth_year": null,
            "roe": null,
            "roe_4q": 0,
            "gross_profit": 777196,
            "gross_margin": null,
            "gross_margin_4q_avg": 0,
            "net_income": 447092,
            "net_income_4q": null,
            "revenue": 447092,
            "revenue_4q": null,
            "common_shares": 5512500,
            "book_valuer_per_share": 14.69,
            "book_valuer_per_share_4q_avg": 3.67,
            "equity": 8098660,
            "current_ratio": 1668.36,
            "debt_ratio": 72.56,
            "inventory_turnover_ratio": null,
            "account_receivable_turnover_ratio": null,
            "reinvestment_rate": null,
            "research_to_sale_ratio": null,
            "price_fair": 0,
            "eps_avg_yearly": 0,
            "eps_latest_yearly": 0,
            "eps_growth_yearly": 0
        },
        "20101": {
            "year_quarter": 20101,
            "year": 2010,
            "quarter": 1,
            "eps": 0.23,
            "eps_growth_year": null,
            "eps_4q": 0.23,
            "eps_4q_growth_year": null,
            "roe": 1.57,
            "roe_4q": 1.57,
            "gross_profit": 217323,
            "gross_margin": 171.2,
            "gross_margin_4q_avg": 42.8,
            "net_income": 126942,
            "net_income_4q": null,
            "revenue": 126942,
            "revenue_4q": null,
            "common_shares": 5512500,
            "book_valuer_per_share": 14.65,
            "book_valuer_per_share_4q_avg": 7.34,
            "equity": 8073330,
            "current_ratio": 1279.78,
            "debt_ratio": 72.97,
            "inventory_turnover_ratio": null,
            "account_receivable_turnover_ratio": 22.73,
            "reinvestment_rate": null,
            "research_to_sale_ratio": null,
            "price_fair": 0,
            "eps_avg_yearly": 0,
            "eps_latest_yearly": 0,
            "eps_growth_yearly": 0
        },
        "20102": {
            "year_quarter": 20102,
            "year": 2010,
            "quarter": 2,
            "eps": 0.27,
            "eps_growth_year": null,
            "eps_4q": 0.5,
            "eps_4q_growth_year": null,
            "roe": 1.96,
            "roe_4q": 3.5300000000000002,
            "gross_profit": 292543,
            "gross_margin": 195.5,
            "gross_margin_4q_avg": 91.68,
            "net_income": 149636,
            "net_income_4q": null,
            "revenue": 149636,
            "revenue_4q": null,
            "common_shares": 5512500,
            "book_valuer_per_share": 13.01,
            "book_valuer_per_share_4q_avg": 10.59,
            "equity": 7171096,
            "current_ratio": 1294.06,
            "debt_ratio": 75.42,
            "inventory_turnover_ratio": null,
            "account_receivable_turnover_ratio": 23.42,
            "reinvestment_rate": null,
            "research_to_sale_ratio": null,
            "price_fair": 37.8,
            "eps_avg_yearly": 1.08,
            "eps_latest_yearly": 1.08,
            "eps_growth_yearly": 69.57
        },
        "20103": {
            "year_quarter": 20103,
            "year": 2010,
            "quarter": 3,
            "eps": 0.49,
            "eps_growth_year": null,
            "eps_4q": 1,
            "eps_4q_growth_year": null,
            "roe": 3.62,
            "roe_4q": 7.15,
            "gross_profit": 376243,
            "gross_margin": 138.19,
            "gross_margin_4q_avg": 126.22,
            "net_income": 272263,
            "net_income_4q": null,
            "revenue": 272263,
            "revenue_4q": null,
            "common_shares": 5512500,
            "book_valuer_per_share": 14.29,
            "book_valuer_per_share_4q_avg": 14.16,
            "equity": 7878473,
            "current_ratio": 3878.76,
            "debt_ratio": 72.85,
            "inventory_turnover_ratio": null,
            "account_receivable_turnover_ratio": 50.38,
            "reinvestment_rate": null,
            "research_to_sale_ratio": null,
            "price_fair": 53.2,
            "eps_avg_yearly": 1.52,
            "eps_latest_yearly": 1.96,
            "eps_growth_yearly": 197.75
        },
        "20104": {
            "year_quarter": 20104,
            "year": 2010,
            "quarter": 4,
            "eps": 0.28,
            "eps_growth_year": null,
            "eps_4q": 1.28,
            "eps_4q_growth_year": null,
            "roe": 1.96,
            "roe_4q": 9.11,
            "gross_profit": 280464,
            "gross_margin": 179.75,
            "gross_margin_4q_avg": 171.16,
            "net_income": 156028,
            "net_income_4q": null,
            "revenue": 156028,
            "revenue_4q": null,
            "common_shares": 5512500,
            "book_valuer_per_share": 14.6,
            "book_valuer_per_share_4q_avg": 14.14,
            "equity": 8045613,
            "current_ratio": 1746.12,
            "debt_ratio": 73.19,
            "inventory_turnover_ratio": null,
            "account_receivable_turnover_ratio": 37.02,
            "reinvestment_rate": null,
            "research_to_sale_ratio": null,
            "price_fair": 48.53,
            "eps_avg_yearly": 1.39,
            "eps_latest_yearly": 1.12,
            "eps_growth_yearly": 74.69
        },
        "20111": {
            "year_quarter": 20111,
            "year": 2011,
            "quarter": 1,
            "eps": 0.27,
            "eps_growth_year": 17.39,
            "eps_4q": 1.31,
            "eps_4q_growth_year": 470.7,
            "roe": 1.84,
            "roe_4q": 9.379999999999999,
            "gross_profit": null,
            "gross_margin": null,
            "gross_margin_4q_avg": 128.36,
            "net_income": 146525,
            "net_income_4q": null,
            "revenue": 146525,
            "revenue_4q": null,
            "common_shares": 5512500,
            "book_valuer_per_share": 14.36,
            "book_valuer_per_share_4q_avg": 14.07,
            "equity": 7916397,
            "current_ratio": null,
            "debt_ratio": 75.02,
            "inventory_turnover_ratio": null,
            "account_receivable_turnover_ratio": 37.52,
            "reinvestment_rate": null,
            "research_to_sale_ratio": null,
            "price_fair": 45.85,
            "eps_avg_yearly": 1.31,
            "eps_latest_yearly": 1.08,
            "eps_growth_yearly": 52.44
        },
        "20112": {
            "year_quarter": 20112,
            "year": 2011,
            "quarter": 2,
            "eps": 0.19,
            "eps_growth_year": -30.6,
            "eps_4q": 1.23,
            "eps_4q_growth_year": 145.38,
            "roe": 1.36,
            "roe_4q": 8.780000000000001,
            "gross_profit": null,
            "gross_margin": null,
            "gross_margin_4q_avg": 79.49,
            "net_income": 103849,
            "net_income_4q": null,
            "revenue": 103849,
            "revenue_4q": null,
            "common_shares": 5512500,
            "book_valuer_per_share": 13.44,
            "book_valuer_per_share_4q_avg": 14.17,
            "equity": 7407942,
            "current_ratio": null,
            "debt_ratio": 76.76,
            "inventory_turnover_ratio": null,
            "account_receivable_turnover_ratio": 24.85,
            "reinvestment_rate": null,
            "research_to_sale_ratio": null,
            "price_fair": 33.9,
            "eps_avg_yearly": 1.2,
            "eps_latest_yearly": 0.76,
            "eps_growth_yearly": 18.25
        },
        "20113": {
            "year_quarter": 20113,
            "year": 2011,
            "quarter": 3,
            "eps": -0.16,
            "eps_growth_year": -132.05,
            "eps_4q": 0.58,
            "eps_4q_growth_year": -41.85,
            "roe": -1.22,
            "roe_4q": 3.9400000000000004,
            "gross_profit": null,
            "gross_margin": null,
            "gross_margin_4q_avg": 44.94,
            "net_income": -87251,
            "net_income_4q": null,
            "revenue": -87251,
            "revenue_4q": null,
            "common_shares": 5512500,
            "book_valuer_per_share": 12.49,
            "book_valuer_per_share_4q_avg": 13.72,
            "equity": 6883351,
            "current_ratio": null,
            "debt_ratio": 77.4,
            "inventory_turnover_ratio": null,
            "account_receivable_turnover_ratio": -24.9,
            "reinvestment_rate": null,
            "research_to_sale_ratio": null,
            "price_fair": 33.9,
            "eps_avg_yearly": 1.2,
            "eps_latest_yearly": 0.76,
            "eps_growth_yearly": 18.25
        },
        "20114": {
            "year_quarter": 20114,
            "year": 2011,
            "quarter": 4,
            "eps": -0.01,
            "eps_growth_year": -103.34,
            "eps_4q": 0.29,
            "eps_4q_growth_year": -77.6,
            "roe": -0.07,
            "roe_4q": 1.9100000000000001,
            "gross_profit": null,
            "gross_margin": null,
            "gross_margin_4q_avg": 0,
            "net_income": -5204,
            "net_income_4q": null,
            "revenue": -5204,
            "revenue_4q": null,
            "common_shares": 5512500,
            "book_valuer_per_share": 12.91,
            "book_valuer_per_share_4q_avg": 13.3,
            "equity": 7118474,
            "current_ratio": null,
            "debt_ratio": 76.64,
            "inventory_turnover_ratio": null,
            "account_receivable_turnover_ratio": -1.72,
            "reinvestment_rate": null,
            "research_to_sale_ratio": null,
            "price_fair": 33.9,
            "eps_avg_yearly": 1.2,
            "eps_latest_yearly": 0.76,
            "eps_growth_yearly": 18.25
        },
        "20121": {
            "year_quarter": 20121,
            "year": 2012,
            "quarter": 1,
            "eps": 0.74,
            "eps_growth_year": 174.07,
            "eps_4q": 0.76,
            "eps_4q_growth_year": -42.12,
            "roe": 5.54,
            "roe_4q": 5.61,
            "gross_profit": null,
            "gross_margin": null,
            "gross_margin_4q_avg": 0,
            "net_income": 407898,
            "net_income_4q": null,
            "revenue": 407898,
            "revenue_4q": null,
            "common_shares": 5512500,
            "book_valuer_per_share": 13.78,
            "book_valuer_per_share_4q_avg": 13.16,
            "equity": 7594080,
            "current_ratio": null,
            "debt_ratio": 75.78,
            "inventory_turnover_ratio": null,
            "account_receivable_turnover_ratio": 120.45,
            "reinvestment_rate": null,
            "research_to_sale_ratio": null,
            "price_fair": 33.9,
            "eps_avg_yearly": 1.2,
            "eps_latest_yearly": 0.76,
            "eps_growth_yearly": 18.25
        },
        "20122": {
            "year_quarter": 20122,
            "year": 2012,
            "quarter": 2,
            "eps": 0.03,
            "eps_growth_year": -82.02,
            "eps_4q": 0.61,
            "eps_4q_growth_year": -50.77,
            "roe": 0.25,
            "roe_4q": 4.5,
            "gross_profit": null,
            "gross_margin": null,
            "gross_margin_4q_avg": 0,
            "net_income": 18677,
            "net_income_4q": null,
            "revenue": 18677,
            "revenue_4q": null,
            "common_shares": 5512500,
            "book_valuer_per_share": 13.51,
            "book_valuer_per_share_4q_avg": 13.17,
            "equity": 7445607,
            "current_ratio": null,
            "debt_ratio": 76.1,
            "inventory_turnover_ratio": null,
            "account_receivable_turnover_ratio": 4.78,
            "reinvestment_rate": null,
            "research_to_sale_ratio": null,
            "price_fair": 3.06,
            "eps_avg_yearly": 1.02,
            "eps_latest_yearly": 0.12,
            "eps_growth_yearly": -48.75
        },
        "20123": {
            "year_quarter": 20123,
            "year": 2012,
            "quarter": 3,
            "eps": 0.28,
            "eps_growth_year": null,
            "eps_4q": 1.04,
            "eps_4q_growth_year": 79.85,
            "roe": 2.01,
            "roe_4q": 7.7299999999999995,
            "gross_profit": null,
            "gross_margin": null,
            "gross_margin_4q_avg": 0,
            "net_income": 152628,
            "net_income_4q": null,
            "revenue": 152628,
            "revenue_4q": null,
            "common_shares": 5512500,
            "book_valuer_per_share": 14.06,
            "book_valuer_per_share_4q_avg": 13.57,
            "equity": 7748609,
            "current_ratio": null,
            "debt_ratio": 75.08,
            "inventory_turnover_ratio": null,
            "account_receivable_turnover_ratio": 42.3,
            "reinvestment_rate": null,
            "research_to_sale_ratio": null,
            "price_fair": 36.2,
            "eps_avg_yearly": 1.03,
            "eps_latest_yearly": 1.12,
            "eps_growth_yearly": 434.4
        },
        "20124": {
            "year_quarter": 20124,
            "year": 2012,
            "quarter": 4,
            "eps": 0.18,
            "eps_growth_year": null,
            "eps_4q": 1.23,
            "eps_4q_growth_year": 330.2,
            "roe": 1.27,
            "roe_4q": 9.07,
            "gross_profit": null,
            "gross_margin": null,
            "gross_margin_4q_avg": 0,
            "net_income": 100165,
            "net_income_4q": null,
            "revenue": 100165,
            "revenue_4q": null,
            "common_shares": 5512500,
            "book_valuer_per_share": 14.5,
            "book_valuer_per_share_4q_avg": 13.96,
            "equity": 7993381,
            "current_ratio": null,
            "debt_ratio": 75.1,
            "inventory_turnover_ratio": null,
            "account_receivable_turnover_ratio": 41.68,
            "reinvestment_rate": 1.83,
            "research_to_sale_ratio": null,
            "price_fair": 34.83,
            "eps_avg_yearly": 1,
            "eps_latest_yearly": 0.72,
            "eps_growth_yearly": 362.24
        },
        "20131": {
            "year_quarter": 20131,
            "year": 2013,
            "quarter": 1,
            "eps": 0.28,
            "eps_growth_year": -62.16,
            "eps_4q": 0.77,
            "eps_4q_growth_year": 1.33,
            "roe": 1.87,
            "roe_4q": 5.4,
            "gross_profit": null,
            "gross_margin": null,
            "gross_margin_4q_avg": 0,
            "net_income": 153388,
            "net_income_4q": null,
            "revenue": 3748850,
            "revenue_4q": null,
            "common_shares": 5512500,
            "book_valuer_per_share": 15.21,
            "book_valuer_per_share_4q_avg": 14.32,
            "equity": 8386814,
            "current_ratio": null,
            "debt_ratio": 74.2,
            "inventory_turnover_ratio": null,
            "account_receivable_turnover_ratio": 1363.22,
            "reinvestment_rate": 1.83,
            "research_to_sale_ratio": null,
            "price_fair": 35.31,
            "eps_avg_yearly": 1.01,
            "eps_latest_yearly": 1.12,
            "eps_growth_yearly": 346.69
        },
        "20132": {
            "year_quarter": 20132,
            "year": 2013,
            "quarter": 2,
            "eps": 0.11,
            "eps_growth_year": 224.67,
            "eps_4q": 0.83,
            "eps_4q_growth_year": 37.03,
            "roe": 0.73,
            "roe_4q": 5.88,
            "gross_profit": null,
            "gross_margin": null,
            "gross_margin_4q_avg": 0,
            "net_income": 60806,
            "net_income_4q": null,
            "revenue": 3695405,
            "revenue_4q": null,
            "common_shares": 5512500,
            "book_valuer_per_share": 14.8,
            "book_valuer_per_share_4q_avg": 14.64,
            "equity": 8160682,
            "current_ratio": null,
            "debt_ratio": 74.99,
            "inventory_turnover_ratio": null,
            "account_receivable_turnover_ratio": 900.33,
            "reinvestment_rate": 1.98,
            "research_to_sale_ratio": null,
            "price_fair": 33.32,
            "eps_avg_yearly": 0.95,
            "eps_latest_yearly": 0.44,
            "eps_growth_yearly": 287.73
        },
        "20133": {
            "year_quarter": 20133,
            "year": 2013,
            "quarter": 3,
            "eps": 0.83,
            "eps_growth_year": 199.77,
            "eps_4q": 1.39,
            "eps_4q_growth_year": 33.09,
            "roe": 5.51,
            "roe_4q": 9.379999999999999,
            "gross_profit": null,
            "gross_margin": null,
            "gross_margin_4q_avg": 0,
            "net_income": 464866,
            "net_income_4q": null,
            "revenue": 4166111,
            "revenue_4q": null,
            "common_shares": 5622750,
            "book_valuer_per_share": 15.5,
            "book_valuer_per_share_4q_avg": 15,
            "equity": 8716677,
            "current_ratio": null,
            "debt_ratio": 73.32,
            "inventory_turnover_ratio": null,
            "account_receivable_turnover_ratio": 1111.26,
            "reinvestment_rate": 1.78,
            "research_to_sale_ratio": null,
            "price_fair": 40.85,
            "eps_avg_yearly": 1.17,
            "eps_latest_yearly": 3.32,
            "eps_growth_yearly": 499.59
        },
        "20134": {
            "year_quarter": 20134,
            "year": 2013,
            "quarter": 4,
            "eps": 0.09,
            "eps_growth_year": -48.1,
            "eps_4q": 1.3,
            "eps_4q_growth_year": 5.65,
            "roe": 0.6,
            "roe_4q": 8.71,
            "gross_profit": null,
            "gross_margin": null,
            "gross_margin_4q_avg": 0,
            "net_income": 53030,
            "net_income_4q": null,
            "revenue": 3774128,
            "revenue_4q": null,
            "common_shares": 5622750,
            "book_valuer_per_share": 16.07,
            "book_valuer_per_share_4q_avg": 15.4,
            "equity": 9033548,
            "current_ratio": null,
            "debt_ratio": 72.57,
            "inventory_turnover_ratio": null,
            "account_receivable_turnover_ratio": 1519.38,
            "reinvestment_rate": -27.07,
            "research_to_sale_ratio": null,
            "price_fair": 38.5,
            "eps_avg_yearly": 1.1,
            "eps_latest_yearly": 0.36,
            "eps_growth_yearly": 428.24
        },
        "20141": {
            "year_quarter": 20141,
            "year": 2014,
            "quarter": 1,
            "eps": 0.4,
            "eps_growth_year": 42.86,
            "eps_4q": 1.43,
            "eps_4q_growth_year": 85.26,
            "roe": 2.46,
            "roe_4q": 9.3,
            "gross_profit": null,
            "gross_margin": null,
            "gross_margin_4q_avg": 0,
            "net_income": 224135,
            "net_income_4q": null,
            "revenue": 4116401,
            "revenue_4q": null,
            "common_shares": 5622750,
            "book_valuer_per_share": 16.39,
            "book_valuer_per_share_4q_avg": 15.69,
            "equity": 9214455,
            "current_ratio": null,
            "debt_ratio": 72.56,
            "inventory_turnover_ratio": null,
            "account_receivable_turnover_ratio": 1155.48,
            "reinvestment_rate": -25.44,
            "research_to_sale_ratio": null,
            "price_fair": 39.85,
            "eps_avg_yearly": 1.14,
            "eps_latest_yearly": 1.6,
            "eps_growth_yearly": 501.28
        },
        "20142": {
            "year_quarter": 20142,
            "year": 2014,
            "quarter": 2,
            "eps": 0.43,
            "eps_growth_year": 290.91,
            "eps_4q": 1.75,
            "eps_4q_growth_year": 110.81,
            "roe": 2.68,
            "roe_4q": 11.25,
            "gross_profit": null,
            "gross_margin": null,
            "gross_margin_4q_avg": 0,
            "net_income": 242431,
            "net_income_4q": null,
            "revenue": 4095623,
            "revenue_4q": null,
            "common_shares": 5622750,
            "book_valuer_per_share": 15.79,
            "book_valuer_per_share_4q_avg": 15.94,
            "equity": 8880377,
            "current_ratio": null,
            "debt_ratio": 73.73,
            "inventory_turnover_ratio": null,
            "account_receivable_turnover_ratio": 627.01,
            "reinvestment_rate": -23.27,
            "research_to_sale_ratio": null,
            "price_fair": 41.57,
            "eps_avg_yearly": 1.19,
            "eps_latest_yearly": 1.72,
            "eps_growth_yearly": 498.24
        },
        "20143": {
            "year_quarter": 20143,
            "year": 2014,
            "quarter": 3,
            "eps": 0.43,
            "eps_growth_year": -48.19,
            "eps_4q": 1.35,
            "eps_4q_growth_year": -2.57,
            "roe": 2.67,
            "roe_4q": 8.41,
            "gross_profit": null,
            "gross_margin": null,
            "gross_margin_4q_avg": 0,
            "net_income": 239570,
            "net_income_4q": null,
            "revenue": 4029855,
            "revenue_4q": null,
            "common_shares": 5622750,
            "book_valuer_per_share": 16.09,
            "book_valuer_per_share_4q_avg": 16.09,
            "equity": 9046989,
            "current_ratio": null,
            "debt_ratio": 72.88,
            "inventory_turnover_ratio": null,
            "account_receivable_turnover_ratio": 402.7,
            "reinvestment_rate": -20.87,
            "research_to_sale_ratio": null,
            "price_fair": 40.92,
            "eps_avg_yearly": 1.17,
            "eps_latest_yearly": 1.72,
            "eps_growth_yearly": 473.17
        },
        "20144": {
            "year_quarter": 20144,
            "year": 2014,
            "quarter": 4,
            "eps": 0.29,
            "eps_growth_year": 210.65,
            "eps_4q": 1.55,
            "eps_4q_growth_year": 18.96,
            "roe": 1.78,
            "roe_4q": 9.59,
            "gross_profit": null,
            "gross_margin": null,
            "gross_margin_4q_avg": 0,
            "net_income": 164738,
            "net_income_4q": null,
            "revenue": 4041684,
            "revenue_4q": null,
            "common_shares": 5622750,
            "book_valuer_per_share": 16.82,
            "book_valuer_per_share_4q_avg": 16.27,
            "equity": 9456916,
            "current_ratio": null,
            "debt_ratio": 72.19,
            "inventory_turnover_ratio": null,
            "account_receivable_turnover_ratio": 647.5,
            "reinvestment_rate": -20.59,
            "research_to_sale_ratio": null,
            "price_fair": 41.03,
            "eps_avg_yearly": 1.17,
            "eps_latest_yearly": 1.16,
            "eps_growth_yearly": 476.33
        },
        "20151": {
            "year_quarter": 20151,
            "year": 2015,
            "quarter": 1,
            "eps": 0.56,
            "eps_growth_year": 40,
            "eps_4q": 1.71,
            "eps_4q_growth_year": 19.53,
            "roe": 3.24,
            "roe_4q": 10.370000000000001,
            "gross_profit": null,
            "gross_margin": null,
            "gross_margin_4q_avg": 0,
            "net_income": 312872,
            "net_income_4q": null,
            "revenue": 3826909,
            "revenue_4q": null,
            "common_shares": 5622750,
            "book_valuer_per_share": 17.55,
            "book_valuer_per_share_4q_avg": 16.56,
            "equity": 9868385,
            "current_ratio": null,
            "debt_ratio": 71.17,
            "inventory_turnover_ratio": null,
            "account_receivable_turnover_ratio": null,
            "reinvestment_rate": 2.36,
            "research_to_sale_ratio": null,
            "price_fair": 44.15,
            "eps_avg_yearly": 1.26,
            "eps_latest_yearly": 2.24,
            "eps_growth_yearly": 506.08
        },
        "20152": {
            "year_quarter": 20152,
            "year": 2015,
            "quarter": 2,
            "eps": 0.32,
            "eps_growth_year": -25.58,
            "eps_4q": 1.6,
            "eps_4q_growth_year": -8.8,
            "roe": 1.88,
            "roe_4q": 9.57,
            "gross_profit": null,
            "gross_margin": null,
            "gross_margin_4q_avg": 0,
            "net_income": 180655,
            "net_income_4q": null,
            "revenue": 3478308,
            "revenue_4q": null,
            "common_shares": 5622750,
            "book_valuer_per_share": 16.62,
            "book_valuer_per_share_4q_avg": 16.77,
            "equity": 9343066,
            "current_ratio": null,
            "debt_ratio": 72.63,
            "inventory_turnover_ratio": null,
            "account_receivable_turnover_ratio": null,
            "reinvestment_rate": 2.24,
            "research_to_sale_ratio": null,
            "price_fair": 45.55,
            "eps_avg_yearly": 1.3,
            "eps_latest_yearly": 1.28,
            "eps_growth_yearly": 502.01
        },
        "20153": {
            "year_quarter": 20153,
            "year": 2015,
            "quarter": 3,
            "eps": 0.1,
            "eps_growth_year": -76.74,
            "eps_4q": 1.27,
            "eps_4q_growth_year": -6.01,
            "roe": 0.6,
            "roe_4q": 7.500000000000001,
            "gross_profit": null,
            "gross_margin": null,
            "gross_margin_4q_avg": 0,
            "net_income": 55240,
            "net_income_4q": null,
            "revenue": 3400401,
            "revenue_4q": null,
            "common_shares": 5622750,
            "book_valuer_per_share": 16.17,
            "book_valuer_per_share_4q_avg": 16.79,
            "equity": 9089780,
            "current_ratio": null,
            "debt_ratio": 72.63,
            "inventory_turnover_ratio": null,
            "account_receivable_turnover_ratio": null,
            "reinvestment_rate": 2.14,
            "research_to_sale_ratio": null,
            "price_fair": 43.3,
            "eps_avg_yearly": 1.24,
            "eps_latest_yearly": 0.4,
            "eps_growth_yearly": 446.51
        },
        "20154": {
            "year_quarter": 20154,
            "year": 2015,
            "quarter": 4,
            "eps": 0.39,
            "eps_growth_year": 31.78,
            "eps_4q": 1.36,
            "eps_4q_growth_year": -12.06,
            "roe": 2.35,
            "roe_4q": 8.07,
            "gross_profit": null,
            "gross_margin": null,
            "gross_margin_4q_avg": 0,
            "net_income": 217098,
            "net_income_4q": null,
            "revenue": 3362392,
            "revenue_4q": null,
            "common_shares": 5622750,
            "book_valuer_per_share": 16.63,
            "book_valuer_per_share_4q_avg": 16.74,
            "equity": 9349481,
            "current_ratio": null,
            "debt_ratio": 71.89,
            "inventory_turnover_ratio": null,
            "account_receivable_turnover_ratio": null,
            "reinvestment_rate": 0.13,
            "research_to_sale_ratio": null,
            "price_fair": 44.05,
            "eps_avg_yearly": 1.26,
            "eps_latest_yearly": 1.56,
            "eps_growth_yearly": 494.08
        },
        "20161": {
            "year_quarter": 20161,
            "year": 2016,
            "quarter": 1,
            "eps": 0.13,
            "eps_growth_year": -76.79,
            "eps_4q": 0.94,
            "eps_4q_growth_year": -44.95,
            "roe": 0.8,
            "roe_4q": 5.630000000000001,
            "gross_profit": null,
            "gross_margin": null,
            "gross_margin_4q_avg": 0,
            "net_income": 75318,
            "net_income_4q": null,
            "revenue": 3272140,
            "revenue_4q": null,
            "common_shares": 5622750,
            "book_valuer_per_share": 16.68,
            "book_valuer_per_share_4q_avg": 16.53,
            "equity": 9378796,
            "current_ratio": null,
            "debt_ratio": 72.39,
            "inventory_turnover_ratio": null,
            "account_receivable_turnover_ratio": null,
            "reinvestment_rate": 0.16,
            "research_to_sale_ratio": null,
            "price_fair": 42.44,
            "eps_avg_yearly": 1.21,
            "eps_latest_yearly": 0.52,
            "eps_growth_yearly": 446.53
        },
        "20162": {
            "year_quarter": 20162,
            "year": 2016,
            "quarter": 2,
            "eps": 0.41,
            "eps_growth_year": 28.12,
            "eps_4q": 1.03,
            "eps_4q_growth_year": -35.32,
            "roe": 2.52,
            "roe_4q": 6.27,
            "gross_profit": null,
            "gross_margin": null,
            "gross_margin_4q_avg": 0,
            "net_income": 233090,
            "net_income_4q": null,
            "revenue": 3399279,
            "revenue_4q": null,
            "common_shares": 5622750,
            "book_valuer_per_share": 16.27,
            "book_valuer_per_share_4q_avg": 16.44,
            "equity": 9147747,
            "current_ratio": null,
            "debt_ratio": 73.32,
            "inventory_turnover_ratio": null,
            "account_receivable_turnover_ratio": null,
            "reinvestment_rate": 0.12,
            "research_to_sale_ratio": null,
            "price_fair": 45.76,
            "eps_avg_yearly": 1.31,
            "eps_latest_yearly": 1.64,
            "eps_growth_yearly": 524.36
        },
        "20163": {
            "year_quarter": 20163,
            "year": 2016,
            "quarter": 3,
            "eps": 0.57,
            "eps_growth_year": 470,
            "eps_4q": 1.5,
            "eps_4q_growth_year": 18.28,
            "roe": 3.42,
            "roe_4q": 9.09,
            "gross_profit": null,
            "gross_margin": null,
            "gross_margin_4q_avg": 0,
            "net_income": 318414,
            "net_income_4q": null,
            "revenue": 3502675,
            "revenue_4q": null,
            "common_shares": 5622750,
            "book_valuer_per_share": 16.84,
            "book_valuer_per_share_4q_avg": 16.61,
            "equity": 9468635,
            "current_ratio": null,
            "debt_ratio": 72.07,
            "inventory_turnover_ratio": null,
            "account_receivable_turnover_ratio": null,
            "reinvestment_rate": 0.09,
            "research_to_sale_ratio": null,
            "price_fair": 48.3,
            "eps_avg_yearly": 1.38,
            "eps_latest_yearly": 2.28,
            "eps_growth_yearly": 325.79
        },
        "20164": {
            "year_quarter": 20164,
            "year": 2016,
            "quarter": 4,
            "eps": 0.25,
            "eps_growth_year": -35.99,
            "eps_4q": 1.36,
            "eps_4q_growth_year": -0.01,
            "roe": 1.47,
            "roe_4q": 8.21,
            "gross_profit": null,
            "gross_margin": null,
            "gross_margin_4q_avg": 0,
            "net_income": 138968,
            "net_income_4q": null,
            "revenue": 3270001,
            "revenue_4q": null,
            "common_shares": 5622750,
            "book_valuer_per_share": 16.89,
            "book_valuer_per_share_4q_avg": 16.67,
            "equity": 9499209,
            "current_ratio": null,
            "debt_ratio": 71.72,
            "inventory_turnover_ratio": null,
            "account_receivable_turnover_ratio": null,
            "reinvestment_rate": 0.03,
            "research_to_sale_ratio": null,
            "price_fair": 48.91,
            "eps_avg_yearly": 1.4,
            "eps_latest_yearly": 1,
            "eps_growth_yearly": 320.68
        },
        "20171": {
            "year_quarter": 20171,
            "year": 2017,
            "quarter": 1,
            "eps": 0.47,
            "eps_growth_year": 261.54,
            "eps_4q": 1.7,
            "eps_4q_growth_year": 80.96,
            "roe": 2.75,
            "roe_4q": 10.16,
            "gross_profit": null,
            "gross_margin": null,
            "gross_margin_4q_avg": 0,
            "net_income": 265559,
            "net_income_4q": null,
            "revenue": 3530701,
            "revenue_4q": null,
            "common_shares": 5622750,
            "book_valuer_per_share": 17.51,
            "book_valuer_per_share_4q_avg": 16.88,
            "equity": 9848245,
            "current_ratio": null,
            "debt_ratio": 71.71,
            "inventory_turnover_ratio": null,
            "account_receivable_turnover_ratio": null,
            "reinvestment_rate": 0.12,
            "research_to_sale_ratio": null,
            "price_fair": 50.58,
            "eps_avg_yearly": 1.45,
            "eps_latest_yearly": 1.88,
            "eps_growth_yearly": 328.79
        },
        "20172": {
            "year_quarter": 20172,
            "year": 2017,
            "quarter": 2,
            "eps": 0.58,
            "eps_growth_year": 41.46,
            "eps_4q": 1.87,
            "eps_4q_growth_year": 81.12,
            "roe": 3.28,
            "roe_4q": 10.919999999999998,
            "gross_profit": null,
            "gross_margin": null,
            "gross_margin_4q_avg": 0,
            "net_income": 328911,
            "net_income_4q": null,
            "revenue": 3623698,
            "revenue_4q": null,
            "common_shares": 5622750,
            "book_valuer_per_share": 18.11,
            "book_valuer_per_share_4q_avg": 17.34,
            "equity": 10180618,
            "current_ratio": null,
            "debt_ratio": 71.59,
            "inventory_turnover_ratio": null,
            "account_receivable_turnover_ratio": null,
            "reinvestment_rate": 0.11,
            "research_to_sale_ratio": null,
            "price_fair": 54.69,
            "eps_avg_yearly": 1.56,
            "eps_latest_yearly": 2.32,
            "eps_growth_yearly": 349.82
        },
        "20173": {
            "year_quarter": 20173,
            "year": 2017,
            "quarter": 3,
            "eps": 1.18,
            "eps_growth_year": 107.02,
            "eps_4q": 2.49,
            "eps_4q_growth_year": 65.7,
            "roe": 6.31,
            "roe_4q": 13.81,
            "gross_profit": null,
            "gross_margin": null,
            "gross_margin_4q_avg": 0,
            "net_income": 664963,
            "net_income_4q": null,
            "revenue": 3980204,
            "revenue_4q": null,
            "common_shares": 5622750,
            "book_valuer_per_share": 19.38,
            "book_valuer_per_share_4q_avg": 17.97,
            "equity": 10895204,
            "current_ratio": null,
            "debt_ratio": 69.78,
            "inventory_turnover_ratio": null,
            "account_receivable_turnover_ratio": null,
            "reinvestment_rate": 0.07,
            "research_to_sale_ratio": null,
            "price_fair": 57.75,
            "eps_avg_yearly": 1.65,
            "eps_latest_yearly": 4.72,
            "eps_growth_yearly": 212.05
        },
        "20174": {
            "year_quarter": 20174,
            "year": 2017,
            "quarter": 4,
            "eps": 0.23,
            "eps_growth_year": -6.43,
            "eps_4q": 2.47,
            "eps_4q_growth_year": 81.44,
            "roe": 1.17,
            "roe_4q": 13.51,
            "gross_profit": null,
            "gross_margin": null,
            "gross_margin_4q_avg": 0,
            "net_income": 130026,
            "net_income_4q": null,
            "revenue": 3465346,
            "revenue_4q": null,
            "common_shares": 5622750,
            "book_valuer_per_share": 20.01,
            "book_valuer_per_share_4q_avg": 18.75,
            "equity": 11251472,
            "current_ratio": null,
            "debt_ratio": 69.18,
            "inventory_turnover_ratio": null,
            "account_receivable_turnover_ratio": null,
            "reinvestment_rate": 0.07,
            "research_to_sale_ratio": null,
            "price_fair": 58.98,
            "eps_avg_yearly": 1.69,
            "eps_latest_yearly": 0.92,
            "eps_growth_yearly": 214.21
        },
        "20181": {
            "year_quarter": 20181,
            "year": 2018,
            "quarter": 1,
            "eps": 0.79,
            "eps_growth_year": 68.09,
            "eps_4q": 2.79,
            "eps_4q_growth_year": 64.01,
            "roe": 3.91,
            "roe_4q": 14.67,
            "gross_profit": null,
            "gross_margin": null,
            "gross_margin_4q_avg": 0,
            "net_income": 444053,
            "net_income_4q": null,
            "revenue": 3890936,
            "revenue_4q": null,
            "common_shares": 5622750,
            "book_valuer_per_share": 20.4,
            "book_valuer_per_share_4q_avg": 19.48,
            "equity": 11470146,
            "current_ratio": null,
            "debt_ratio": 69.14,
            "inventory_turnover_ratio": null,
            "account_receivable_turnover_ratio": null,
            "reinvestment_rate": 0,
            "research_to_sale_ratio": null,
            "price_fair": 62.39,
            "eps_avg_yearly": 1.78,
            "eps_latest_yearly": 3.16,
            "eps_growth_yearly": 188.97
        },
        "20182": {
            "year_quarter": 20182,
            "year": 2018,
            "quarter": 2,
            "eps": 0.31,
            "eps_growth_year": -46.55,
            "eps_4q": 2.41,
            "eps_4q_growth_year": 28.71,
            "roe": 1.61,
            "roe_4q": 13,
            "gross_profit": null,
            "gross_margin": null,
            "gross_margin_4q_avg": 0,
            "net_income": 182475,
            "net_income_4q": null,
            "revenue": 3787432,
            "revenue_4q": null,
            "common_shares": 5622750,
            "book_valuer_per_share": 19.8,
            "book_valuer_per_share_4q_avg": 19.9,
            "equity": 11134762,
            "current_ratio": null,
            "debt_ratio": 70.71,
            "inventory_turnover_ratio": null,
            "account_receivable_turnover_ratio": null,
            "reinvestment_rate": -0,
            "research_to_sale_ratio": null,
            "price_fair": 61.34,
            "eps_avg_yearly": 1.75,
            "eps_latest_yearly": 1.24,
            "eps_growth_yearly": 171.9
        },
        "20183": {
            "year_quarter": 20183,
            "year": 2018,
            "quarter": 3,
            "eps": 0.4,
            "eps_growth_year": -66.1,
            "eps_4q": 1.68,
            "eps_4q_growth_year": -32.53,
            "roe": 2.09,
            "roe_4q": 8.780000000000001,
            "gross_profit": null,
            "gross_margin": null,
            "gross_margin_4q_avg": 0,
            "net_income": 234124,
            "net_income_4q": null,
            "revenue": 3594308,
            "revenue_4q": null,
            "common_shares": 5903888,
            "book_valuer_per_share": 19.15,
            "book_valuer_per_share_4q_avg": 19.84,
            "equity": 11307432,
            "current_ratio": null,
            "debt_ratio": 69.71,
            "inventory_turnover_ratio": null,
            "account_receivable_turnover_ratio": null,
            "reinvestment_rate": -0.23,
            "research_to_sale_ratio": null,
            "price_fair": 61.08,
            "eps_avg_yearly": 1.75,
            "eps_latest_yearly": 1.6,
            "eps_growth_yearly": 179.16
        },
        "20184": {
            "year_quarter": 20184,
            "year": 2018,
            "quarter": 4,
            "eps": 0.32,
            "eps_growth_year": 38.74,
            "eps_4q": 1.78,
            "eps_4q_growth_year": -28.02,
            "roe": 1.68,
            "roe_4q": 9.29,
            "gross_profit": null,
            "gross_margin": null,
            "gross_margin_4q_avg": 0,
            "net_income": 189419,
            "net_income_4q": null,
            "revenue": 3598859,
            "revenue_4q": null,
            "common_shares": 5903888,
            "book_valuer_per_share": 18.97,
            "book_valuer_per_share_4q_avg": 19.58,
            "equity": 11198236,
            "current_ratio": null,
            "debt_ratio": 69.97,
            "inventory_turnover_ratio": null,
            "account_receivable_turnover_ratio": null,
            "reinvestment_rate": -0.25,
            "research_to_sale_ratio": null,
            "price_fair": 61.34,
            "eps_avg_yearly": 1.75,
            "eps_latest_yearly": 1.28,
            "eps_growth_yearly": 182.3
        },
        "20191": {
            "year_quarter": 20191,
            "year": 2019,
            "quarter": 1,
            "eps": 0.64,
            "eps_growth_year": -18.99,
            "eps_4q": 1.67,
            "eps_4q_growth_year": -40.18,
            "roe": 3.31,
            "roe_4q": 8.69,
            "gross_profit": null,
            "gross_margin": null,
            "gross_margin_4q_avg": 0,
            "net_income": 378848,
            "net_income_4q": null,
            "revenue": 4180708,
            "revenue_4q": null,
            "common_shares": 5903888,
            "book_valuer_per_share": 19.84,
            "book_valuer_per_share_4q_avg": 19.44,
            "equity": 11712710,
            "current_ratio": null,
            "debt_ratio": 69.81,
            "inventory_turnover_ratio": null,
            "account_receivable_turnover_ratio": null,
            "reinvestment_rate": -0.29,
            "research_to_sale_ratio": null,
            "price_fair": 62.04,
            "eps_avg_yearly": 1.77,
            "eps_latest_yearly": 2.56,
            "eps_growth_yearly": 184.02
        },
        "20192": {
            "year_quarter": 20192,
            "year": 2019,
            "quarter": 2,
            "eps": 0.39,
            "eps_growth_year": 25.81,
            "eps_4q": 1.74,
            "eps_4q_growth_year": -27.54,
            "roe": 1.97,
            "roe_4q": 9.05,
            "gross_profit": null,
            "gross_margin": null,
            "gross_margin_4q_avg": 0,
            "net_income": 227695,
            "net_income_4q": null,
            "revenue": 4017977,
            "revenue_4q": null,
            "common_shares": 5903888,
            "book_valuer_per_share": 19.32,
            "book_valuer_per_share_4q_avg": 19.32,
            "equity": 11405496,
            "current_ratio": null,
            "debt_ratio": 71.15,
            "inventory_turnover_ratio": null,
            "account_receivable_turnover_ratio": null,
            "reinvestment_rate": -0.27,
            "research_to_sale_ratio": null,
            "price_fair": 62.65,
            "eps_avg_yearly": 1.79,
            "eps_latest_yearly": 1.56,
            "eps_growth_yearly": 184.97
        },
        "20193": {
            "year_quarter": 20193,
            "year": 2019,
            "quarter": 3,
            "eps": 0.72,
            "eps_growth_year": 80,
            "eps_4q": 2.07,
            "eps_4q_growth_year": 23.31,
            "roe": 3.66,
            "roe_4q": 10.62,
            "gross_profit": null,
            "gross_margin": null,
            "gross_margin_4q_avg": 0,
            "net_income": 425667,
            "net_income_4q": null,
            "revenue": 4053323,
            "revenue_4q": null,
            "common_shares": 5903888,
            "book_valuer_per_share": 20.05,
            "book_valuer_per_share_4q_avg": 19.55,
            "equity": 11840194,
            "current_ratio": null,
            "debt_ratio": 69.85,
            "inventory_turnover_ratio": null,
            "account_receivable_turnover_ratio": null,
            "reinvestment_rate": -0.28,
            "research_to_sale_ratio": null,
            "price_fair": 68.08,
            "eps_avg_yearly": 1.95,
            "eps_latest_yearly": 2.88,
            "eps_growth_yearly": 223.31
        },
        "20194": {
            "year_quarter": 20194,
            "year": 2019,
            "quarter": 4,
            "eps": 0.12,
            "eps_growth_year": -62.03,
            "eps_4q": 1.87,
            "eps_4q_growth_year": 5.15,
            "roe": 0.6,
            "roe_4q": 9.54,
            "gross_profit": null,
            "gross_margin": null,
            "gross_margin_4q_avg": 0,
            "net_income": 71915,
            "net_income_4q": null,
            "revenue": 3840916,
            "revenue_4q": null,
            "common_shares": 5903888,
            "book_valuer_per_share": 20.37,
            "book_valuer_per_share_4q_avg": 19.9,
            "equity": 12029123,
            "current_ratio": null,
            "debt_ratio": 69.28,
            "inventory_turnover_ratio": null,
            "account_receivable_turnover_ratio": null,
            "reinvestment_rate": -0.2,
            "research_to_sale_ratio": null,
            "price_fair": 65.71,
            "eps_avg_yearly": 1.88,
            "eps_latest_yearly": 0.48,
            "eps_growth_yearly": 129.98
        },
        "20201": {
            "year_quarter": 20201,
            "year": 2020,
            "quarter": 1,
            "eps": 0.75,
            "eps_growth_year": 17.19,
            "eps_4q": 1.98,
            "eps_4q_growth_year": 18.52,
            "roe": 3.66,
            "roe_4q": 9.89,
            "gross_profit": null,
            "gross_margin": null,
            "gross_margin_4q_avg": 0,
            "net_income": 442024,
            "net_income_4q": null,
            "revenue": 4330548,
            "revenue_4q": null,
            "common_shares": 5903888,
            "book_valuer_per_share": 20.58,
            "book_valuer_per_share_4q_avg": 20.08,
            "equity": 12150316,
            "current_ratio": null,
            "debt_ratio": 70.08,
            "inventory_turnover_ratio": null,
            "account_receivable_turnover_ratio": null,
            "reinvestment_rate": -0.2,
            "research_to_sale_ratio": null,
            "price_fair": 71.14,
            "eps_avg_yearly": 2.03,
            "eps_latest_yearly": 3,
            "eps_growth_yearly": 277.9
        },
        "20202": {
            "year_quarter": 20202,
            "year": 2020,
            "quarter": 2,
            "eps": 0.79,
            "eps_growth_year": 102.56,
            "eps_4q": 2.38,
            "eps_4q_growth_year": 36.43,
            "roe": 3.83,
            "roe_4q": 11.75,
            "gross_profit": null,
            "gross_margin": null,
            "gross_margin_4q_avg": 0,
            "net_income": 465703,
            "net_income_4q": null,
            "revenue": 4449591,
            "revenue_4q": null,
            "common_shares": 5903888,
            "book_valuer_per_share": 20.6,
            "book_valuer_per_share_4q_avg": 20.4,
            "equity": 12159347,
            "current_ratio": null,
            "debt_ratio": 70.78,
            "inventory_turnover_ratio": null,
            "account_receivable_turnover_ratio": null,
            "reinvestment_rate": -0.08,
            "research_to_sale_ratio": null,
            "price_fair": 74.46,
            "eps_avg_yearly": 2.13,
            "eps_latest_yearly": 3.16,
            "eps_growth_yearly": 225.38
        },
        "20203": {
            "year_quarter": 20203,
            "year": 2020,
            "quarter": 3,
            "eps": 0.89,
            "eps_growth_year": 23.61,
            "eps_4q": 2.54,
            "eps_4q_growth_year": 22.99,
            "roe": 4.22,
            "roe_4q": 12.31,
            "gross_profit": null,
            "gross_margin": null,
            "gross_margin_4q_avg": 0,
            "net_income": 522854,
            "net_income_4q": null,
            "revenue": 4497660,
            "revenue_4q": null,
            "common_shares": 5903888,
            "book_valuer_per_share": 21.34,
            "book_valuer_per_share_4q_avg": 20.72,
            "equity": 12601076,
            "current_ratio": null,
            "debt_ratio": 69.6,
            "inventory_turnover_ratio": null,
            "account_receivable_turnover_ratio": null,
            "reinvestment_rate": -0.07,
            "research_to_sale_ratio": null,
            "price_fair": 77.26,
            "eps_avg_yearly": 2.21,
            "eps_latest_yearly": 3.56,
            "eps_growth_yearly": 218.79
        },
        "20204": {
            "year_quarter": 20204,
            "year": 2020,
            "quarter": 4,
            "eps": 0.14,
            "eps_growth_year": 18.4,
            "eps_4q": 2.57,
            "eps_4q_growth_year": 37.28,
            "roe": 0.65,
            "roe_4q": 12.36,
            "gross_profit": null,
            "gross_margin": null,
            "gross_margin_4q_avg": 0,
            "net_income": 85148,
            "net_income_4q": null,
            "revenue": 4379124,
            "revenue_4q": null,
            "common_shares": 5903888,
            "book_valuer_per_share": 22.71,
            "book_valuer_per_share_4q_avg": 21.31,
            "equity": 13409237,
            "current_ratio": null,
            "debt_ratio": 68.61,
            "inventory_turnover_ratio": null,
            "account_receivable_turnover_ratio": null,
            "reinvestment_rate": -0.03,
            "research_to_sale_ratio": null,
            "price_fair": 76.3,
            "eps_avg_yearly": 2.18,
            "eps_latest_yearly": 0.56,
            "eps_growth_yearly": 211.76
        },
        "20211": {
            "year_quarter": 20211,
            "year": 2021,
            "quarter": 1,
            "eps": 1.32,
            "eps_growth_year": 76,
            "eps_4q": 3.14,
            "eps_4q_growth_year": 58.96,
            "roe": 5.67,
            "roe_4q": 14.37,
            "gross_profit": null,
            "gross_margin": null,
            "gross_margin_4q_avg": 0,
            "net_income": 781782,
            "net_income_4q": null,
            "revenue": 5427886,
            "revenue_4q": null,
            "common_shares": 5903888,
            "book_valuer_per_share": 24.01,
            "book_valuer_per_share_4q_avg": 22.17,
            "equity": 14173476,
            "current_ratio": null,
            "debt_ratio": 68.96,
            "inventory_turnover_ratio": null,
            "account_receivable_turnover_ratio": null,
            "reinvestment_rate": -0.08,
            "research_to_sale_ratio": null,
            "price_fair": 83.74,
            "eps_avg_yearly": 2.39,
            "eps_latest_yearly": 5.28,
            "eps_growth_yearly": 400.47
        },
        "20212": {
            "year_quarter": 20212,
            "year": 2021,
            "quarter": 2,
            "eps": 0.77,
            "eps_growth_year": -2.53,
            "eps_4q": 3.12,
            "eps_4q_growth_year": 31.24,
            "roe": 2.98,
            "roe_4q": 13.52,
            "gross_profit": null,
            "gross_margin": null,
            "gross_margin_4q_avg": 0,
            "net_income": 454545,
            "net_income_4q": null,
            "revenue": 5278827,
            "revenue_4q": null,
            "common_shares": 5903888,
            "book_valuer_per_share": 27.72,
            "book_valuer_per_share_4q_avg": 23.95,
            "equity": 16363664,
            "current_ratio": null,
            "debt_ratio": 67.32,
            "inventory_turnover_ratio": null,
            "account_receivable_turnover_ratio": null,
            "reinvestment_rate": -0.02,
            "research_to_sale_ratio": null,
            "price_fair": 85.4,
            "eps_avg_yearly": 2.44,
            "eps_latest_yearly": 3.08,
            "eps_growth_yearly": 384.21
        },
        "20213": {
            "year_quarter": 20213,
            "year": 2021,
            "quarter": 3,
            "eps": 0.71,
            "eps_growth_year": -20.22,
            "eps_4q": 2.94,
            "eps_4q_growth_year": 15.69,
            "roe": 2.6,
            "roe_4q": 11.9,
            "gross_profit": null,
            "gross_margin": null,
            "gross_margin_4q_avg": 0,
            "net_income": 416714,
            "net_income_4q": null,
            "revenue": 4905713,
            "revenue_4q": null,
            "common_shares": 5903888,
            "book_valuer_per_share": 26.52,
            "book_valuer_per_share_4q_avg": 25.24,
            "equity": 15657911,
            "current_ratio": null,
            "debt_ratio": 67.6,
            "inventory_turnover_ratio": null,
            "account_receivable_turnover_ratio": null,
            "reinvestment_rate": 1.09,
            "research_to_sale_ratio": null,
            "price_fair": 81.29,
            "eps_avg_yearly": 2.32,
            "eps_latest_yearly": 2.84,
            "eps_growth_yearly": 356.4
        },
        "20214": {
            "year_quarter": 20214,
            "year": 2021,
            "quarter": 4,
            "eps": 0.7,
            "eps_growth_year": 383.9,
            "eps_4q": 3.5,
            "eps_4q_growth_year": 36.24,
            "roe": 2.56,
            "roe_4q": 13.81,
            "gross_profit": null,
            "gross_margin": null,
            "gross_margin_4q_avg": 0,
            "net_income": 412036,
            "net_income_4q": null,
            "revenue": 4828529,
            "revenue_4q": null,
            "common_shares": 5903888,
            "book_valuer_per_share": 28.04,
            "book_valuer_per_share_4q_avg": 26.57,
            "equity": 16552411,
            "current_ratio": null,
            "debt_ratio": 66.54,
            "inventory_turnover_ratio": null,
            "account_receivable_turnover_ratio": null,
            "reinvestment_rate": 1.08,
            "research_to_sale_ratio": null,
            "price_fair": 85.4,
            "eps_avg_yearly": 2.44,
            "eps_latest_yearly": 2.8,
            "eps_growth_yearly": 376.17
        },
        "20221": {
            "year_quarter": 20221,
            "year": 2022,
            "quarter": 1,
            "eps": 1.07,
            "eps_growth_year": -18.94,
            "eps_4q": 3.25,
            "eps_4q_growth_year": 3.26,
            "roe": 3.79,
            "roe_4q": 11.93,
            "gross_profit": null,
            "gross_margin": null,
            "gross_margin_4q_avg": 0,
            "net_income": 632668,
            "net_income_4q": null,
            "revenue": 5529404,
            "revenue_4q": null,
            "common_shares": 5903888,
            "book_valuer_per_share": 28.51,
            "book_valuer_per_share_4q_avg": 27.7,
            "equity": 16831851,
            "current_ratio": null,
            "debt_ratio": 67.47,
            "inventory_turnover_ratio": null,
            "account_receivable_turnover_ratio": null,
            "reinvestment_rate": 0.99,
            "research_to_sale_ratio": null,
            "price_fair": 87.85,
            "eps_avg_yearly": 2.51,
            "eps_latest_yearly": 4.28,
            "eps_growth_yearly": 328.52
        },
        "20222": {
            "year_quarter": 20222,
            "year": 2022,
            "quarter": 2,
            "eps": -0.84,
            "eps_growth_year": -209.09,
            "eps_4q": 1.64,
            "eps_4q_growth_year": -47.55,
            "roe": -3.23,
            "roe_4q": 5.720000000000001,
            "gross_profit": null,
            "gross_margin": null,
            "gross_margin_4q_avg": 0,
            "net_income": -494019,
            "net_income_4q": null,
            "revenue": 6094906,
            "revenue_4q": null,
            "common_shares": 5903888,
            "book_valuer_per_share": 23.29,
            "book_valuer_per_share_4q_avg": 26.59,
            "equity": 13752367,
            "current_ratio": null,
            "debt_ratio": 73.67,
            "inventory_turnover_ratio": null,
            "account_receivable_turnover_ratio": null,
            "reinvestment_rate": 1.14,
            "research_to_sale_ratio": null,
            "price_fair": 90.81,
            "eps_avg_yearly": 2.59,
            "eps_latest_yearly": 4.28,
            "eps_growth_yearly": 366.62
        },
        "20223": {
            "year_quarter": 20223,
            "year": 2022,
            "quarter": 3,
            "eps": -0.11,
            "eps_growth_year": -115.49,
            "eps_4q": 0.83,
            "eps_4q_growth_year": -71.91,
            "roe": -0.45,
            "roe_4q": 2.67,
            "gross_profit": null,
            "gross_margin": null,
            "gross_margin_4q_avg": 0,
            "net_income": -62464,
            "net_income_4q": null,
            "revenue": 4939280,
            "revenue_4q": null,
            "common_shares": 5903888,
            "book_valuer_per_share": 23.29,
            "book_valuer_per_share_4q_avg": 25.78,
            "equity": 13747889,
            "current_ratio": null,
            "debt_ratio": 73.12,
            "inventory_turnover_ratio": null,
            "account_receivable_turnover_ratio": null,
            "reinvestment_rate": 1.31,
            "research_to_sale_ratio": null,
            "price_fair": 93.3,
            "eps_avg_yearly": 2.67,
            "eps_latest_yearly": 4.28,
            "eps_growth_yearly": 384.51
        },
        "20224": {
            "year_quarter": 20224,
            "year": 2022,
            "quarter": 4,
            "eps": 0.22,
            "eps_growth_year": -68.3,
            "eps_4q": 0.32,
            "eps_4q_growth_year": -90.95,
            "roe": 1.15,
            "roe_4q": 1.2599999999999998,
            "gross_profit": null,
            "gross_margin": null,
            "gross_margin_4q_avg": 0,
            "net_income": 177088,
            "net_income_4q": null,
            "revenue": 4774456,
            "revenue_4q": null,
            "common_shares": 8003888,
            "book_valuer_per_share": 21.24,
            "book_valuer_per_share_4q_avg": 24.08,
            "equity": 16997748,
            "current_ratio": null,
            "debt_ratio": 66.19,
            "inventory_turnover_ratio": null,
            "account_receivable_turnover_ratio": null,
            "reinvestment_rate": 1.44,
            "research_to_sale_ratio": null,
            "price_fair": 97.03,
            "eps_avg_yearly": 2.77,
            "eps_latest_yearly": 4.28,
            "eps_growth_yearly": 420.24
        },
        "20231": {
            "year_quarter": 20231,
            "year": 2023,
            "quarter": 1,
            "eps": 0.81,
            "eps_growth_year": -24.3,
            "eps_4q": 0.34,
            "eps_4q_growth_year": -89.51,
            "roe": 3.79,
            "roe_4q": 1.2599999999999993,
            "gross_profit": null,
            "gross_margin": null,
            "gross_margin_4q_avg": 0,
            "net_income": 651978,
            "net_income_4q": null,
            "revenue": 5440044,
            "revenue_4q": null,
            "common_shares": 8003888,
            "book_valuer_per_share": 21.7,
            "book_valuer_per_share_4q_avg": 22.38,
            "equity": 17370919,
            "current_ratio": null,
            "debt_ratio": 66.24,
            "inventory_turnover_ratio": null,
            "account_receivable_turnover_ratio": null,
            "reinvestment_rate": 1.6,
            "research_to_sale_ratio": null,
            "price_fair": 98.86,
            "eps_avg_yearly": 2.82,
            "eps_latest_yearly": 3.24,
            "eps_growth_yearly": 471.99
        },
        "20232": {
            "year_quarter": 20232,
            "year": 2023,
            "quarter": 2,
            "eps": 0.66,
            "eps_growth_year": null,
            "eps_4q": 1.62,
            "eps_4q_growth_year": -1.33,
            "roe": 2.98,
            "roe_4q": 7.47,
            "gross_profit": null,
            "gross_margin": null,
            "gross_margin_4q_avg": 0,
            "net_income": 527404,
            "net_income_4q": null,
            "revenue": 5527477,
            "revenue_4q": null,
            "common_shares": 8003888,
            "book_valuer_per_share": 22.57,
            "book_valuer_per_share_4q_avg": 22.2,
            "equity": 18064276,
            "current_ratio": null,
            "debt_ratio": 65.82,
            "inventory_turnover_ratio": null,
            "account_receivable_turnover_ratio": null,
            "reinvestment_rate": 1.53,
            "research_to_sale_ratio": null,
            "price_fair": 101.77,
            "eps_avg_yearly": 2.91,
            "eps_latest_yearly": 2.64,
            "eps_growth_yearly": 478.31
        }
    },
    "months": {
        "2001-06": {
            "month": "2001-06",
            "price": "9.23",
            "revenue": 1385409
        },
        "2001-07": {
            "month": "2001-07",
            "price": "8.85",
            "revenue": 648621
        },
        "2001-08": {
            "month": "2001-08",
            "price": "9.00",
            "revenue": 583934
        },
        "2001-09": {
            "month": "2001-09",
            "price": "9.24",
            "revenue": 1655289
        },
        "2001-10": {
            "month": "2001-10",
            "price": "8.00",
            "revenue": 595315
        },
        "2001-11": {
            "month": "2001-11",
            "price": "8.14",
            "revenue": 501592
        },
        "2001-12": {
            "month": "2001-12",
            "price": "9.30",
            "revenue": 1421271
        },
        "2002-01": {
            "month": "2002-01",
            "price": "10.01",
            "revenue": 535463
        },
        "2002-02": {
            "month": "2002-02",
            "price": "10.33",
            "revenue": 484341
        },
        "2002-03": {
            "month": "2002-03",
            "price": "10.19",
            "revenue": 1969627
        },
        "2002-04": {
            "month": "2002-04",
            "price": "10.42",
            "revenue": 562227
        },
        "2002-05": {
            "month": "2002-05",
            "price": "10.44",
            "revenue": 520773
        },
        "2002-06": {
            "month": "2002-06",
            "price": "10.47",
            "revenue": 1553054
        },
        "2002-07": {
            "month": "2002-07",
            "price": "11.02",
            "revenue": 545043
        },
        "2002-08": {
            "month": "2002-08",
            "price": "10.63",
            "revenue": 558723
        },
        "2002-09": {
            "month": "2002-09",
            "price": "10.17",
            "revenue": 1771742
        },
        "2002-10": {
            "month": "2002-10",
            "price": "10.15",
            "revenue": 536820
        },
        "2002-11": {
            "month": "2002-11",
            "price": "10.67",
            "revenue": 504895
        },
        "2002-12": {
            "month": "2002-12",
            "price": "10.62",
            "revenue": 1931678
        },
        "2003-01": {
            "month": "2003-01",
            "price": "11.67",
            "revenue": 513225
        },
        "2003-02": {
            "month": "2003-02",
            "price": "11.75",
            "revenue": 465374
        },
        "2003-03": {
            "month": "2003-03",
            "price": "11.91",
            "revenue": 2220544
        },
        "2003-04": {
            "month": "2003-04",
            "price": "12.13",
            "revenue": 398982
        },
        "2003-05": {
            "month": "2003-05",
            "price": "12.00",
            "revenue": 453756
        },
        "2003-06": {
            "month": "2003-06",
            "price": "12.30",
            "revenue": 2288304
        },
        "2003-07": {
            "month": "2003-07",
            "price": "11.66",
            "revenue": 486340
        },
        "2003-08": {
            "month": "2003-08",
            "price": "11.75",
            "revenue": 400078
        },
        "2003-09": {
            "month": "2003-09",
            "price": "11.80",
            "revenue": 2152414
        },
        "2003-10": {
            "month": "2003-10",
            "price": "12.15",
            "revenue": 440469
        },
        "2003-11": {
            "month": "2003-11",
            "price": "12.38",
            "revenue": 408449
        },
        "2003-12": {
            "month": "2003-12",
            "price": "12.32",
            "revenue": 2019101
        },
        "2004-01": {
            "month": "2004-01",
            "price": "12.99",
            "revenue": 403542
        },
        "2004-02": {
            "month": "2004-02",
            "price": "13.95",
            "revenue": 423573
        },
        "2004-03": {
            "month": "2004-03",
            "price": "15.21",
            "revenue": 2284305
        },
        "2004-04": {
            "month": "2004-04",
            "price": "14.95",
            "revenue": 436460
        },
        "2004-05": {
            "month": "2004-05",
            "price": "13.25",
            "revenue": 379754
        },
        "2004-06": {
            "month": "2004-06",
            "price": "13.80",
            "revenue": 2307259
        },
        "2004-07": {
            "month": "2004-07",
            "price": "13.15",
            "revenue": 373858
        },
        "2004-08": {
            "month": "2004-08",
            "price": "12.53",
            "revenue": 394490
        },
        "2004-09": {
            "month": "2004-09",
            "price": "13.25",
            "revenue": 2347458
        },
        "2004-10": {
            "month": "2004-10",
            "price": "13.21",
            "revenue": 339639
        },
        "2004-11": {
            "month": "2004-11",
            "price": "13.32",
            "revenue": 357868
        },
        "2004-12": {
            "month": "2004-12",
            "price": "13.08",
            "revenue": 2018830
        },
        "2005-01": {
            "month": "2005-01",
            "price": "13.20",
            "revenue": 351684
        },
        "2005-02": {
            "month": "2005-02",
            "price": "13.35",
            "revenue": 420608
        },
        "2005-03": {
            "month": "2005-03",
            "price": "13.38",
            "revenue": 2407603
        },
        "2005-04": {
            "month": "2005-04",
            "price": "12.94",
            "revenue": 407250
        },
        "2005-05": {
            "month": "2005-05",
            "price": "12.68",
            "revenue": 427328
        },
        "2005-06": {
            "month": "2005-06",
            "price": "12.84",
            "revenue": 2635329
        },
        "2005-07": {
            "month": "2005-07",
            "price": "12.78",
            "revenue": 471688
        },
        "2005-08": {
            "month": "2005-08",
            "price": "12.02",
            "revenue": 488768
        },
        "2005-09": {
            "month": "2005-09",
            "price": "11.60",
            "revenue": 2557660
        },
        "2005-10": {
            "month": "2005-10",
            "price": "11.40",
            "revenue": 338997
        },
        "2005-11": {
            "month": "2005-11",
            "price": "11.41",
            "revenue": 1004859
        },
        "2005-12": {
            "month": "2005-12",
            "price": "11.55",
            "revenue": 1966818
        },
        "2006-01": {
            "month": "2006-01",
            "price": "11.63",
            "revenue": 398451
        },
        "2006-02": {
            "month": "2006-02",
            "price": "11.61",
            "revenue": 780306
        },
        "2006-03": {
            "month": "2006-03",
            "price": "11.52",
            "revenue": 2148323
        },
        "2006-04": {
            "month": "2006-04",
            "price": "11.72",
            "revenue": 414768
        },
        "2006-05": {
            "month": "2006-05",
            "price": "12.25",
            "revenue": 1154990
        },
        "2006-06": {
            "month": "2006-06",
            "price": "11.83",
            "revenue": 2047541
        },
        "2006-07": {
            "month": "2006-07",
            "price": "11.62",
            "revenue": 467082
        },
        "2006-08": {
            "month": "2006-08",
            "price": "11.75",
            "revenue": 1134902
        },
        "2006-09": {
            "month": "2006-09",
            "price": "11.70",
            "revenue": 2196313
        },
        "2006-10": {
            "month": "2006-10",
            "price": "11.93",
            "revenue": 413858
        },
        "2006-11": {
            "month": "2006-11",
            "price": "12.10",
            "revenue": 1183837
        },
        "2006-12": {
            "month": "2006-12",
            "price": "12.69",
            "revenue": 1767600
        },
        "2007-01": {
            "month": "2007-01",
            "price": "12.81",
            "revenue": 427515
        },
        "2007-02": {
            "month": "2007-02",
            "price": "12.70",
            "revenue": 1094467
        },
        "2007-03": {
            "month": "2007-03",
            "price": "12.69",
            "revenue": 2075445
        },
        "2007-04": {
            "month": "2007-04",
            "price": "13.15",
            "revenue": 365655
        },
        "2007-05": {
            "month": "2007-05",
            "price": "13.74",
            "revenue": 1318443
        },
        "2007-06": {
            "month": "2007-06",
            "price": "14.28",
            "revenue": 1922023
        },
        "2007-07": {
            "month": "2007-07",
            "price": "16.08",
            "revenue": 851108
        },
        "2007-08": {
            "month": "2007-08",
            "price": "14.67",
            "revenue": 1152224
        },
        "2007-09": {
            "month": "2007-09",
            "price": "15.09",
            "revenue": 1840079
        },
        "2007-10": {
            "month": "2007-10",
            "price": "16.32",
            "revenue": 502640
        },
        "2007-11": {
            "month": "2007-11",
            "price": "17.63",
            "revenue": 1265084
        },
        "2007-12": {
            "month": "2007-12",
            "price": "15.65",
            "revenue": 1566682
        },
        "2008-01": {
            "month": "2008-01",
            "price": "16.42",
            "revenue": 471212
        },
        "2008-02": {
            "month": "2008-02",
            "price": "16.99",
            "revenue": 919754
        },
        "2008-03": {
            "month": "2008-03",
            "price": "17.40",
            "revenue": 2189931
        },
        "2008-04": {
            "month": "2008-04",
            "price": "19.49",
            "revenue": 474956
        },
        "2008-05": {
            "month": "2008-05",
            "price": "18.76",
            "revenue": 1388535
        },
        "2008-06": {
            "month": "2008-06",
            "price": "17.45",
            "revenue": 1682757
        },
        "2008-07": {
            "month": "2008-07",
            "price": "15.48",
            "revenue": 552833
        },
        "2008-08": {
            "month": "2008-08",
            "price": "14.39",
            "revenue": 1132286
        },
        "2008-09": {
            "month": "2008-09",
            "price": "12.10",
            "revenue": 1847373
        },
        "2008-10": {
            "month": "2008-10",
            "price": "8.91",
            "revenue": 422130
        },
        "2008-11": {
            "month": "2008-11",
            "price": "7.80",
            "revenue": 1865487
        },
        "2008-12": {
            "month": "2008-12",
            "price": "7.64",
            "revenue": 1961818
        },
        "2009-01": {
            "month": "2009-01",
            "price": "7.38",
            "revenue": 535417
        },
        "2009-02": {
            "month": "2009-02",
            "price": "7.47",
            "revenue": 853052
        },
        "2009-03": {
            "month": "2009-03",
            "price": "8.54",
            "revenue": 2258241
        },
        "2009-04": {
            "month": "2009-04",
            "price": "10.28",
            "revenue": 394112
        },
        "2009-05": {
            "month": "2009-05",
            "price": "10.89",
            "revenue": 957182
        },
        "2009-06": {
            "month": "2009-06",
            "price": "10.48",
            "revenue": 2131470
        },
        "2009-07": {
            "month": "2009-07",
            "price": "10.71",
            "revenue": 431996
        },
        "2009-08": {
            "month": "2009-08",
            "price": "10.95",
            "revenue": 722590
        },
        "2009-09": {
            "month": "2009-09",
            "price": "12.09",
            "revenue": 1883442
        },
        "2009-10": {
            "month": "2009-10",
            "price": "13.21",
            "revenue": 371377
        },
        "2009-11": {
            "month": "2009-11",
            "price": "13.20",
            "revenue": 1152282
        },
        "2009-12": {
            "month": "2009-12",
            "price": "13.14",
            "revenue": 1691992
        },
        "2010-01": {
            "month": "2010-01",
            "price": "13.26",
            "revenue": 608408
        },
        "2010-02": {
            "month": "2010-02",
            "price": "12.32",
            "revenue": 725628
        },
        "2010-03": {
            "month": "2010-03",
            "price": "13.47",
            "revenue": 2097256
        },
        "2010-04": {
            "month": "2010-04",
            "price": "16.41",
            "revenue": 444994
        },
        "2010-05": {
            "month": "2010-05",
            "price": "16.10",
            "revenue": 919081
        },
        "2010-06": {
            "month": "2010-06",
            "price": "16.09",
            "revenue": 2061997
        },
        "2010-07": {
            "month": "2010-07",
            "price": "16.95",
            "revenue": 272619
        },
        "2010-08": {
            "month": "2010-08",
            "price": "15.10",
            "revenue": 1094153
        },
        "2010-09": {
            "month": "2010-09",
            "price": "15.09",
            "revenue": 1846322
        },
        "2010-10": {
            "month": "2010-10",
            "price": "15.81",
            "revenue": 350276
        },
        "2010-11": {
            "month": "2010-11",
            "price": "16.02",
            "revenue": 1201578
        },
        "2010-12": {
            "month": "2010-12",
            "price": "17.64",
            "revenue": 1617485
        },
        "2011-01": {
            "month": "2011-01",
            "price": "18.43",
            "revenue": 1251480
        },
        "2011-02": {
            "month": "2011-02",
            "price": "17.35",
            "revenue": 1124383
        },
        "2011-03": {
            "month": "2011-03",
            "price": "16.78",
            "revenue": 1087137
        },
        "2011-04": {
            "month": "2011-04",
            "price": "17.09",
            "revenue": 1046894
        },
        "2011-05": {
            "month": "2011-05",
            "price": "17.57",
            "revenue": 1166340
        },
        "2011-06": {
            "month": "2011-06",
            "price": "17.29",
            "revenue": 1153249
        },
        "2011-07": {
            "month": "2011-07",
            "price": "17.41",
            "revenue": 1077827
        },
        "2011-08": {
            "month": "2011-08",
            "price": "15.25",
            "revenue": 953029
        },
        "2011-09": {
            "month": "2011-09",
            "price": "14.42",
            "revenue": 999500
        },
        "2011-10": {
            "month": "2011-10",
            "price": "14.17",
            "revenue": 1116144
        },
        "2011-11": {
            "month": "2011-11",
            "price": "13.39",
            "revenue": 1165147
        },
        "2011-12": {
            "month": "2011-12",
            "price": "12.56",
            "revenue": 1063855
        },
        "2012-01": {
            "month": "2012-01",
            "price": "12.26",
            "revenue": 1376519
        },
        "2012-02": {
            "month": "2012-02",
            "price": "12.97",
            "revenue": 1290955
        },
        "2012-03": {
            "month": "2012-03",
            "price": "12.73",
            "revenue": 1186778
        },
        "2012-04": {
            "month": "2012-04",
            "price": "11.37",
            "revenue": 1044100
        },
        "2012-05": {
            "month": "2012-05",
            "price": "12.29",
            "revenue": 1155160
        },
        "2012-06": {
            "month": "2012-06",
            "price": "11.88",
            "revenue": 1212964
        },
        "2012-07": {
            "month": "2012-07",
            "price": "12.35",
            "revenue": 1143350
        },
        "2012-08": {
            "month": "2012-08",
            "price": "13.10",
            "revenue": 1229531
        },
        "2012-09": {
            "month": "2012-09",
            "price": "13.22",
            "revenue": 1152163
        },
        "2012-10": {
            "month": "2012-10",
            "price": "13.04",
            "revenue": 1026982
        },
        "2012-11": {
            "month": "2012-11",
            "price": "12.69",
            "revenue": 1301235
        },
        "2012-12": {
            "month": "2012-12",
            "price": "13.30",
            "revenue": 1230778
        },
        "2013-01": {
            "month": "2013-01",
            "price": "13.81",
            "revenue": 1284736
        },
        "2013-02": {
            "month": "2013-02",
            "price": "14.02",
            "revenue": 1235754
        },
        "2013-03": {
            "month": "2013-03",
            "price": "13.92",
            "revenue": 1228359
        },
        "2013-04": {
            "month": "2013-04",
            "price": "13.43",
            "revenue": 1271660
        },
        "2013-05": {
            "month": "2013-05",
            "price": "13.58",
            "revenue": 1266186
        },
        "2013-06": {
            "month": "2013-06",
            "price": "13.38",
            "revenue": 1157560
        },
        "2013-07": {
            "month": "2013-07",
            "price": "13.33",
            "revenue": 1608180
        },
        "2013-08": {
            "month": "2013-08",
            "price": "13.00",
            "revenue": 1277084
        },
        "2013-09": {
            "month": "2013-09",
            "price": "12.99",
            "revenue": 1280847
        },
        "2013-10": {
            "month": "2013-10",
            "price": "13.19",
            "revenue": 1215529
        },
        "2013-11": {
            "month": "2013-11",
            "price": "13.90",
            "revenue": 1274149
        },
        "2013-12": {
            "month": "2013-12",
            "price": "14.17",
            "revenue": 1284450
        },
        "2014-01": {
            "month": "2014-01",
            "price": "14.60",
            "revenue": 1379178
        },
        "2014-02": {
            "month": "2014-02",
            "price": "14.42",
            "revenue": 1349725
        },
        "2014-03": {
            "month": "2014-03",
            "price": "14.86",
            "revenue": 1387498
        },
        "2014-04": {
            "month": "2014-04",
            "price": "16.15",
            "revenue": 1290705
        },
        "2014-05": {
            "month": "2014-05",
            "price": "16.22",
            "revenue": 1384780
        },
        "2014-06": {
            "month": "2014-06",
            "price": "16.51",
            "revenue": 1420138
        },
        "2014-07": {
            "month": "2014-07",
            "price": "16.88",
            "revenue": 1370865
        },
        "2014-08": {
            "month": "2014-08",
            "price": "15.94",
            "revenue": 1320611
        },
        "2014-09": {
            "month": "2014-09",
            "price": "16.30",
            "revenue": 1338380
        },
        "2014-10": {
            "month": "2014-10",
            "price": "15.89",
            "revenue": 1319306
        },
        "2014-11": {
            "month": "2014-11",
            "price": "15.88",
            "revenue": 1370594
        },
        "2014-12": {
            "month": "2014-12",
            "price": "16.03",
            "revenue": 1351782
        },
        "2015-01": {
            "month": "2015-01",
            "price": "16.36",
            "revenue": 1321101
        },
        "2015-02": {
            "month": "2015-02",
            "price": "16.78",
            "revenue": 1235637
        },
        "2015-03": {
            "month": "2015-03",
            "price": "16.97",
            "revenue": 1270171
        },
        "2015-04": {
            "month": "2015-04",
            "price": "17.34",
            "revenue": 1195905
        },
        "2015-05": {
            "month": "2015-05",
            "price": "17.63",
            "revenue": 1206040
        },
        "2015-06": {
            "month": "2015-06",
            "price": "16.75",
            "revenue": 1076363
        },
        "2015-07": {
            "month": "2015-07",
            "price": "15.97",
            "revenue": 1220615
        },
        "2015-08": {
            "month": "2015-08",
            "price": "15.46",
            "revenue": 1011752
        },
        "2015-09": {
            "month": "2015-09",
            "price": "15.07",
            "revenue": 1168034
        },
        "2015-10": {
            "month": "2015-10",
            "price": "15.34",
            "revenue": 1223698
        },
        "2015-11": {
            "month": "2015-11",
            "price": "15.16",
            "revenue": 1086307
        },
        "2015-12": {
            "month": "2015-12",
            "price": "14.85",
            "revenue": 1052387
        },
        "2016-01": {
            "month": "2016-01",
            "price": "14.43",
            "revenue": 1019642
        },
        "2016-02": {
            "month": "2016-02",
            "price": "14.80",
            "revenue": 1164172
        },
        "2016-03": {
            "month": "2016-03",
            "price": "15.06",
            "revenue": 1088326
        },
        "2016-04": {
            "month": "2016-04",
            "price": "14.57",
            "revenue": 1132910
        },
        "2016-05": {
            "month": "2016-05",
            "price": "14.26",
            "revenue": 1129789
        },
        "2016-06": {
            "month": "2016-06",
            "price": "14.01",
            "revenue": 1136580
        },
        "2016-07": {
            "month": "2016-07",
            "price": "13.75",
            "revenue": 1168852
        },
        "2016-08": {
            "month": "2016-08",
            "price": "13.84",
            "revenue": 1142870
        },
        "2016-09": {
            "month": "2016-09",
            "price": "13.79",
            "revenue": 1190953
        },
        "2016-10": {
            "month": "2016-10",
            "price": "13.78",
            "revenue": 1160255
        },
        "2016-11": {
            "month": "2016-11",
            "price": "14.25",
            "revenue": 1044881
        },
        "2016-12": {
            "month": "2016-12",
            "price": "14.87",
            "revenue": 1064866
        },
        "2017-01": {
            "month": "2017-01",
            "price": "14.84",
            "revenue": 1195455
        },
        "2017-02": {
            "month": "2017-02",
            "price": "15.11",
            "revenue": 1195828
        },
        "2017-03": {
            "month": "2017-03",
            "price": "15.10",
            "revenue": 1139418
        },
        "2017-04": {
            "month": "2017-04",
            "price": "14.43",
            "revenue": 1142087
        },
        "2017-05": {
            "month": "2017-05",
            "price": "14.46",
            "revenue": 1212893
        },
        "2017-06": {
            "month": "2017-06",
            "price": "14.65",
            "revenue": 1268718
        },
        "2017-07": {
            "month": "2017-07",
            "price": "14.70",
            "revenue": 1338177
        },
        "2017-08": {
            "month": "2017-08",
            "price": "14.90",
            "revenue": 1287423
        },
        "2017-09": {
            "month": "2017-09",
            "price": "15.30",
            "revenue": 1354604
        },
        "2017-10": {
            "month": "2017-10",
            "price": "15.43",
            "revenue": 1192943
        },
        "2017-11": {
            "month": "2017-11",
            "price": "16.94",
            "revenue": 1167814
        },
        "2017-12": {
            "month": "2017-12",
            "price": "17.41",
            "revenue": 1104589
        },
        "2018-01": {
            "month": "2018-01",
            "price": "17.90",
            "revenue": 1513435
        },
        "2018-02": {
            "month": "2018-02",
            "price": "17.54",
            "revenue": 1177315
        },
        "2018-03": {
            "month": "2018-03",
            "price": "18.28",
            "revenue": 1200186
        },
        "2018-04": {
            "month": "2018-04",
            "price": "18.98",
            "revenue": 1160163
        },
        "2018-05": {
            "month": "2018-05",
            "price": "20.08",
            "revenue": 1417125
        },
        "2018-06": {
            "month": "2018-06",
            "price": "21.04",
            "revenue": 1210144
        },
        "2018-07": {
            "month": "2018-07",
            "price": "20.47",
            "revenue": 1197911
        },
        "2018-08": {
            "month": "2018-08",
            "price": "18.68",
            "revenue": 1199880
        },
        "2018-09": {
            "month": "2018-09",
            "price": "17.93",
            "revenue": 1196517
        },
        "2018-10": {
            "month": "2018-10",
            "price": "17.18",
            "revenue": 1202954
        },
        "2018-11": {
            "month": "2018-11",
            "price": "16.97",
            "revenue": 1181174
        },
        "2018-12": {
            "month": "2018-12",
            "price": "16.96",
            "revenue": 1214731
        },
        "2019-01": {
            "month": "2019-01",
            "price": "17.30",
            "revenue": 1434121
        },
        "2019-02": {
            "month": "2019-02",
            "price": "17.70",
            "revenue": 1399738
        },
        "2019-03": {
            "month": "2019-03",
            "price": "17.90",
            "revenue": 1346849
        },
        "2019-04": {
            "month": "2019-04",
            "price": "17.84",
            "revenue": 1352146
        },
        "2019-05": {
            "month": "2019-05",
            "price": "18.10",
            "revenue": 1403610
        },
        "2019-06": {
            "month": "2019-06",
            "price": "18.26",
            "revenue": 1262221
        },
        "2019-07": {
            "month": "2019-07",
            "price": "17.86",
            "revenue": 1406670
        },
        "2019-08": {
            "month": "2019-08",
            "price": "17.83",
            "revenue": 1336869
        },
        "2019-09": {
            "month": "2019-09",
            "price": "18.06",
            "revenue": 1309784
        },
        "2019-10": {
            "month": "2019-10",
            "price": "18.23",
            "revenue": 1288100
        },
        "2019-11": {
            "month": "2019-11",
            "price": "18.83",
            "revenue": 1256493
        },
        "2019-12": {
            "month": "2019-12",
            "price": "19.46",
            "revenue": 1296323
        },
        "2020-01": {
            "month": "2020-01",
            "price": "19.96",
            "revenue": 1793467
        },
        "2020-02": {
            "month": "2020-02",
            "price": "19.98",
            "revenue": 1329963
        },
        "2020-03": {
            "month": "2020-03",
            "price": "17.90",
            "revenue": 1207118
        },
        "2020-04": {
            "month": "2020-04",
            "price": "17.56",
            "revenue": 1406873
        },
        "2020-05": {
            "month": "2020-05",
            "price": "18.81",
            "revenue": 1565681
        },
        "2020-06": {
            "month": "2020-06",
            "price": "19.26",
            "revenue": 1477037
        },
        "2020-07": {
            "month": "2020-07",
            "price": "18.90",
            "revenue": 1638838
        },
        "2020-08": {
            "month": "2020-08",
            "price": "19.47",
            "revenue": 1502553
        },
        "2020-09": {
            "month": "2020-09",
            "price": "20.48",
            "revenue": 1356269
        },
        "2020-10": {
            "month": "2020-10",
            "price": "20.56",
            "revenue": 1420021
        },
        "2020-11": {
            "month": "2020-11",
            "price": "21.84",
            "revenue": 1514190
        },
        "2020-12": {
            "month": "2020-12",
            "price": "22.32",
            "revenue": 1444913
        },
        "2021-01": {
            "month": "2021-01",
            "price": "22.23",
            "revenue": 2117613
        },
        "2021-02": {
            "month": "2021-02",
            "price": "22.19",
            "revenue": 1684173
        },
        "2021-03": {
            "month": "2021-03",
            "price": "24.04",
            "revenue": 1626100
        },
        "2021-04": {
            "month": "2021-04",
            "price": "23.92",
            "revenue": 1562946
        },
        "2021-05": {
            "month": "2021-05",
            "price": "25.34",
            "revenue": 1674432
        },
        "2021-06": {
            "month": "2021-06",
            "price": "26.85",
            "revenue": 2041449
        },
        "2021-07": {
            "month": "2021-07",
            "price": "32.17",
            "revenue": 1586643
        },
        "2021-08": {
            "month": "2021-08",
            "price": "27.86",
            "revenue": 1574655
        },
        "2021-09": {
            "month": "2021-09",
            "price": "27.30",
            "revenue": 1744415
        },
        "2021-10": {
            "month": "2021-10",
            "price": "27.51",
            "revenue": 1647609
        },
        "2021-11": {
            "month": "2021-11",
            "price": "28.62",
            "revenue": 1585364
        },
        "2021-12": {
            "month": "2021-12",
            "price": "28.57",
            "revenue": 1595556
        },
        "2022-01": {
            "month": "2022-01",
            "price": "29.19",
            "revenue": 2085532
        },
        "2022-02": {
            "month": "2022-02",
            "price": "29.01",
            "revenue": 1862554
        },
        "2022-03": {
            "month": "2022-03",
            "price": "29.90",
            "revenue": 1581318
        },
        "2022-04": {
            "month": "2022-04",
            "price": "30.50",
            "revenue": 2129971
        },
        "2022-05": {
            "month": "2022-05",
            "price": "28.78",
            "revenue": 2040098
        },
        "2022-06": {
            "month": "2022-06",
            "price": "27.63",
            "revenue": 1924837
        },
        "2022-07": {
            "month": "2022-07",
            "price": "23.60",
            "revenue": 1417889
        },
        "2022-08": {
            "month": "2022-08",
            "price": "21.54",
            "revenue": 1791841
        },
        "2022-09": {
            "month": "2022-09",
            "price": "20.74",
            "revenue": 1729550
        },
        "2022-10": {
            "month": "2022-10",
            "price": "18.83",
            "revenue": 1465832
        },
        "2022-11": {
            "month": "2022-11",
            "price": "18.30",
            "revenue": 1528279
        },
        "2022-12": {
            "month": "2022-12",
            "price": "18.53",
            "revenue": 1780345
        },
        "2023-01": {
            "month": "2023-01",
            "price": "17.36",
            "revenue": 1933106
        },
        "2023-02": {
            "month": "2023-02",
            "price": "18.49",
            "revenue": 1720580
        },
        "2023-03": {
            "month": "2023-03",
            "price": "17.78",
            "revenue": 1786358
        },
        "2023-04": {
            "month": "2023-04",
            "price": "18.14",
            "revenue": 1668233
        },
        "2023-05": {
            "month": "2023-05",
            "price": "19.57",
            "revenue": 1876011
        },
        "2023-06": {
            "month": "2023-06",
            "price": "20.92",
            "revenue": 1983233
        },
        "2023-07": {
            "month": "2023-07",
            "price": "22.35",
            "revenue": 1989437
        },
        "2023-08": {
            "month": "2023-08",
            "price": "23.74",
            "revenue": 1951986
        },
        "2023-09": {
            "month": "2023-09",
            "price": "23.58",
            "revenue": 1751219
        }
    }
}
