{
    "summary": {
        "stock_name": "第一保",
        "stock_id": "2852",
        "category": "金融",
        "main_business": "財產保險",
        "website_url": "http://www.firstins.com.tw",
        "ceo": "陳信坤",
        "pe_ratio": 9,
        "report_year_from": 2001,
        "report_year_to": 2023,
        "age": 22,
        "eps_negative_percentage": 0,
        "eps_growth_avg": {
            "last_all": 6.03,
            "last_2y": 9.35,
            "last_4y": 10.6,
            "last_8y": 6.15,
            "last_12y": null,
            "last_16y": null,
            "last_20y": null,
            "at_2006_last_3y": null,
            "at_2007_last_3y": null,
            "at_2008_last_3y": null,
            "at_2009_last_3y": null,
            "at_2010_last_3y": null,
            "at_2011_last_3y": null,
            "at_2012_last_3y": null,
            "at_2013_last_3y": null,
            "at_2014_last_3y": -5.99,
            "at_2015_last_3y": -7.9,
            "at_2016_last_3y": 4.51,
            "at_2017_last_3y": 0.58,
            "at_2018_last_3y": 12.47,
            "at_2019_last_3y": 30.29,
            "at_2020_last_3y": -13.1,
            "at_2021_last_3y": 12.84,
            "at_2022_last_3y": 11.62,
            "at_2023_last_3y": 11.62,
            "at_2006_last_all": null,
            "at_2007_last_all": null,
            "at_2008_last_all": null,
            "at_2009_last_all": null,
            "at_2010_last_all": null,
            "at_2011_last_all": null,
            "at_2012_last_all": 2.54,
            "at_2013_last_all": 5.68,
            "at_2014_last_all": -5.99,
            "at_2015_last_all": -15.38,
            "at_2016_last_all": 3.85,
            "at_2017_last_all": 2.76,
            "at_2018_last_all": 3.24,
            "at_2019_last_all": 4.92,
            "at_2020_last_all": -2.93,
            "at_2021_last_all": 6.43,
            "at_2022_last_all": 6.03,
            "at_2023_last_all": 6.03
        },
        "latest_eps": 1.72,
        "latest_price": 15.85,
        "latest_roe": 6.72,
        "latest_gross_margin": null,
        "latest_equity": 7889399,
        "latest_revenue": 1723421,
        "latest_gross_profit": null,
        "latest_net_income": 74638,
        "latest_debt_ratio": 57.17,
        "latest_current_ratio": null,
        "latest_account_receivable_turnover_ratio": 10.27,
        "latest_inventory_turnover_ratio": null,
        "latest_reinvestment_rate": 0.63,
        "latest_research_to_sale_ratio": null
    },
    "eps_dividends": {
        "2000": {
            "cash": 0,
            "stock": 1,
            "eps": 0
        },
        "2001": {
            "cash": 0,
            "stock": 1,
            "eps": 0
        },
        "2002": {
            "cash": 0,
            "stock": 0,
            "eps": 0
        },
        "2003": {
            "cash": 1,
            "stock": 1,
            "eps": 0
        },
        "2004": {
            "cash": 1,
            "stock": 1,
            "eps": 0
        },
        "2005": {
            "cash": 1,
            "stock": 1,
            "eps": 0
        },
        "2006": {
            "cash": 0,
            "stock": 0,
            "eps": 0
        },
        "2007": {
            "cash": 1,
            "stock": 1,
            "eps": 0
        },
        "2008": {
            "cash": 0,
            "stock": 1,
            "eps": 0
        },
        "2009": {
            "cash": 0,
            "stock": 0,
            "eps": 0
        },
        "2010": {
            "cash": 1,
            "stock": 0,
            "eps": 2.54
        },
        "2011": {
            "cash": 2,
            "stock": 0,
            "eps": 1.39
        },
        "2012": {
            "cash": 0,
            "stock": 0,
            "eps": 2.09
        },
        "2013": {
            "cash": 2,
            "stock": 0,
            "eps": 2.34
        },
        "2014": {
            "cash": 1,
            "stock": 0,
            "eps": 1.38
        },
        "2015": {
            "cash": 0,
            "stock": 0,
            "eps": 0.65
        },
        "2016": {
            "cash": 0,
            "stock": 0,
            "eps": 1.59
        },
        "2017": {
            "cash": 1,
            "stock": 0,
            "eps": 1.53
        },
        "2018": {
            "cash": 1,
            "stock": 0,
            "eps": 1.63
        },
        "2019": {
            "cash": 0,
            "stock": 0,
            "eps": 1.93
        },
        "2020": {
            "cash": 1,
            "stock": 0,
            "eps": 0.51
        },
        "2021": {
            "cash": 0,
            "stock": 0,
            "eps": 1.83
        },
        "2022": {
            "cash": 1,
            "stock": 0,
            "eps": 1.86
        },
        "2023": {
            "cash": 1,
            "stock": 0,
            "eps": 0.25
        }
    },
    "dividends": {
        "2000-05-10": {
            "cash": 0,
            "stock": 0.67
        },
        "2001-05-25": {
            "cash": 0,
            "stock": 0.6
        },
        "2003-04-17": {
            "cash": 0.6,
            "stock": 0.55
        },
        "2004-04-14": {
            "cash": 0.5,
            "stock": 1.2
        },
        "2005-04-12": {
            "cash": 0.75,
            "stock": 1
        },
        "2006-04-27": {
            "cash": 0.2,
            "stock": 0
        },
        "2007-03-23": {
            "cash": 0.95,
            "stock": 1
        },
        "2008-04-28": {
            "cash": 0.35,
            "stock": 0.65
        },
        "2010-04-29": {
            "cash": 0.64,
            "stock": 0
        },
        "2011-01-01": {
            "cash": 0.2,
            "stock": 0
        },
        "2011-04-27": {
            "cash": 2,
            "stock": 0
        },
        "2013-03-25": {
            "cash": 1.5,
            "stock": 0
        },
        "2014-08-20": {
            "cash": 1.1,
            "stock": 0
        },
        "2015-08-07": {
            "cash": 0.38,
            "stock": 0
        },
        "2017-08-18": {
            "cash": 0.65,
            "stock": 0
        },
        "2018-08-17": {
            "cash": 0.6,
            "stock": 0
        },
        "2019-08-23": {
            "cash": 0.49,
            "stock": 0
        },
        "2020-08-21": {
            "cash": 0.96,
            "stock": 0
        },
        "2021-10-08": {
            "cash": 0.35,
            "stock": 0
        },
        "2022-08-12": {
            "cash": 1.21,
            "stock": 0
        },
        "2023-03-13": {
            "cash": 0.72,
            "stock": 0
        }
    },
    "prices": {
        "200101": "8.16",
        "200102": "10.79",
        "200103": "10.20",
        "200104": "9.60",
        "200105": "9.32",
        "200106": "9.55",
        "200107": "9.25",
        "200108": "9.43",
        "200109": "8.71",
        "200110": "7.96",
        "200111": "7.61",
        "200112": "7.89",
        "200201": "7.29",
        "200202": "7.08",
        "200203": "7.13",
        "200204": "8.70",
        "200205": "8.65",
        "200206": "8.27",
        "200207": "7.77",
        "200208": "7.95",
        "200209": "7.47",
        "200210": "7.20",
        "200211": "7.56",
        "200212": "8.01",
        "200301": "9.58",
        "200302": "9.94",
        "200303": "9.28",
        "200304": "9.72",
        "200305": "9.45",
        "200306": "9.93",
        "200307": "9.60",
        "200308": "9.53",
        "200309": "9.77",
        "200310": "10.04",
        "200311": "12.20",
        "200312": "15.06",
        "200401": "15.65",
        "200402": "20.06",
        "200403": "26.67",
        "200404": "28.26",
        "200405": "22.30",
        "200406": "21.02",
        "200407": "17.75",
        "200408": "15.52",
        "200409": "18.58",
        "200410": "20.56",
        "200411": "20.35",
        "200412": "20.44",
        "200501": "21.85",
        "200502": "21.28",
        "200503": "20.32",
        "200504": "18.22",
        "200505": "16.63",
        "200506": "17.22",
        "200507": "16.14",
        "200508": "14.70",
        "200509": "12.38",
        "200510": "12.48",
        "200511": "11.71",
        "200512": "11.56",
        "200601": "12.08",
        "200602": "11.87",
        "200603": "10.92",
        "200604": "11.49",
        "200605": "12.89",
        "200606": "11.73",
        "200607": "11.21",
        "200608": "11.08",
        "200609": "11.41",
        "200610": "12.77",
        "200611": "13.58",
        "200612": "16.25",
        "200701": "17.30",
        "200702": "16.96",
        "200703": "16.93",
        "200704": "18.30",
        "200705": "17.89",
        "200706": "18.52",
        "200707": "18.93",
        "200708": "15.46",
        "200709": "15.59",
        "200710": "16.51",
        "200711": "16.40",
        "200712": "15.22",
        "200801": "14.77",
        "200802": "14.83",
        "200803": "15.41",
        "200804": "16.30",
        "200805": "17.51",
        "200806": "15.86",
        "200807": "13.50",
        "200808": "12.66",
        "200809": "9.75",
        "200810": "6.78",
        "200811": "6.09",
        "200812": "6.16",
        "200901": "6.35",
        "200902": "6.34",
        "200903": "6.83",
        "200904": "9.56",
        "200905": "10.75",
        "200906": "10.12",
        "200907": "10.33",
        "200908": "10.22",
        "200909": "11.08",
        "200910": "12.47",
        "200911": "11.98",
        "200912": "11.63",
        "201001": "12.14",
        "201002": "11.62",
        "201003": "12.48",
        "201004": "13.13",
        "201005": "12.82",
        "201006": "12.90",
        "201007": "13.85",
        "201008": "13.68",
        "201009": "14.33",
        "201010": "14.84",
        "201011": "16.68",
        "201012": "18.39",
        "201101": "19.41",
        "201102": "18.30",
        "201103": "17.49",
        "201104": "18.45",
        "201105": "19.79",
        "201106": "19.85",
        "201107": "19.51",
        "201108": "16.05",
        "201109": "16.07",
        "201110": "15.10",
        "201111": "13.14",
        "201112": "12.38",
        "201201": "12.62",
        "201202": "14.16",
        "201203": "13.75",
        "201204": "12.52",
        "201205": "12.58",
        "201206": "12.08",
        "201207": "12.43",
        "201208": "13.47",
        "201209": "14.32",
        "201210": "14.30",
        "201211": "15.05",
        "201212": "15.41",
        "201301": "16.22",
        "201302": "16.68",
        "201303": "17.69",
        "201304": "18.85",
        "201305": "19.98",
        "201306": "19.93",
        "201307": "20.42",
        "201308": "18.95",
        "201309": "18.75",
        "201310": "19.10",
        "201311": "19.45",
        "201312": "19.58",
        "201401": "19.81",
        "201402": "19.93",
        "201403": "19.44",
        "201404": "19.02",
        "201405": "18.54",
        "201406": "18.21",
        "201407": "18.44",
        "201408": "16.50",
        "201409": "16.36",
        "201410": "15.68",
        "201411": "15.30",
        "201412": "15.53",
        "201501": "15.61",
        "201502": "15.56",
        "201503": "15.33",
        "201504": "14.86",
        "201505": "15.18",
        "201506": "14.75",
        "201507": "14.55",
        "201508": "13.30",
        "201509": "12.93",
        "201510": "13.10",
        "201511": "12.66",
        "201512": "11.71",
        "201601": "11.08",
        "201602": "10.82",
        "201603": "11.67",
        "201604": "11.63",
        "201605": "11.47",
        "201606": "11.42",
        "201607": "11.70",
        "201608": "11.72",
        "201609": "11.54",
        "201610": "11.22",
        "201611": "12.12",
        "201612": "13.31",
        "201701": "13.18",
        "201702": "13.68",
        "201703": "14.02",
        "201704": "13.14",
        "201705": "13.58",
        "201706": "13.68",
        "201707": "14.09",
        "201708": "13.69",
        "201709": "13.40",
        "201710": "13.39",
        "201711": "14.03",
        "201712": "14.52",
        "201801": "14.52",
        "201802": "14.14",
        "201803": "14.19",
        "201804": "13.72",
        "201805": "14.05",
        "201806": "13.98",
        "201807": "13.82",
        "201808": "13.99",
        "201809": "15.34",
        "201810": "14.52",
        "201811": "14.35",
        "201812": "14.52",
        "201901": "14.60",
        "201902": "15.18",
        "201903": "15.34",
        "201904": "14.44",
        "201905": "14.97",
        "201906": "14.86",
        "201907": "14.98",
        "201908": "14.41",
        "201909": "14.27",
        "201910": "14.22",
        "201911": "14.28",
        "201912": "14.28",
        "202001": "14.60",
        "202002": "14.09",
        "202003": "12.41",
        "202004": "13.43",
        "202005": "13.96",
        "202006": "14.06",
        "202007": "13.82",
        "202008": "12.99",
        "202009": "12.95",
        "202010": "12.99",
        "202011": "13.10",
        "202012": "13.18",
        "202101": "12.99",
        "202102": "12.89",
        "202103": "13.46",
        "202104": "13.42",
        "202105": "13.19",
        "202106": "13.04",
        "202107": "13.09",
        "202108": "13.08",
        "202109": "13.25",
        "202110": "13.18",
        "202111": "14.05",
        "202112": "14.53",
        "202201": "15.04",
        "202202": "15.09",
        "202203": "15.17",
        "202204": "16.57",
        "202205": "15.70",
        "202206": "15.83",
        "202207": "15.42",
        "202208": "14.79",
        "202209": "14.78",
        "202210": "13.86",
        "202211": "15.00",
        "202212": "15.79",
        "202301": "16.08",
        "202302": "16.78",
        "202303": "16.14",
        "202304": "15.69",
        "202305": "15.86"
    },
    "quarters": {
        "20011": {
            "year_quarter": 20011,
            "year": 2001,
            "quarter": 1,
            "eps": null,
            "eps_growth_year": null,
            "eps_4q": null,
            "eps_4q_growth_year": null,
            "roe": null,
            "roe_4q": 0,
            "gross_profit": null,
            "gross_margin": null,
            "gross_margin_4q_avg": 0,
            "net_income": null,
            "revenue": null,
            "common_shares": null,
            "book_valuer_per_share": null,
            "book_valuer_per_share_4q_avg": 0,
            "equity": null,
            "current_ratio": null,
            "debt_ratio": null,
            "inventory_turnover_ratio": null,
            "account_receivable_turnover_ratio": null,
            "reinvestment_rate": null,
            "research_to_sale_ratio": null,
            "price_fair": 0,
            "eps_avg_yearly": 0,
            "eps_latest_yearly": 0,
            "eps_growth_yearly": 0
        },
        "20012": {
            "year_quarter": 20012,
            "year": 2001,
            "quarter": 2,
            "eps": null,
            "eps_growth_year": null,
            "eps_4q": null,
            "eps_4q_growth_year": null,
            "roe": null,
            "roe_4q": 0,
            "gross_profit": null,
            "gross_margin": null,
            "gross_margin_4q_avg": 0,
            "net_income": null,
            "revenue": null,
            "common_shares": null,
            "book_valuer_per_share": null,
            "book_valuer_per_share_4q_avg": 0,
            "equity": null,
            "current_ratio": null,
            "debt_ratio": null,
            "inventory_turnover_ratio": null,
            "account_receivable_turnover_ratio": null,
            "reinvestment_rate": null,
            "research_to_sale_ratio": null,
            "price_fair": 0,
            "eps_avg_yearly": 0,
            "eps_latest_yearly": 0,
            "eps_growth_yearly": 0
        },
        "20013": {
            "year_quarter": 20013,
            "year": 2001,
            "quarter": 3,
            "eps": null,
            "eps_growth_year": null,
            "eps_4q": null,
            "eps_4q_growth_year": null,
            "roe": null,
            "roe_4q": 0,
            "gross_profit": null,
            "gross_margin": null,
            "gross_margin_4q_avg": 0,
            "net_income": null,
            "revenue": null,
            "common_shares": null,
            "book_valuer_per_share": null,
            "book_valuer_per_share_4q_avg": 0,
            "equity": null,
            "current_ratio": null,
            "debt_ratio": null,
            "inventory_turnover_ratio": null,
            "account_receivable_turnover_ratio": null,
            "reinvestment_rate": null,
            "research_to_sale_ratio": null,
            "price_fair": 0,
            "eps_avg_yearly": 0,
            "eps_latest_yearly": 0,
            "eps_growth_yearly": 0
        },
        "20014": {
            "year_quarter": 20014,
            "year": 2001,
            "quarter": 4,
            "eps": null,
            "eps_growth_year": null,
            "eps_4q": null,
            "eps_4q_growth_year": null,
            "roe": null,
            "roe_4q": 0,
            "gross_profit": null,
            "gross_margin": null,
            "gross_margin_4q_avg": 0,
            "net_income": null,
            "revenue": null,
            "common_shares": null,
            "book_valuer_per_share": null,
            "book_valuer_per_share_4q_avg": 0,
            "equity": null,
            "current_ratio": null,
            "debt_ratio": null,
            "inventory_turnover_ratio": null,
            "account_receivable_turnover_ratio": null,
            "reinvestment_rate": null,
            "research_to_sale_ratio": null,
            "price_fair": 0,
            "eps_avg_yearly": 0,
            "eps_latest_yearly": 0,
            "eps_growth_yearly": 0
        },
        "20021": {
            "year_quarter": 20021,
            "year": 2002,
            "quarter": 1,
            "eps": null,
            "eps_growth_year": null,
            "eps_4q": null,
            "eps_4q_growth_year": null,
            "roe": null,
            "roe_4q": 0,
            "gross_profit": null,
            "gross_margin": null,
            "gross_margin_4q_avg": 0,
            "net_income": null,
            "revenue": null,
            "common_shares": null,
            "book_valuer_per_share": null,
            "book_valuer_per_share_4q_avg": 0,
            "equity": null,
            "current_ratio": null,
            "debt_ratio": null,
            "inventory_turnover_ratio": null,
            "account_receivable_turnover_ratio": null,
            "reinvestment_rate": null,
            "research_to_sale_ratio": null,
            "price_fair": 0,
            "eps_avg_yearly": 0,
            "eps_latest_yearly": 0,
            "eps_growth_yearly": 0
        },
        "20022": {
            "year_quarter": 20022,
            "year": 2002,
            "quarter": 2,
            "eps": null,
            "eps_growth_year": null,
            "eps_4q": null,
            "eps_4q_growth_year": null,
            "roe": null,
            "roe_4q": 0,
            "gross_profit": null,
            "gross_margin": null,
            "gross_margin_4q_avg": 0,
            "net_income": null,
            "revenue": null,
            "common_shares": null,
            "book_valuer_per_share": null,
            "book_valuer_per_share_4q_avg": 0,
            "equity": null,
            "current_ratio": null,
            "debt_ratio": null,
            "inventory_turnover_ratio": null,
            "account_receivable_turnover_ratio": null,
            "reinvestment_rate": null,
            "research_to_sale_ratio": null,
            "price_fair": 0,
            "eps_avg_yearly": 0,
            "eps_latest_yearly": 0,
            "eps_growth_yearly": 0
        },
        "20023": {
            "year_quarter": 20023,
            "year": 2002,
            "quarter": 3,
            "eps": null,
            "eps_growth_year": null,
            "eps_4q": null,
            "eps_4q_growth_year": null,
            "roe": null,
            "roe_4q": 0,
            "gross_profit": null,
            "gross_margin": null,
            "gross_margin_4q_avg": 0,
            "net_income": null,
            "revenue": null,
            "common_shares": null,
            "book_valuer_per_share": null,
            "book_valuer_per_share_4q_avg": 0,
            "equity": null,
            "current_ratio": null,
            "debt_ratio": null,
            "inventory_turnover_ratio": null,
            "account_receivable_turnover_ratio": null,
            "reinvestment_rate": null,
            "research_to_sale_ratio": null,
            "price_fair": 0,
            "eps_avg_yearly": 0,
            "eps_latest_yearly": 0,
            "eps_growth_yearly": 0
        },
        "20024": {
            "year_quarter": 20024,
            "year": 2002,
            "quarter": 4,
            "eps": null,
            "eps_growth_year": null,
            "eps_4q": null,
            "eps_4q_growth_year": null,
            "roe": null,
            "roe_4q": 0,
            "gross_profit": null,
            "gross_margin": null,
            "gross_margin_4q_avg": 0,
            "net_income": null,
            "revenue": null,
            "common_shares": null,
            "book_valuer_per_share": null,
            "book_valuer_per_share_4q_avg": 0,
            "equity": null,
            "current_ratio": null,
            "debt_ratio": null,
            "inventory_turnover_ratio": null,
            "account_receivable_turnover_ratio": null,
            "reinvestment_rate": null,
            "research_to_sale_ratio": null,
            "price_fair": 0,
            "eps_avg_yearly": 0,
            "eps_latest_yearly": 0,
            "eps_growth_yearly": 0
        },
        "20031": {
            "year_quarter": 20031,
            "year": 2003,
            "quarter": 1,
            "eps": null,
            "eps_growth_year": null,
            "eps_4q": null,
            "eps_4q_growth_year": null,
            "roe": null,
            "roe_4q": 0,
            "gross_profit": null,
            "gross_margin": null,
            "gross_margin_4q_avg": 0,
            "net_income": null,
            "revenue": null,
            "common_shares": null,
            "book_valuer_per_share": null,
            "book_valuer_per_share_4q_avg": 0,
            "equity": null,
            "current_ratio": null,
            "debt_ratio": null,
            "inventory_turnover_ratio": null,
            "account_receivable_turnover_ratio": null,
            "reinvestment_rate": null,
            "research_to_sale_ratio": null,
            "price_fair": 0,
            "eps_avg_yearly": 0,
            "eps_latest_yearly": 0,
            "eps_growth_yearly": 0
        },
        "20032": {
            "year_quarter": 20032,
            "year": 2003,
            "quarter": 2,
            "eps": null,
            "eps_growth_year": null,
            "eps_4q": null,
            "eps_4q_growth_year": null,
            "roe": null,
            "roe_4q": 0,
            "gross_profit": null,
            "gross_margin": null,
            "gross_margin_4q_avg": 0,
            "net_income": null,
            "revenue": null,
            "common_shares": null,
            "book_valuer_per_share": null,
            "book_valuer_per_share_4q_avg": 0,
            "equity": null,
            "current_ratio": null,
            "debt_ratio": null,
            "inventory_turnover_ratio": null,
            "account_receivable_turnover_ratio": null,
            "reinvestment_rate": null,
            "research_to_sale_ratio": null,
            "price_fair": 0,
            "eps_avg_yearly": 0,
            "eps_latest_yearly": 0,
            "eps_growth_yearly": 0
        },
        "20033": {
            "year_quarter": 20033,
            "year": 2003,
            "quarter": 3,
            "eps": null,
            "eps_growth_year": null,
            "eps_4q": null,
            "eps_4q_growth_year": null,
            "roe": null,
            "roe_4q": 0,
            "gross_profit": null,
            "gross_margin": null,
            "gross_margin_4q_avg": 0,
            "net_income": null,
            "revenue": null,
            "common_shares": null,
            "book_valuer_per_share": null,
            "book_valuer_per_share_4q_avg": 0,
            "equity": null,
            "current_ratio": null,
            "debt_ratio": null,
            "inventory_turnover_ratio": null,
            "account_receivable_turnover_ratio": null,
            "reinvestment_rate": null,
            "research_to_sale_ratio": null,
            "price_fair": 0,
            "eps_avg_yearly": 0,
            "eps_latest_yearly": 0,
            "eps_growth_yearly": 0
        },
        "20034": {
            "year_quarter": 20034,
            "year": 2003,
            "quarter": 4,
            "eps": null,
            "eps_growth_year": null,
            "eps_4q": null,
            "eps_4q_growth_year": null,
            "roe": null,
            "roe_4q": 0,
            "gross_profit": null,
            "gross_margin": null,
            "gross_margin_4q_avg": 0,
            "net_income": null,
            "revenue": null,
            "common_shares": null,
            "book_valuer_per_share": null,
            "book_valuer_per_share_4q_avg": 0,
            "equity": null,
            "current_ratio": null,
            "debt_ratio": null,
            "inventory_turnover_ratio": null,
            "account_receivable_turnover_ratio": null,
            "reinvestment_rate": null,
            "research_to_sale_ratio": null,
            "price_fair": 0,
            "eps_avg_yearly": 0,
            "eps_latest_yearly": 0,
            "eps_growth_yearly": 0
        },
        "20041": {
            "year_quarter": 20041,
            "year": 2004,
            "quarter": 1,
            "eps": null,
            "eps_growth_year": null,
            "eps_4q": null,
            "eps_4q_growth_year": null,
            "roe": null,
            "roe_4q": 0,
            "gross_profit": null,
            "gross_margin": null,
            "gross_margin_4q_avg": 0,
            "net_income": null,
            "revenue": null,
            "common_shares": null,
            "book_valuer_per_share": null,
            "book_valuer_per_share_4q_avg": 0,
            "equity": null,
            "current_ratio": null,
            "debt_ratio": null,
            "inventory_turnover_ratio": null,
            "account_receivable_turnover_ratio": null,
            "reinvestment_rate": null,
            "research_to_sale_ratio": null,
            "price_fair": 0,
            "eps_avg_yearly": 0,
            "eps_latest_yearly": 0,
            "eps_growth_yearly": 0
        },
        "20042": {
            "year_quarter": 20042,
            "year": 2004,
            "quarter": 2,
            "eps": null,
            "eps_growth_year": null,
            "eps_4q": null,
            "eps_4q_growth_year": null,
            "roe": null,
            "roe_4q": 0,
            "gross_profit": null,
            "gross_margin": null,
            "gross_margin_4q_avg": 0,
            "net_income": null,
            "revenue": null,
            "common_shares": null,
            "book_valuer_per_share": null,
            "book_valuer_per_share_4q_avg": 0,
            "equity": null,
            "current_ratio": null,
            "debt_ratio": null,
            "inventory_turnover_ratio": null,
            "account_receivable_turnover_ratio": null,
            "reinvestment_rate": null,
            "research_to_sale_ratio": null,
            "price_fair": 0,
            "eps_avg_yearly": 0,
            "eps_latest_yearly": 0,
            "eps_growth_yearly": 0
        },
        "20043": {
            "year_quarter": 20043,
            "year": 2004,
            "quarter": 3,
            "eps": null,
            "eps_growth_year": null,
            "eps_4q": null,
            "eps_4q_growth_year": null,
            "roe": null,
            "roe_4q": 0,
            "gross_profit": null,
            "gross_margin": null,
            "gross_margin_4q_avg": 0,
            "net_income": null,
            "revenue": null,
            "common_shares": null,
            "book_valuer_per_share": null,
            "book_valuer_per_share_4q_avg": 0,
            "equity": null,
            "current_ratio": null,
            "debt_ratio": null,
            "inventory_turnover_ratio": null,
            "account_receivable_turnover_ratio": null,
            "reinvestment_rate": null,
            "research_to_sale_ratio": null,
            "price_fair": 0,
            "eps_avg_yearly": 0,
            "eps_latest_yearly": 0,
            "eps_growth_yearly": 0
        },
        "20044": {
            "year_quarter": 20044,
            "year": 2004,
            "quarter": 4,
            "eps": null,
            "eps_growth_year": null,
            "eps_4q": null,
            "eps_4q_growth_year": null,
            "roe": null,
            "roe_4q": 0,
            "gross_profit": null,
            "gross_margin": null,
            "gross_margin_4q_avg": 0,
            "net_income": null,
            "revenue": null,
            "common_shares": null,
            "book_valuer_per_share": null,
            "book_valuer_per_share_4q_avg": 0,
            "equity": null,
            "current_ratio": null,
            "debt_ratio": null,
            "inventory_turnover_ratio": null,
            "account_receivable_turnover_ratio": null,
            "reinvestment_rate": null,
            "research_to_sale_ratio": null,
            "price_fair": 0,
            "eps_avg_yearly": 0,
            "eps_latest_yearly": 0,
            "eps_growth_yearly": 0
        },
        "20051": {
            "year_quarter": 20051,
            "year": 2005,
            "quarter": 1,
            "eps": null,
            "eps_growth_year": null,
            "eps_4q": null,
            "eps_4q_growth_year": null,
            "roe": null,
            "roe_4q": 0,
            "gross_profit": null,
            "gross_margin": null,
            "gross_margin_4q_avg": 0,
            "net_income": null,
            "revenue": null,
            "common_shares": null,
            "book_valuer_per_share": null,
            "book_valuer_per_share_4q_avg": 0,
            "equity": null,
            "current_ratio": null,
            "debt_ratio": null,
            "inventory_turnover_ratio": null,
            "account_receivable_turnover_ratio": null,
            "reinvestment_rate": null,
            "research_to_sale_ratio": null,
            "price_fair": 0,
            "eps_avg_yearly": 0,
            "eps_latest_yearly": 0,
            "eps_growth_yearly": 0
        },
        "20052": {
            "year_quarter": 20052,
            "year": 2005,
            "quarter": 2,
            "eps": null,
            "eps_growth_year": null,
            "eps_4q": null,
            "eps_4q_growth_year": null,
            "roe": null,
            "roe_4q": 0,
            "gross_profit": null,
            "gross_margin": null,
            "gross_margin_4q_avg": 0,
            "net_income": null,
            "revenue": null,
            "common_shares": null,
            "book_valuer_per_share": null,
            "book_valuer_per_share_4q_avg": 0,
            "equity": null,
            "current_ratio": null,
            "debt_ratio": null,
            "inventory_turnover_ratio": null,
            "account_receivable_turnover_ratio": null,
            "reinvestment_rate": null,
            "research_to_sale_ratio": null,
            "price_fair": 0,
            "eps_avg_yearly": 0,
            "eps_latest_yearly": 0,
            "eps_growth_yearly": 0
        },
        "20053": {
            "year_quarter": 20053,
            "year": 2005,
            "quarter": 3,
            "eps": null,
            "eps_growth_year": null,
            "eps_4q": null,
            "eps_4q_growth_year": null,
            "roe": null,
            "roe_4q": 0,
            "gross_profit": null,
            "gross_margin": null,
            "gross_margin_4q_avg": 0,
            "net_income": null,
            "revenue": null,
            "common_shares": null,
            "book_valuer_per_share": null,
            "book_valuer_per_share_4q_avg": 0,
            "equity": null,
            "current_ratio": null,
            "debt_ratio": null,
            "inventory_turnover_ratio": null,
            "account_receivable_turnover_ratio": null,
            "reinvestment_rate": null,
            "research_to_sale_ratio": null,
            "price_fair": 0,
            "eps_avg_yearly": 0,
            "eps_latest_yearly": 0,
            "eps_growth_yearly": 0
        },
        "20054": {
            "year_quarter": 20054,
            "year": 2005,
            "quarter": 4,
            "eps": null,
            "eps_growth_year": null,
            "eps_4q": null,
            "eps_4q_growth_year": null,
            "roe": null,
            "roe_4q": 0,
            "gross_profit": null,
            "gross_margin": null,
            "gross_margin_4q_avg": 0,
            "net_income": null,
            "revenue": null,
            "common_shares": null,
            "book_valuer_per_share": null,
            "book_valuer_per_share_4q_avg": 0,
            "equity": null,
            "current_ratio": null,
            "debt_ratio": null,
            "inventory_turnover_ratio": null,
            "account_receivable_turnover_ratio": null,
            "reinvestment_rate": null,
            "research_to_sale_ratio": null,
            "price_fair": 0,
            "eps_avg_yearly": 0,
            "eps_latest_yearly": 0,
            "eps_growth_yearly": 0
        },
        "20061": {
            "year_quarter": 20061,
            "year": 2006,
            "quarter": 1,
            "eps": null,
            "eps_growth_year": null,
            "eps_4q": null,
            "eps_4q_growth_year": null,
            "roe": null,
            "roe_4q": 0,
            "gross_profit": null,
            "gross_margin": null,
            "gross_margin_4q_avg": 0,
            "net_income": null,
            "revenue": null,
            "common_shares": null,
            "book_valuer_per_share": null,
            "book_valuer_per_share_4q_avg": 0,
            "equity": null,
            "current_ratio": null,
            "debt_ratio": null,
            "inventory_turnover_ratio": null,
            "account_receivable_turnover_ratio": null,
            "reinvestment_rate": null,
            "research_to_sale_ratio": null,
            "price_fair": 0,
            "eps_avg_yearly": 0,
            "eps_latest_yearly": 0,
            "eps_growth_yearly": 0
        },
        "20062": {
            "year_quarter": 20062,
            "year": 2006,
            "quarter": 2,
            "eps": null,
            "eps_growth_year": null,
            "eps_4q": null,
            "eps_4q_growth_year": null,
            "roe": null,
            "roe_4q": 0,
            "gross_profit": null,
            "gross_margin": null,
            "gross_margin_4q_avg": 0,
            "net_income": null,
            "revenue": null,
            "common_shares": null,
            "book_valuer_per_share": null,
            "book_valuer_per_share_4q_avg": 0,
            "equity": null,
            "current_ratio": null,
            "debt_ratio": null,
            "inventory_turnover_ratio": null,
            "account_receivable_turnover_ratio": null,
            "reinvestment_rate": null,
            "research_to_sale_ratio": null,
            "price_fair": 0,
            "eps_avg_yearly": 0,
            "eps_latest_yearly": 0,
            "eps_growth_yearly": 0
        },
        "20063": {
            "year_quarter": 20063,
            "year": 2006,
            "quarter": 3,
            "eps": null,
            "eps_growth_year": null,
            "eps_4q": null,
            "eps_4q_growth_year": null,
            "roe": null,
            "roe_4q": 0,
            "gross_profit": null,
            "gross_margin": null,
            "gross_margin_4q_avg": 0,
            "net_income": null,
            "revenue": null,
            "common_shares": null,
            "book_valuer_per_share": null,
            "book_valuer_per_share_4q_avg": 0,
            "equity": null,
            "current_ratio": null,
            "debt_ratio": null,
            "inventory_turnover_ratio": null,
            "account_receivable_turnover_ratio": null,
            "reinvestment_rate": null,
            "research_to_sale_ratio": null,
            "price_fair": 0,
            "eps_avg_yearly": 0,
            "eps_latest_yearly": 0,
            "eps_growth_yearly": 0
        },
        "20064": {
            "year_quarter": 20064,
            "year": 2006,
            "quarter": 4,
            "eps": null,
            "eps_growth_year": null,
            "eps_4q": null,
            "eps_4q_growth_year": null,
            "roe": null,
            "roe_4q": 0,
            "gross_profit": null,
            "gross_margin": null,
            "gross_margin_4q_avg": 0,
            "net_income": null,
            "revenue": null,
            "common_shares": null,
            "book_valuer_per_share": null,
            "book_valuer_per_share_4q_avg": 0,
            "equity": null,
            "current_ratio": null,
            "debt_ratio": null,
            "inventory_turnover_ratio": null,
            "account_receivable_turnover_ratio": null,
            "reinvestment_rate": null,
            "research_to_sale_ratio": null,
            "price_fair": 0,
            "eps_avg_yearly": 0,
            "eps_latest_yearly": 0,
            "eps_growth_yearly": 0
        },
        "20071": {
            "year_quarter": 20071,
            "year": 2007,
            "quarter": 1,
            "eps": null,
            "eps_growth_year": null,
            "eps_4q": null,
            "eps_4q_growth_year": null,
            "roe": null,
            "roe_4q": 0,
            "gross_profit": null,
            "gross_margin": null,
            "gross_margin_4q_avg": 0,
            "net_income": null,
            "revenue": null,
            "common_shares": null,
            "book_valuer_per_share": null,
            "book_valuer_per_share_4q_avg": 0,
            "equity": null,
            "current_ratio": null,
            "debt_ratio": null,
            "inventory_turnover_ratio": null,
            "account_receivable_turnover_ratio": null,
            "reinvestment_rate": null,
            "research_to_sale_ratio": null,
            "price_fair": 0,
            "eps_avg_yearly": 0,
            "eps_latest_yearly": 0,
            "eps_growth_yearly": 0
        },
        "20072": {
            "year_quarter": 20072,
            "year": 2007,
            "quarter": 2,
            "eps": null,
            "eps_growth_year": null,
            "eps_4q": null,
            "eps_4q_growth_year": null,
            "roe": null,
            "roe_4q": 0,
            "gross_profit": null,
            "gross_margin": null,
            "gross_margin_4q_avg": 0,
            "net_income": null,
            "revenue": null,
            "common_shares": null,
            "book_valuer_per_share": null,
            "book_valuer_per_share_4q_avg": 0,
            "equity": null,
            "current_ratio": null,
            "debt_ratio": null,
            "inventory_turnover_ratio": null,
            "account_receivable_turnover_ratio": null,
            "reinvestment_rate": null,
            "research_to_sale_ratio": null,
            "price_fair": 0,
            "eps_avg_yearly": 0,
            "eps_latest_yearly": 0,
            "eps_growth_yearly": 0
        },
        "20073": {
            "year_quarter": 20073,
            "year": 2007,
            "quarter": 3,
            "eps": null,
            "eps_growth_year": null,
            "eps_4q": null,
            "eps_4q_growth_year": null,
            "roe": null,
            "roe_4q": 0,
            "gross_profit": null,
            "gross_margin": null,
            "gross_margin_4q_avg": 0,
            "net_income": null,
            "revenue": null,
            "common_shares": null,
            "book_valuer_per_share": null,
            "book_valuer_per_share_4q_avg": 0,
            "equity": null,
            "current_ratio": null,
            "debt_ratio": null,
            "inventory_turnover_ratio": null,
            "account_receivable_turnover_ratio": null,
            "reinvestment_rate": null,
            "research_to_sale_ratio": null,
            "price_fair": 0,
            "eps_avg_yearly": 0,
            "eps_latest_yearly": 0,
            "eps_growth_yearly": 0
        },
        "20074": {
            "year_quarter": 20074,
            "year": 2007,
            "quarter": 4,
            "eps": null,
            "eps_growth_year": null,
            "eps_4q": null,
            "eps_4q_growth_year": null,
            "roe": null,
            "roe_4q": 0,
            "gross_profit": null,
            "gross_margin": null,
            "gross_margin_4q_avg": 0,
            "net_income": null,
            "revenue": null,
            "common_shares": null,
            "book_valuer_per_share": null,
            "book_valuer_per_share_4q_avg": 0,
            "equity": null,
            "current_ratio": null,
            "debt_ratio": null,
            "inventory_turnover_ratio": null,
            "account_receivable_turnover_ratio": null,
            "reinvestment_rate": null,
            "research_to_sale_ratio": null,
            "price_fair": 0,
            "eps_avg_yearly": 0,
            "eps_latest_yearly": 0,
            "eps_growth_yearly": 0
        },
        "20081": {
            "year_quarter": 20081,
            "year": 2008,
            "quarter": 1,
            "eps": null,
            "eps_growth_year": null,
            "eps_4q": null,
            "eps_4q_growth_year": null,
            "roe": null,
            "roe_4q": 0,
            "gross_profit": null,
            "gross_margin": null,
            "gross_margin_4q_avg": 0,
            "net_income": null,
            "revenue": null,
            "common_shares": null,
            "book_valuer_per_share": null,
            "book_valuer_per_share_4q_avg": 0,
            "equity": null,
            "current_ratio": null,
            "debt_ratio": null,
            "inventory_turnover_ratio": null,
            "account_receivable_turnover_ratio": null,
            "reinvestment_rate": null,
            "research_to_sale_ratio": null,
            "price_fair": 0,
            "eps_avg_yearly": 0,
            "eps_latest_yearly": 0,
            "eps_growth_yearly": 0
        },
        "20082": {
            "year_quarter": 20082,
            "year": 2008,
            "quarter": 2,
            "eps": null,
            "eps_growth_year": null,
            "eps_4q": null,
            "eps_4q_growth_year": null,
            "roe": null,
            "roe_4q": 0,
            "gross_profit": null,
            "gross_margin": null,
            "gross_margin_4q_avg": 0,
            "net_income": null,
            "revenue": null,
            "common_shares": null,
            "book_valuer_per_share": null,
            "book_valuer_per_share_4q_avg": 0,
            "equity": null,
            "current_ratio": null,
            "debt_ratio": null,
            "inventory_turnover_ratio": null,
            "account_receivable_turnover_ratio": null,
            "reinvestment_rate": null,
            "research_to_sale_ratio": null,
            "price_fair": 0,
            "eps_avg_yearly": 0,
            "eps_latest_yearly": 0,
            "eps_growth_yearly": 0
        },
        "20083": {
            "year_quarter": 20083,
            "year": 2008,
            "quarter": 3,
            "eps": null,
            "eps_growth_year": null,
            "eps_4q": null,
            "eps_4q_growth_year": null,
            "roe": null,
            "roe_4q": 0,
            "gross_profit": null,
            "gross_margin": null,
            "gross_margin_4q_avg": 0,
            "net_income": null,
            "revenue": null,
            "common_shares": null,
            "book_valuer_per_share": null,
            "book_valuer_per_share_4q_avg": 0,
            "equity": null,
            "current_ratio": null,
            "debt_ratio": null,
            "inventory_turnover_ratio": null,
            "account_receivable_turnover_ratio": null,
            "reinvestment_rate": null,
            "research_to_sale_ratio": null,
            "price_fair": 0,
            "eps_avg_yearly": 0,
            "eps_latest_yearly": 0,
            "eps_growth_yearly": 0
        },
        "20084": {
            "year_quarter": 20084,
            "year": 2008,
            "quarter": 4,
            "eps": null,
            "eps_growth_year": null,
            "eps_4q": null,
            "eps_4q_growth_year": null,
            "roe": null,
            "roe_4q": 0,
            "gross_profit": null,
            "gross_margin": null,
            "gross_margin_4q_avg": 0,
            "net_income": null,
            "revenue": null,
            "common_shares": 3011638,
            "book_valuer_per_share": null,
            "book_valuer_per_share_4q_avg": 0,
            "equity": 2760904,
            "current_ratio": null,
            "debt_ratio": null,
            "inventory_turnover_ratio": null,
            "account_receivable_turnover_ratio": null,
            "reinvestment_rate": null,
            "research_to_sale_ratio": null,
            "price_fair": 0,
            "eps_avg_yearly": 0,
            "eps_latest_yearly": 0,
            "eps_growth_yearly": 0
        },
        "20091": {
            "year_quarter": 20091,
            "year": 2009,
            "quarter": 1,
            "eps": null,
            "eps_growth_year": null,
            "eps_4q": null,
            "eps_4q_growth_year": null,
            "roe": null,
            "roe_4q": 0,
            "gross_profit": 333477,
            "gross_margin": null,
            "gross_margin_4q_avg": 0,
            "net_income": 90793,
            "revenue": 90793,
            "common_shares": 3011638,
            "book_valuer_per_share": null,
            "book_valuer_per_share_4q_avg": 0,
            "equity": 3088629,
            "current_ratio": null,
            "debt_ratio": null,
            "inventory_turnover_ratio": null,
            "account_receivable_turnover_ratio": null,
            "reinvestment_rate": null,
            "research_to_sale_ratio": null,
            "price_fair": 0,
            "eps_avg_yearly": 0,
            "eps_latest_yearly": 0,
            "eps_growth_yearly": 0
        },
        "20092": {
            "year_quarter": 20092,
            "year": 2009,
            "quarter": 2,
            "eps": null,
            "eps_growth_year": null,
            "eps_4q": null,
            "eps_4q_growth_year": null,
            "roe": null,
            "roe_4q": 0,
            "gross_profit": 330254,
            "gross_margin": null,
            "gross_margin_4q_avg": 0,
            "net_income": -871,
            "revenue": -871,
            "common_shares": 3011638,
            "book_valuer_per_share": null,
            "book_valuer_per_share_4q_avg": 0,
            "equity": 3477707,
            "current_ratio": null,
            "debt_ratio": null,
            "inventory_turnover_ratio": null,
            "account_receivable_turnover_ratio": null,
            "reinvestment_rate": null,
            "research_to_sale_ratio": null,
            "price_fair": 0,
            "eps_avg_yearly": 0,
            "eps_latest_yearly": 0,
            "eps_growth_yearly": 0
        },
        "20093": {
            "year_quarter": 20093,
            "year": 2009,
            "quarter": 3,
            "eps": null,
            "eps_growth_year": null,
            "eps_4q": null,
            "eps_4q_growth_year": null,
            "roe": null,
            "roe_4q": 0,
            "gross_profit": 326746,
            "gross_margin": null,
            "gross_margin_4q_avg": 0,
            "net_income": -87692,
            "revenue": -87692,
            "common_shares": 3011638,
            "book_valuer_per_share": null,
            "book_valuer_per_share_4q_avg": 0,
            "equity": 3453829,
            "current_ratio": null,
            "debt_ratio": null,
            "inventory_turnover_ratio": null,
            "account_receivable_turnover_ratio": null,
            "reinvestment_rate": null,
            "research_to_sale_ratio": null,
            "price_fair": 0,
            "eps_avg_yearly": 0,
            "eps_latest_yearly": 0,
            "eps_growth_yearly": 0
        },
        "20094": {
            "year_quarter": 20094,
            "year": 2009,
            "quarter": 4,
            "eps": null,
            "eps_growth_year": null,
            "eps_4q": null,
            "eps_4q_growth_year": null,
            "roe": null,
            "roe_4q": 0,
            "gross_profit": 468814,
            "gross_margin": null,
            "gross_margin_4q_avg": 0,
            "net_income": 185922,
            "revenue": 185922,
            "common_shares": 3011638,
            "book_valuer_per_share": 12.72,
            "book_valuer_per_share_4q_avg": 3.18,
            "equity": 3830959,
            "current_ratio": 1139.68,
            "debt_ratio": 69.8,
            "inventory_turnover_ratio": null,
            "account_receivable_turnover_ratio": null,
            "reinvestment_rate": null,
            "research_to_sale_ratio": null,
            "price_fair": 0,
            "eps_avg_yearly": 0,
            "eps_latest_yearly": 0,
            "eps_growth_yearly": 0
        },
        "20101": {
            "year_quarter": 20101,
            "year": 2010,
            "quarter": 1,
            "eps": 0.29,
            "eps_growth_year": null,
            "eps_4q": 0.29,
            "eps_4q_growth_year": null,
            "roe": 2.32,
            "roe_4q": 2.32,
            "gross_profit": 313796,
            "gross_margin": 355.05,
            "gross_margin_4q_avg": 88.76,
            "net_income": 88381,
            "revenue": 88381,
            "common_shares": 3011638,
            "book_valuer_per_share": 12.63,
            "book_valuer_per_share_4q_avg": 6.34,
            "equity": 3802497,
            "current_ratio": 1041.9,
            "debt_ratio": 70.39,
            "inventory_turnover_ratio": null,
            "account_receivable_turnover_ratio": 0.59,
            "reinvestment_rate": null,
            "research_to_sale_ratio": null,
            "price_fair": 0,
            "eps_avg_yearly": 0,
            "eps_latest_yearly": 0,
            "eps_growth_yearly": 0
        },
        "20102": {
            "year_quarter": 20102,
            "year": 2010,
            "quarter": 2,
            "eps": 1.04,
            "eps_growth_year": null,
            "eps_4q": 1.34,
            "eps_4q_growth_year": null,
            "roe": 8.3,
            "roe_4q": 10.620000000000001,
            "gross_profit": 572557,
            "gross_margin": 182.05,
            "gross_margin_4q_avg": 134.28,
            "net_income": 314498,
            "revenue": 314498,
            "common_shares": 3011638,
            "book_valuer_per_share": 12.54,
            "book_valuer_per_share_4q_avg": 9.47,
            "equity": 3776859,
            "current_ratio": 890.88,
            "debt_ratio": 70.79,
            "inventory_turnover_ratio": null,
            "account_receivable_turnover_ratio": 1.32,
            "reinvestment_rate": null,
            "research_to_sale_ratio": null,
            "price_fair": 145.6,
            "eps_avg_yearly": 4.16,
            "eps_latest_yearly": 4.16,
            "eps_growth_yearly": 1034.48
        },
        "20103": {
            "year_quarter": 20103,
            "year": 2010,
            "quarter": 3,
            "eps": 0.95,
            "eps_growth_year": null,
            "eps_4q": 2.29,
            "eps_4q_growth_year": null,
            "roe": 7.26,
            "roe_4q": 17.88,
            "gross_profit": 569541,
            "gross_margin": 198.13,
            "gross_margin_4q_avg": 183.81,
            "net_income": 287461,
            "revenue": 287461,
            "common_shares": 3011638,
            "book_valuer_per_share": 13.76,
            "book_valuer_per_share_4q_avg": 12.91,
            "equity": 4144946,
            "current_ratio": 1134,
            "debt_ratio": 68.9,
            "inventory_turnover_ratio": null,
            "account_receivable_turnover_ratio": 1.13,
            "reinvestment_rate": null,
            "research_to_sale_ratio": null,
            "price_fair": 139.3,
            "eps_avg_yearly": 3.98,
            "eps_latest_yearly": 3.8,
            "eps_growth_yearly": 499.93
        },
        "20104": {
            "year_quarter": 20104,
            "year": 2010,
            "quarter": 4,
            "eps": 0.26,
            "eps_growth_year": null,
            "eps_4q": 2.56,
            "eps_4q_growth_year": null,
            "roe": 1.88,
            "roe_4q": 19.76,
            "gross_profit": 321087,
            "gross_margin": 405.08,
            "gross_margin_4q_avg": 285.08,
            "net_income": 79265,
            "revenue": 79265,
            "common_shares": 3011638,
            "book_valuer_per_share": 14.27,
            "book_valuer_per_share_4q_avg": 13.3,
            "equity": 4296831,
            "current_ratio": 1421.68,
            "debt_ratio": 67.57,
            "inventory_turnover_ratio": null,
            "account_receivable_turnover_ratio": 0.51,
            "reinvestment_rate": null,
            "research_to_sale_ratio": null,
            "price_fair": 105,
            "eps_avg_yearly": 3,
            "eps_latest_yearly": 1.04,
            "eps_growth_yearly": 236.45
        },
        "20111": {
            "year_quarter": 20111,
            "year": 2011,
            "quarter": 1,
            "eps": 0.54,
            "eps_growth_year": 86.21,
            "eps_4q": 2.81,
            "eps_4q_growth_year": 856.38,
            "roe": 3.78,
            "roe_4q": 21.22,
            "gross_profit": null,
            "gross_margin": null,
            "gross_margin_4q_avg": 196.32,
            "net_income": 164036,
            "revenue": 164036,
            "common_shares": 3011638,
            "book_valuer_per_share": 14.57,
            "book_valuer_per_share_4q_avg": 13.79,
            "equity": 4389183,
            "current_ratio": null,
            "debt_ratio": 67.79,
            "inventory_turnover_ratio": null,
            "account_receivable_turnover_ratio": 0.99,
            "reinvestment_rate": null,
            "research_to_sale_ratio": null,
            "price_fair": 97.65,
            "eps_avg_yearly": 2.79,
            "eps_latest_yearly": 2.16,
            "eps_growth_yearly": 285.03
        },
        "20112": {
            "year_quarter": 20112,
            "year": 2011,
            "quarter": 2,
            "eps": 0.65,
            "eps_growth_year": -37.45,
            "eps_4q": 2.42,
            "eps_4q_growth_year": 80.57,
            "roe": 4.71,
            "roe_4q": 17.630000000000003,
            "gross_profit": null,
            "gross_margin": null,
            "gross_margin_4q_avg": 150.8,
            "net_income": 196734,
            "revenue": 196734,
            "common_shares": 3011638,
            "book_valuer_per_share": 13.15,
            "book_valuer_per_share_4q_avg": 13.94,
            "equity": 3960851,
            "current_ratio": null,
            "debt_ratio": 71.36,
            "inventory_turnover_ratio": null,
            "account_receivable_turnover_ratio": 1.09,
            "reinvestment_rate": null,
            "research_to_sale_ratio": null,
            "price_fair": 96.32,
            "eps_avg_yearly": 2.75,
            "eps_latest_yearly": 2.6,
            "eps_growth_yearly": 244.32
        },
        "20113": {
            "year_quarter": 20113,
            "year": 2011,
            "quarter": 3,
            "eps": -0.35,
            "eps_growth_year": -136.51,
            "eps_4q": 1.11,
            "eps_4q_growth_year": -51.46,
            "roe": -2.71,
            "roe_4q": 7.659999999999999,
            "gross_profit": null,
            "gross_margin": null,
            "gross_margin_4q_avg": 101.27,
            "net_income": -104957,
            "revenue": -104957,
            "common_shares": 3011638,
            "book_valuer_per_share": 12.61,
            "book_valuer_per_share_4q_avg": 13.65,
            "equity": 3799137,
            "current_ratio": null,
            "debt_ratio": 70.4,
            "inventory_turnover_ratio": null,
            "account_receivable_turnover_ratio": -0.69,
            "reinvestment_rate": null,
            "research_to_sale_ratio": null,
            "price_fair": 96.32,
            "eps_avg_yearly": 2.75,
            "eps_latest_yearly": 2.6,
            "eps_growth_yearly": 244.32
        },
        "20114": {
            "year_quarter": 20114,
            "year": 2011,
            "quarter": 4,
            "eps": 0.55,
            "eps_growth_year": 109.42,
            "eps_4q": 1.4,
            "eps_4q_growth_year": -45.19,
            "roe": 4.27,
            "roe_4q": 10.049999999999999,
            "gross_profit": null,
            "gross_margin": null,
            "gross_margin_4q_avg": 0,
            "net_income": 165996,
            "revenue": 165996,
            "common_shares": 3011638,
            "book_valuer_per_share": 13.22,
            "book_valuer_per_share_4q_avg": 13.39,
            "equity": 3980009,
            "current_ratio": null,
            "debt_ratio": 69.26,
            "inventory_turnover_ratio": null,
            "account_receivable_turnover_ratio": 1.07,
            "reinvestment_rate": null,
            "research_to_sale_ratio": null,
            "price_fair": 96.32,
            "eps_avg_yearly": 2.75,
            "eps_latest_yearly": 2.6,
            "eps_growth_yearly": 244.32
        },
        "20121": {
            "year_quarter": 20121,
            "year": 2012,
            "quarter": 1,
            "eps": 0.39,
            "eps_growth_year": -27.78,
            "eps_4q": 1.25,
            "eps_4q_growth_year": -55.55,
            "roe": 2.87,
            "roe_4q": 9.14,
            "gross_profit": null,
            "gross_margin": null,
            "gross_margin_4q_avg": 0,
            "net_income": 117973,
            "revenue": 117973,
            "common_shares": 3011638,
            "book_valuer_per_share": 14.04,
            "book_valuer_per_share_4q_avg": 13.26,
            "equity": 4228590,
            "current_ratio": null,
            "debt_ratio": 67.35,
            "inventory_turnover_ratio": null,
            "account_receivable_turnover_ratio": 0.68,
            "reinvestment_rate": null,
            "research_to_sale_ratio": null,
            "price_fair": 89.37,
            "eps_avg_yearly": 2.55,
            "eps_latest_yearly": 1.56,
            "eps_growth_yearly": 184.2
        },
        "20122": {
            "year_quarter": 20122,
            "year": 2012,
            "quarter": 2,
            "eps": 0.51,
            "eps_growth_year": -21.52,
            "eps_4q": 1.11,
            "eps_4q_growth_year": -54.17,
            "roe": 3.6,
            "roe_4q": 8.030000000000001,
            "gross_profit": null,
            "gross_margin": null,
            "gross_margin_4q_avg": 0,
            "net_income": 154401,
            "revenue": 154401,
            "common_shares": 3011638,
            "book_valuer_per_share": 14.44,
            "book_valuer_per_share_4q_avg": 13.58,
            "equity": 4348631,
            "current_ratio": null,
            "debt_ratio": 66.91,
            "inventory_turnover_ratio": null,
            "account_receivable_turnover_ratio": 0.85,
            "reinvestment_rate": null,
            "research_to_sale_ratio": null,
            "price_fair": 86.8,
            "eps_avg_yearly": 2.48,
            "eps_latest_yearly": 2.04,
            "eps_growth_yearly": 175.47
        },
        "20123": {
            "year_quarter": 20123,
            "year": 2012,
            "quarter": 3,
            "eps": 0.71,
            "eps_growth_year": null,
            "eps_4q": 2.17,
            "eps_4q_growth_year": 94.68,
            "roe": 4.77,
            "roe_4q": 15.509999999999998,
            "gross_profit": null,
            "gross_margin": null,
            "gross_margin_4q_avg": 0,
            "net_income": 213969,
            "revenue": 213969,
            "common_shares": 3011638,
            "book_valuer_per_share": 15.37,
            "book_valuer_per_share_4q_avg": 14.27,
            "equity": 4628435,
            "current_ratio": null,
            "debt_ratio": 64.96,
            "inventory_turnover_ratio": null,
            "account_receivable_turnover_ratio": 1.23,
            "reinvestment_rate": null,
            "research_to_sale_ratio": null,
            "price_fair": 88.38,
            "eps_avg_yearly": 2.53,
            "eps_latest_yearly": 2.84,
            "eps_growth_yearly": 173.15
        },
        "20124": {
            "year_quarter": 20124,
            "year": 2012,
            "quarter": 4,
            "eps": 0.48,
            "eps_growth_year": -12.82,
            "eps_4q": 2.1,
            "eps_4q_growth_year": 49.61,
            "roe": 3.08,
            "roe_4q": 14.32,
            "gross_profit": null,
            "gross_margin": null,
            "gross_margin_4q_avg": 0,
            "net_income": 144717,
            "revenue": 144717,
            "common_shares": 3011638,
            "book_valuer_per_share": 15.81,
            "book_valuer_per_share_4q_avg": 14.92,
            "equity": 4760174,
            "current_ratio": null,
            "debt_ratio": 64.27,
            "inventory_turnover_ratio": null,
            "account_receivable_turnover_ratio": 0.91,
            "reinvestment_rate": -7.31,
            "research_to_sale_ratio": null,
            "price_fair": 86.02,
            "eps_avg_yearly": 2.46,
            "eps_latest_yearly": 1.92,
            "eps_growth_yearly": 139.51
        },
        "20131": {
            "year_quarter": 20131,
            "year": 2013,
            "quarter": 1,
            "eps": 1.12,
            "eps_growth_year": 187.18,
            "eps_4q": 2.83,
            "eps_4q_growth_year": 126.67,
            "roe": 7.01,
            "roe_4q": 18.46,
            "gross_profit": null,
            "gross_margin": null,
            "gross_margin_4q_avg": 0,
            "net_income": 338619,
            "revenue": 1332796,
            "common_shares": 3011638,
            "book_valuer_per_share": 16.29,
            "book_valuer_per_share_4q_avg": 15.48,
            "equity": 4904631,
            "current_ratio": null,
            "debt_ratio": 63.04,
            "inventory_turnover_ratio": null,
            "account_receivable_turnover_ratio": 8.62,
            "reinvestment_rate": -6.45,
            "research_to_sale_ratio": null,
            "price_fair": 93.1,
            "eps_avg_yearly": 2.66,
            "eps_latest_yearly": 4.48,
            "eps_growth_yearly": 178.89
        },
        "20132": {
            "year_quarter": 20132,
            "year": 2013,
            "quarter": 2,
            "eps": 0.3,
            "eps_growth_year": -41.48,
            "eps_4q": 2.61,
            "eps_4q_growth_year": 136.17,
            "roe": 1.89,
            "roe_4q": 16.75,
            "gross_profit": null,
            "gross_margin": null,
            "gross_margin_4q_avg": 0,
            "net_income": 90107,
            "revenue": 1129651,
            "common_shares": 3011638,
            "book_valuer_per_share": 15.37,
            "book_valuer_per_share_4q_avg": 15.71,
            "equity": 4629126,
            "current_ratio": null,
            "debt_ratio": 67.27,
            "inventory_turnover_ratio": null,
            "account_receivable_turnover_ratio": 5.72,
            "reinvestment_rate": -6.16,
            "research_to_sale_ratio": null,
            "price_fair": 88.45,
            "eps_avg_yearly": 2.53,
            "eps_latest_yearly": 1.2,
            "eps_growth_yearly": 136.01
        },
        "20133": {
            "year_quarter": 20133,
            "year": 2013,
            "quarter": 3,
            "eps": 0.47,
            "eps_growth_year": -33.85,
            "eps_4q": 2.38,
            "eps_4q_growth_year": 9.7,
            "roe": 3.04,
            "roe_4q": 15.02,
            "gross_profit": null,
            "gross_margin": null,
            "gross_margin_4q_avg": 0,
            "net_income": 142200,
            "revenue": 1279631,
            "common_shares": 3011638,
            "book_valuer_per_share": 15.72,
            "book_valuer_per_share_4q_avg": 15.8,
            "equity": 4734018,
            "current_ratio": null,
            "debt_ratio": 65.52,
            "inventory_turnover_ratio": null,
            "account_receivable_turnover_ratio": 6.44,
            "reinvestment_rate": -5.54,
            "research_to_sale_ratio": null,
            "price_fair": 86.57,
            "eps_avg_yearly": 2.47,
            "eps_latest_yearly": 1.88,
            "eps_growth_yearly": 143.56
        },
        "20134": {
            "year_quarter": 20134,
            "year": 2013,
            "quarter": 4,
            "eps": 0.45,
            "eps_growth_year": -6.66,
            "eps_4q": 2.34,
            "eps_4q_growth_year": 11.88,
            "roe": 2.8,
            "roe_4q": 14.739999999999998,
            "gross_profit": null,
            "gross_margin": null,
            "gross_margin_4q_avg": 0,
            "net_income": 135076,
            "revenue": 1212582,
            "common_shares": 3011638,
            "book_valuer_per_share": 16.29,
            "book_valuer_per_share_4q_avg": 15.92,
            "equity": 4905237,
            "current_ratio": null,
            "debt_ratio": 64.08,
            "inventory_turnover_ratio": null,
            "account_receivable_turnover_ratio": 8.02,
            "reinvestment_rate": -4.69,
            "research_to_sale_ratio": null,
            "price_fair": 84.75,
            "eps_avg_yearly": 2.42,
            "eps_latest_yearly": 1.8,
            "eps_growth_yearly": 131.21
        },
        "20141": {
            "year_quarter": 20141,
            "year": 2014,
            "quarter": 1,
            "eps": 0.38,
            "eps_growth_year": -66.07,
            "eps_4q": 1.6,
            "eps_4q_growth_year": -43.49,
            "roe": 2.3,
            "roe_4q": 10.030000000000001,
            "gross_profit": null,
            "gross_margin": null,
            "gross_margin_4q_avg": 0,
            "net_income": 113882,
            "revenue": 1150111,
            "common_shares": 3011638,
            "book_valuer_per_share": 16.59,
            "book_valuer_per_share_4q_avg": 15.99,
            "equity": 4996613,
            "current_ratio": null,
            "debt_ratio": 62.87,
            "inventory_turnover_ratio": null,
            "account_receivable_turnover_ratio": 7.43,
            "reinvestment_rate": -4.26,
            "research_to_sale_ratio": null,
            "price_fair": 82.5,
            "eps_avg_yearly": 2.36,
            "eps_latest_yearly": 1.52,
            "eps_growth_yearly": 117.39
        },
        "20142": {
            "year_quarter": 20142,
            "year": 2014,
            "quarter": 2,
            "eps": 0.15,
            "eps_growth_year": -50,
            "eps_4q": 1.45,
            "eps_4q_growth_year": -44.52,
            "roe": 0.94,
            "roe_4q": 9.079999999999998,
            "gross_profit": null,
            "gross_margin": null,
            "gross_margin_4q_avg": 0,
            "net_income": 45708,
            "revenue": 1133075,
            "common_shares": 3011638,
            "book_valuer_per_share": 15.61,
            "book_valuer_per_share_4q_avg": 16.05,
            "equity": 4701429,
            "current_ratio": null,
            "debt_ratio": 65.59,
            "inventory_turnover_ratio": null,
            "account_receivable_turnover_ratio": 6.99,
            "reinvestment_rate": -4.81,
            "research_to_sale_ratio": null,
            "price_fair": 73.6,
            "eps_avg_yearly": 2.1,
            "eps_latest_yearly": 0.6,
            "eps_growth_yearly": 26.21
        },
        "20143": {
            "year_quarter": 20143,
            "year": 2014,
            "quarter": 3,
            "eps": 0.54,
            "eps_growth_year": 14.89,
            "eps_4q": 1.52,
            "eps_4q_growth_year": -35.95,
            "roe": 3.43,
            "roe_4q": 9.469999999999999,
            "gross_profit": null,
            "gross_margin": null,
            "gross_margin_4q_avg": 0,
            "net_income": 163692,
            "revenue": 1354759,
            "common_shares": 3011638,
            "book_valuer_per_share": 16.06,
            "book_valuer_per_share_4q_avg": 16.14,
            "equity": 4835333,
            "current_ratio": null,
            "debt_ratio": 63.77,
            "inventory_turnover_ratio": null,
            "account_receivable_turnover_ratio": 8.28,
            "reinvestment_rate": -5.1,
            "research_to_sale_ratio": null,
            "price_fair": 69.5,
            "eps_avg_yearly": 1.99,
            "eps_latest_yearly": 2.16,
            "eps_growth_yearly": 102.97
        },
        "20144": {
            "year_quarter": 20144,
            "year": 2014,
            "quarter": 4,
            "eps": 0.31,
            "eps_growth_year": -31.28,
            "eps_4q": 1.38,
            "eps_4q_growth_year": -41.06,
            "roe": 1.91,
            "roe_4q": 8.579999999999998,
            "gross_profit": null,
            "gross_margin": null,
            "gross_margin_4q_avg": 0,
            "net_income": 92819,
            "revenue": 1282760,
            "common_shares": 3011638,
            "book_valuer_per_share": 16.29,
            "book_valuer_per_share_4q_avg": 16.14,
            "equity": 4905433,
            "current_ratio": null,
            "debt_ratio": 63.85,
            "inventory_turnover_ratio": null,
            "account_receivable_turnover_ratio": 7.7,
            "reinvestment_rate": -4.59,
            "research_to_sale_ratio": null,
            "price_fair": 70,
            "eps_avg_yearly": 2,
            "eps_latest_yearly": 1.24,
            "eps_growth_yearly": 111.55
        },
        "20151": {
            "year_quarter": 20151,
            "year": 2015,
            "quarter": 1,
            "eps": 0.42,
            "eps_growth_year": 10.53,
            "eps_4q": 1.42,
            "eps_4q_growth_year": -11.06,
            "roe": 2.53,
            "roe_4q": 8.809999999999999,
            "gross_profit": null,
            "gross_margin": null,
            "gross_margin_4q_avg": 0,
            "net_income": 125841,
            "revenue": 1227679,
            "common_shares": 3011638,
            "book_valuer_per_share": 16.7,
            "book_valuer_per_share_4q_avg": 16.17,
            "equity": 5030388,
            "current_ratio": null,
            "debt_ratio": 63.07,
            "inventory_turnover_ratio": null,
            "account_receivable_turnover_ratio": 8.51,
            "reinvestment_rate": -4.19,
            "research_to_sale_ratio": null,
            "price_fair": 68.8,
            "eps_avg_yearly": 1.97,
            "eps_latest_yearly": 1.68,
            "eps_growth_yearly": 90.92
        },
        "20152": {
            "year_quarter": 20152,
            "year": 2015,
            "quarter": 2,
            "eps": 0.46,
            "eps_growth_year": 206.67,
            "eps_4q": 1.73,
            "eps_4q_growth_year": 19.58,
            "roe": 2.77,
            "roe_4q": 10.64,
            "gross_profit": null,
            "gross_margin": null,
            "gross_margin_4q_avg": 0,
            "net_income": 140037,
            "revenue": 1318327,
            "common_shares": 3011638,
            "book_valuer_per_share": 16.82,
            "book_valuer_per_share_4q_avg": 16.47,
            "equity": 5065356,
            "current_ratio": null,
            "debt_ratio": 64.03,
            "inventory_turnover_ratio": null,
            "account_receivable_turnover_ratio": 10.2,
            "reinvestment_rate": -4.28,
            "research_to_sale_ratio": null,
            "price_fair": 66.9,
            "eps_avg_yearly": 1.91,
            "eps_latest_yearly": 1.84,
            "eps_growth_yearly": 87.82
        },
        "20153": {
            "year_quarter": 20153,
            "year": 2015,
            "quarter": 3,
            "eps": -0.53,
            "eps_growth_year": -198.15,
            "eps_4q": 0.66,
            "eps_4q_growth_year": -56.6,
            "roe": -3.23,
            "roe_4q": 3.9799999999999995,
            "gross_profit": null,
            "gross_margin": null,
            "gross_margin_4q_avg": 0,
            "net_income": -159777,
            "revenue": 1133844,
            "common_shares": 3011638,
            "book_valuer_per_share": 16.01,
            "book_valuer_per_share_4q_avg": 16.46,
            "equity": 4822135,
            "current_ratio": null,
            "debt_ratio": 64.45,
            "inventory_turnover_ratio": null,
            "account_receivable_turnover_ratio": 6.37,
            "reinvestment_rate": -3.7,
            "research_to_sale_ratio": null,
            "price_fair": 66.9,
            "eps_avg_yearly": 1.91,
            "eps_latest_yearly": 1.84,
            "eps_growth_yearly": 87.82
        },
        "20154": {
            "year_quarter": 20154,
            "year": 2015,
            "quarter": 4,
            "eps": 0.3,
            "eps_growth_year": -4.2,
            "eps_4q": 0.65,
            "eps_4q_growth_year": -53.13,
            "roe": 1.83,
            "roe_4q": 3.9,
            "gross_profit": null,
            "gross_margin": null,
            "gross_margin_4q_avg": 0,
            "net_income": 88921,
            "revenue": 1391381,
            "common_shares": 3011638,
            "book_valuer_per_share": 16.29,
            "book_valuer_per_share_4q_avg": 16.46,
            "equity": 4905511,
            "current_ratio": null,
            "debt_ratio": 65.13,
            "inventory_turnover_ratio": null,
            "account_receivable_turnover_ratio": 6.68,
            "reinvestment_rate": -3.81,
            "research_to_sale_ratio": null,
            "price_fair": 66.9,
            "eps_avg_yearly": 1.91,
            "eps_latest_yearly": 1.84,
            "eps_growth_yearly": 87.82
        },
        "20161": {
            "year_quarter": 20161,
            "year": 2016,
            "quarter": 1,
            "eps": 0.39,
            "eps_growth_year": -7.14,
            "eps_4q": 0.62,
            "eps_4q_growth_year": -56.56,
            "roe": 2.35,
            "roe_4q": 3.7199999999999998,
            "gross_profit": null,
            "gross_margin": null,
            "gross_margin_4q_avg": 0,
            "net_income": 116782,
            "revenue": 1275765,
            "common_shares": 3011638,
            "book_valuer_per_share": 16.68,
            "book_valuer_per_share_4q_avg": 16.45,
            "equity": 5023385,
            "current_ratio": null,
            "debt_ratio": 65.45,
            "inventory_turnover_ratio": null,
            "account_receivable_turnover_ratio": 6.18,
            "reinvestment_rate": -3.68,
            "research_to_sale_ratio": null,
            "price_fair": 66.9,
            "eps_avg_yearly": 1.91,
            "eps_latest_yearly": 1.56,
            "eps_growth_yearly": 104.7
        },
        "20162": {
            "year_quarter": 20162,
            "year": 2016,
            "quarter": 2,
            "eps": 0.11,
            "eps_growth_year": -76.09,
            "eps_4q": 0.26,
            "eps_4q_growth_year": -84.77,
            "roe": 0.67,
            "roe_4q": 1.6199999999999997,
            "gross_profit": null,
            "gross_margin": null,
            "gross_margin_4q_avg": 0,
            "net_income": 33649,
            "revenue": 1408933,
            "common_shares": 3011638,
            "book_valuer_per_share": 16.72,
            "book_valuer_per_share_4q_avg": 16.43,
            "equity": 5034392,
            "current_ratio": null,
            "debt_ratio": 66.08,
            "inventory_turnover_ratio": null,
            "account_receivable_turnover_ratio": 6.29,
            "reinvestment_rate": 0.3,
            "research_to_sale_ratio": null,
            "price_fair": 62.9,
            "eps_avg_yearly": 1.8,
            "eps_latest_yearly": 0.44,
            "eps_growth_yearly": 75.4
        },
        "20163": {
            "year_quarter": 20163,
            "year": 2016,
            "quarter": 3,
            "eps": 0.65,
            "eps_growth_year": null,
            "eps_4q": 1.44,
            "eps_4q_growth_year": 118.6,
            "roe": 3.79,
            "roe_4q": 8.64,
            "gross_profit": null,
            "gross_margin": null,
            "gross_margin_4q_avg": 0,
            "net_income": 195488,
            "revenue": 1447303,
            "common_shares": 3011638,
            "book_valuer_per_share": 17.54,
            "book_valuer_per_share_4q_avg": 16.81,
            "equity": 5281865,
            "current_ratio": null,
            "debt_ratio": 63.95,
            "inventory_turnover_ratio": null,
            "account_receivable_turnover_ratio": 7.11,
            "reinvestment_rate": 0.32,
            "research_to_sale_ratio": null,
            "price_fair": 62.3,
            "eps_avg_yearly": 1.78,
            "eps_latest_yearly": 2.6,
            "eps_growth_yearly": 204.45
        },
        "20164": {
            "year_quarter": 20164,
            "year": 2016,
            "quarter": 4,
            "eps": 0.44,
            "eps_growth_year": 50.51,
            "eps_4q": 1.59,
            "eps_4q_growth_year": 146,
            "roe": 2.51,
            "roe_4q": 9.32,
            "gross_profit": null,
            "gross_margin": null,
            "gross_margin_4q_avg": 0,
            "net_income": 133836,
            "revenue": 1481615,
            "common_shares": 3011638,
            "book_valuer_per_share": 17.84,
            "book_valuer_per_share_4q_avg": 17.2,
            "equity": 5373862,
            "current_ratio": null,
            "debt_ratio": 64.12,
            "inventory_turnover_ratio": null,
            "account_receivable_turnover_ratio": 7.87,
            "reinvestment_rate": 0.41,
            "research_to_sale_ratio": null,
            "price_fair": 61.9,
            "eps_avg_yearly": 1.77,
            "eps_latest_yearly": 1.76,
            "eps_growth_yearly": 204.48
        },
        "20171": {
            "year_quarter": 20171,
            "year": 2017,
            "quarter": 1,
            "eps": 0.51,
            "eps_growth_year": 30.77,
            "eps_4q": 1.71,
            "eps_4q_growth_year": 177.08,
            "roe": 2.79,
            "roe_4q": 9.76,
            "gross_profit": null,
            "gross_margin": null,
            "gross_margin_4q_avg": 0,
            "net_income": 152294,
            "revenue": 1381514,
            "common_shares": 3011638,
            "book_valuer_per_share": 18.45,
            "book_valuer_per_share_4q_avg": 17.64,
            "equity": 5556067,
            "current_ratio": null,
            "debt_ratio": 63.76,
            "inventory_turnover_ratio": null,
            "account_receivable_turnover_ratio": 6.93,
            "reinvestment_rate": 0.51,
            "research_to_sale_ratio": null,
            "price_fair": 55.8,
            "eps_avg_yearly": 1.59,
            "eps_latest_yearly": 2.04,
            "eps_growth_yearly": 170.93
        },
        "20172": {
            "year_quarter": 20172,
            "year": 2017,
            "quarter": 2,
            "eps": 0.01,
            "eps_growth_year": -90.91,
            "eps_4q": 1.61,
            "eps_4q_growth_year": 508.11,
            "roe": 0.04,
            "roe_4q": 9.129999999999999,
            "gross_profit": null,
            "gross_margin": null,
            "gross_margin_4q_avg": 0,
            "net_income": 2287,
            "revenue": 1446585,
            "common_shares": 3011638,
            "book_valuer_per_share": 17.81,
            "book_valuer_per_share_4q_avg": 17.91,
            "equity": 5363092,
            "current_ratio": null,
            "debt_ratio": 65.19,
            "inventory_turnover_ratio": null,
            "account_receivable_turnover_ratio": 7.2,
            "reinvestment_rate": 0.63,
            "research_to_sale_ratio": null,
            "price_fair": 52.9,
            "eps_avg_yearly": 1.51,
            "eps_latest_yearly": 0.04,
            "eps_growth_yearly": 163.83
        },
        "20173": {
            "year_quarter": 20173,
            "year": 2017,
            "quarter": 3,
            "eps": 0.85,
            "eps_growth_year": 30.77,
            "eps_4q": 1.81,
            "eps_4q_growth_year": 25.33,
            "roe": 4.67,
            "roe_4q": 10.01,
            "gross_profit": null,
            "gross_margin": null,
            "gross_margin_4q_avg": 0,
            "net_income": 256552,
            "revenue": 1569577,
            "common_shares": 3011638,
            "book_valuer_per_share": 18.7,
            "book_valuer_per_share_4q_avg": 18.2,
            "equity": 5632846,
            "current_ratio": null,
            "debt_ratio": 62.44,
            "inventory_turnover_ratio": null,
            "account_receivable_turnover_ratio": 8.12,
            "reinvestment_rate": 0.73,
            "research_to_sale_ratio": null,
            "price_fair": 56.7,
            "eps_avg_yearly": 1.62,
            "eps_latest_yearly": 3.4,
            "eps_growth_yearly": 2547.64
        },
        "20174": {
            "year_quarter": 20174,
            "year": 2017,
            "quarter": 4,
            "eps": 0.16,
            "eps_growth_year": -63.26,
            "eps_4q": 1.53,
            "eps_4q_growth_year": -4.05,
            "roe": 0.87,
            "roe_4q": 8.370000000000001,
            "gross_profit": null,
            "gross_margin": null,
            "gross_margin_4q_avg": 0,
            "net_income": 49177,
            "revenue": 1483667,
            "common_shares": 3011638,
            "book_valuer_per_share": 18.92,
            "book_valuer_per_share_4q_avg": 18.47,
            "equity": 5698478,
            "current_ratio": null,
            "debt_ratio": 61.98,
            "inventory_turnover_ratio": null,
            "account_receivable_turnover_ratio": 7.37,
            "reinvestment_rate": 0.44,
            "research_to_sale_ratio": null,
            "price_fair": 53.8,
            "eps_avg_yearly": 1.54,
            "eps_latest_yearly": 0.64,
            "eps_growth_yearly": 2525.67
        },
        "20181": {
            "year_quarter": 20181,
            "year": 2018,
            "quarter": 1,
            "eps": 0.47,
            "eps_growth_year": -7.84,
            "eps_4q": 1.49,
            "eps_4q_growth_year": -12.68,
            "roe": 2.47,
            "roe_4q": 8.049999999999999,
            "gross_profit": null,
            "gross_margin": null,
            "gross_margin_4q_avg": 0,
            "net_income": 141929,
            "revenue": 1595662,
            "common_shares": 3011638,
            "book_valuer_per_share": 19.24,
            "book_valuer_per_share_4q_avg": 18.67,
            "equity": 5794609,
            "current_ratio": null,
            "debt_ratio": 62.28,
            "inventory_turnover_ratio": null,
            "account_receivable_turnover_ratio": 7.98,
            "reinvestment_rate": -0.07,
            "research_to_sale_ratio": null,
            "price_fair": 54.7,
            "eps_avg_yearly": 1.56,
            "eps_latest_yearly": 1.88,
            "eps_growth_yearly": 2585.47
        },
        "20182": {
            "year_quarter": 20182,
            "year": 2018,
            "quarter": 2,
            "eps": 0.82,
            "eps_growth_year": 8100,
            "eps_4q": 2.31,
            "eps_4q_growth_year": 43.54,
            "roe": 4.23,
            "roe_4q": 12.240000000000002,
            "gross_profit": null,
            "gross_margin": null,
            "gross_margin_4q_avg": 0,
            "net_income": 246959,
            "revenue": 1663601,
            "common_shares": 3011638,
            "book_valuer_per_share": 19.5,
            "book_valuer_per_share_4q_avg": 19.09,
            "equity": 5871930,
            "current_ratio": null,
            "debt_ratio": 63.35,
            "inventory_turnover_ratio": null,
            "account_receivable_turnover_ratio": 8.39,
            "reinvestment_rate": 0,
            "research_to_sale_ratio": null,
            "price_fair": 61.4,
            "eps_avg_yearly": 1.75,
            "eps_latest_yearly": 3.28,
            "eps_growth_yearly": 2624.04
        },
        "20183": {
            "year_quarter": 20183,
            "year": 2018,
            "quarter": 3,
            "eps": 0.58,
            "eps_growth_year": -31.76,
            "eps_4q": 2.04,
            "eps_4q_growth_year": 12.5,
            "roe": 2.93,
            "roe_4q": 10.5,
            "gross_profit": null,
            "gross_margin": null,
            "gross_margin_4q_avg": 0,
            "net_income": 175003,
            "revenue": 1518158,
            "common_shares": 3011638,
            "book_valuer_per_share": 20.2,
            "book_valuer_per_share_4q_avg": 19.47,
            "equity": 6082646,
            "current_ratio": null,
            "debt_ratio": 61.66,
            "inventory_turnover_ratio": null,
            "account_receivable_turnover_ratio": 7.91,
            "reinvestment_rate": 0.09,
            "research_to_sale_ratio": null,
            "price_fair": 61.8,
            "eps_avg_yearly": 1.77,
            "eps_latest_yearly": 2.32,
            "eps_growth_yearly": 2541.39
        },
        "20184": {
            "year_quarter": 20184,
            "year": 2018,
            "quarter": 4,
            "eps": -0.24,
            "eps_growth_year": -247.59,
            "eps_4q": 1.63,
            "eps_4q_growth_year": 6.73,
            "roe": -1.2,
            "roe_4q": 8.430000000000001,
            "gross_profit": null,
            "gross_margin": null,
            "gross_margin_4q_avg": 0,
            "net_income": -72582,
            "revenue": 1351968,
            "common_shares": 3011638,
            "book_valuer_per_share": 19.82,
            "book_valuer_per_share_4q_avg": 19.69,
            "equity": 5968910,
            "current_ratio": null,
            "debt_ratio": 62.05,
            "inventory_turnover_ratio": null,
            "account_receivable_turnover_ratio": 8.16,
            "reinvestment_rate": 0.46,
            "research_to_sale_ratio": null,
            "price_fair": 63.22,
            "eps_avg_yearly": 1.81,
            "eps_latest_yearly": 2.32,
            "eps_growth_yearly": 2749.99
        },
        "20191": {
            "year_quarter": 20191,
            "year": 2019,
            "quarter": 1,
            "eps": 1.25,
            "eps_growth_year": 165.96,
            "eps_4q": 2.41,
            "eps_4q_growth_year": 61.04,
            "roe": 6.03,
            "roe_4q": 11.99,
            "gross_profit": null,
            "gross_margin": null,
            "gross_margin_4q_avg": 0,
            "net_income": 375213,
            "revenue": 1751835,
            "common_shares": 3011638,
            "book_valuer_per_share": 21.49,
            "book_valuer_per_share_4q_avg": 20.25,
            "equity": 6470916,
            "current_ratio": null,
            "debt_ratio": 60.48,
            "inventory_turnover_ratio": null,
            "account_receivable_turnover_ratio": 10.84,
            "reinvestment_rate": -0.04,
            "research_to_sale_ratio": null,
            "price_fair": 63.58,
            "eps_avg_yearly": 1.82,
            "eps_latest_yearly": 2.32,
            "eps_growth_yearly": 2967.32
        },
        "20192": {
            "year_quarter": 20192,
            "year": 2019,
            "quarter": 2,
            "eps": -0.23,
            "eps_growth_year": -128.05,
            "eps_4q": 1.35,
            "eps_4q_growth_year": -41.42,
            "roe": -1.1,
            "roe_4q": 6.66,
            "gross_profit": null,
            "gross_margin": null,
            "gross_margin_4q_avg": 0,
            "net_income": -70709,
            "revenue": 1233574,
            "common_shares": 3011638,
            "book_valuer_per_share": 21.25,
            "book_valuer_per_share_4q_avg": 20.69,
            "equity": 6400252,
            "current_ratio": null,
            "debt_ratio": 60.64,
            "inventory_turnover_ratio": null,
            "account_receivable_turnover_ratio": 7.08,
            "reinvestment_rate": -0.06,
            "research_to_sale_ratio": null,
            "price_fair": 63.51,
            "eps_avg_yearly": 1.81,
            "eps_latest_yearly": 2.32,
            "eps_growth_yearly": 3233.62
        },
        "20193": {
            "year_quarter": 20193,
            "year": 2019,
            "quarter": 3,
            "eps": 0.46,
            "eps_growth_year": -20.69,
            "eps_4q": 1.23,
            "eps_4q_growth_year": -39.42,
            "roe": 2.16,
            "roe_4q": 5.89,
            "gross_profit": null,
            "gross_margin": null,
            "gross_margin_4q_avg": 0,
            "net_income": 139491,
            "revenue": 1505496,
            "common_shares": 3011638,
            "book_valuer_per_share": 21.6,
            "book_valuer_per_share_4q_avg": 21.04,
            "equity": 6506049,
            "current_ratio": null,
            "debt_ratio": 59.06,
            "inventory_turnover_ratio": null,
            "account_receivable_turnover_ratio": 9.23,
            "reinvestment_rate": -0.88,
            "research_to_sale_ratio": null,
            "price_fair": 63.51,
            "eps_avg_yearly": 1.81,
            "eps_latest_yearly": 2.32,
            "eps_growth_yearly": 3233.62
        },
        "20194": {
            "year_quarter": 20194,
            "year": 2019,
            "quarter": 4,
            "eps": 0.45,
            "eps_growth_year": null,
            "eps_4q": 1.93,
            "eps_4q_growth_year": 18.25,
            "roe": 2.06,
            "roe_4q": 9.15,
            "gross_profit": null,
            "gross_margin": null,
            "gross_margin_4q_avg": 0,
            "net_income": 136973,
            "revenue": 1558292,
            "common_shares": 3011638,
            "book_valuer_per_share": 22.62,
            "book_valuer_per_share_4q_avg": 21.74,
            "equity": 6811261,
            "current_ratio": null,
            "debt_ratio": 57.05,
            "inventory_turnover_ratio": null,
            "account_receivable_turnover_ratio": 11.25,
            "reinvestment_rate": -0.57,
            "research_to_sale_ratio": null,
            "price_fair": 63.47,
            "eps_avg_yearly": 1.81,
            "eps_latest_yearly": 1.8,
            "eps_growth_yearly": 2963.43
        },
        "20201": {
            "year_quarter": 20201,
            "year": 2020,
            "quarter": 1,
            "eps": -0.57,
            "eps_growth_year": -145.6,
            "eps_4q": 0.11,
            "eps_4q_growth_year": -95.39,
            "roe": -2.65,
            "roe_4q": 0.4700000000000002,
            "gross_profit": null,
            "gross_margin": null,
            "gross_margin_4q_avg": 0,
            "net_income": -172346,
            "revenue": 1168833,
            "common_shares": 3011638,
            "book_valuer_per_share": 20.5,
            "book_valuer_per_share_4q_avg": 21.49,
            "equity": 6172622,
            "current_ratio": null,
            "debt_ratio": 59.63,
            "inventory_turnover_ratio": null,
            "account_receivable_turnover_ratio": 8.23,
            "reinvestment_rate": 2.2,
            "research_to_sale_ratio": null,
            "price_fair": 64.27,
            "eps_avg_yearly": 1.84,
            "eps_latest_yearly": 1.8,
            "eps_growth_yearly": 3221.92
        },
        "20202": {
            "year_quarter": 20202,
            "year": 2020,
            "quarter": 2,
            "eps": 0.72,
            "eps_growth_year": null,
            "eps_4q": 1.06,
            "eps_4q_growth_year": -21.3,
            "roe": 3.41,
            "roe_4q": 4.98,
            "gross_profit": null,
            "gross_margin": null,
            "gross_margin_4q_avg": 0,
            "net_income": 216112,
            "revenue": 1589812,
            "common_shares": 3011638,
            "book_valuer_per_share": 21.54,
            "book_valuer_per_share_4q_avg": 21.57,
            "equity": 6485947,
            "current_ratio": null,
            "debt_ratio": 59.7,
            "inventory_turnover_ratio": null,
            "account_receivable_turnover_ratio": 10.87,
            "reinvestment_rate": 2.03,
            "research_to_sale_ratio": null,
            "price_fair": 69.16,
            "eps_avg_yearly": 1.98,
            "eps_latest_yearly": 1.8,
            "eps_growth_yearly": 3572.83
        },
        "20203": {
            "year_quarter": 20203,
            "year": 2020,
            "quarter": 3,
            "eps": 0.48,
            "eps_growth_year": 4.35,
            "eps_4q": 1.08,
            "eps_4q_growth_year": -12.55,
            "roe": 2.2,
            "roe_4q": 5.0200000000000005,
            "gross_profit": null,
            "gross_margin": null,
            "gross_margin_4q_avg": 0,
            "net_income": 144045,
            "revenue": 1574028,
            "common_shares": 3011638,
            "book_valuer_per_share": 22.02,
            "book_valuer_per_share_4q_avg": 21.67,
            "equity": 6632488,
            "current_ratio": null,
            "debt_ratio": 57.48,
            "inventory_turnover_ratio": null,
            "account_receivable_turnover_ratio": 10.92,
            "reinvestment_rate": 2.05,
            "research_to_sale_ratio": null,
            "price_fair": 66.78,
            "eps_avg_yearly": 1.91,
            "eps_latest_yearly": 1.92,
            "eps_growth_yearly": 3363.13
        },
        "20204": {
            "year_quarter": 20204,
            "year": 2020,
            "quarter": 4,
            "eps": -0.12,
            "eps_growth_year": -125.5,
            "eps_4q": 0.51,
            "eps_4q_growth_year": -73.68,
            "roe": -0.52,
            "roe_4q": 2.44,
            "gross_profit": null,
            "gross_margin": null,
            "gross_margin_4q_avg": 0,
            "net_income": -34929,
            "revenue": 1521999,
            "common_shares": 3011638,
            "book_valuer_per_share": 22.45,
            "book_valuer_per_share_4q_avg": 21.63,
            "equity": 6762084,
            "current_ratio": null,
            "debt_ratio": 57.81,
            "inventory_turnover_ratio": null,
            "account_receivable_turnover_ratio": 10.72,
            "reinvestment_rate": 2.34,
            "research_to_sale_ratio": null,
            "price_fair": 67.36,
            "eps_avg_yearly": 1.92,
            "eps_latest_yearly": 1.92,
            "eps_growth_yearly": 3751.17
        },
        "20211": {
            "year_quarter": 20211,
            "year": 2021,
            "quarter": 1,
            "eps": 0.23,
            "eps_growth_year": null,
            "eps_4q": 1.31,
            "eps_4q_growth_year": 1083.07,
            "roe": 1.02,
            "roe_4q": 6.11,
            "gross_profit": null,
            "gross_margin": null,
            "gross_margin_4q_avg": 0,
            "net_income": 70024,
            "revenue": 1553567,
            "common_shares": 3011638,
            "book_valuer_per_share": 22.94,
            "book_valuer_per_share_4q_avg": 22.24,
            "equity": 6908113,
            "current_ratio": null,
            "debt_ratio": 57.82,
            "inventory_turnover_ratio": null,
            "account_receivable_turnover_ratio": 10.99,
            "reinvestment_rate": 2.55,
            "research_to_sale_ratio": null,
            "price_fair": 66.85,
            "eps_avg_yearly": 1.91,
            "eps_latest_yearly": 1.92,
            "eps_growth_yearly": 4212.11
        },
        "20212": {
            "year_quarter": 20212,
            "year": 2021,
            "quarter": 2,
            "eps": 0.38,
            "eps_growth_year": -47.22,
            "eps_4q": 0.97,
            "eps_4q_growth_year": -8.33,
            "roe": 1.64,
            "roe_4q": 4.34,
            "gross_profit": null,
            "gross_margin": null,
            "gross_margin_4q_avg": 0,
            "net_income": 114409,
            "revenue": 1573001,
            "common_shares": 3011638,
            "book_valuer_per_share": 23.35,
            "book_valuer_per_share_4q_avg": 22.69,
            "equity": 7031957,
            "current_ratio": null,
            "debt_ratio": 58,
            "inventory_turnover_ratio": null,
            "account_receivable_turnover_ratio": 10.3,
            "reinvestment_rate": 2.7,
            "research_to_sale_ratio": null,
            "price_fair": 73.33,
            "eps_avg_yearly": 2.1,
            "eps_latest_yearly": 1.52,
            "eps_growth_yearly": 4293.74
        },
        "20213": {
            "year_quarter": 20213,
            "year": 2021,
            "quarter": 3,
            "eps": 0.94,
            "eps_growth_year": 95.83,
            "eps_4q": 1.44,
            "eps_4q_growth_year": 33.33,
            "roe": 3.98,
            "roe_4q": 6.120000000000001,
            "gross_profit": null,
            "gross_margin": null,
            "gross_margin_4q_avg": 0,
            "net_income": 283520,
            "revenue": 1752830,
            "common_shares": 3011638,
            "book_valuer_per_share": 23.9,
            "book_valuer_per_share_4q_avg": 23.16,
            "equity": 7198809,
            "current_ratio": null,
            "debt_ratio": 57.32,
            "inventory_turnover_ratio": null,
            "account_receivable_turnover_ratio": 10.71,
            "reinvestment_rate": 2.54,
            "research_to_sale_ratio": null,
            "price_fair": 74.9,
            "eps_avg_yearly": 2.14,
            "eps_latest_yearly": 3.76,
            "eps_growth_yearly": 167.43
        },
        "20214": {
            "year_quarter": 20214,
            "year": 2021,
            "quarter": 4,
            "eps": 0.28,
            "eps_growth_year": null,
            "eps_4q": 1.84,
            "eps_4q_growth_year": 261.81,
            "roe": 1.18,
            "roe_4q": 7.82,
            "gross_profit": null,
            "gross_margin": null,
            "gross_margin_4q_avg": 0,
            "net_income": 85184,
            "revenue": 1660520,
            "common_shares": 3011638,
            "book_valuer_per_share": 24.14,
            "book_valuer_per_share_4q_avg": 23.58,
            "equity": 7271418,
            "current_ratio": null,
            "debt_ratio": 56.87,
            "inventory_turnover_ratio": null,
            "account_receivable_turnover_ratio": 9.68,
            "reinvestment_rate": 2.36,
            "research_to_sale_ratio": null,
            "price_fair": 77,
            "eps_avg_yearly": 2.2,
            "eps_latest_yearly": 1.12,
            "eps_growth_yearly": 172.91
        },
        "20221": {
            "year_quarter": 20221,
            "year": 2022,
            "quarter": 1,
            "eps": 0.38,
            "eps_growth_year": 65.22,
            "eps_4q": 1.99,
            "eps_4q_growth_year": 51.44,
            "roe": 1.56,
            "roe_4q": 8.360000000000001,
            "gross_profit": null,
            "gross_margin": null,
            "gross_margin_4q_avg": 0,
            "net_income": 115472,
            "revenue": 1669731,
            "common_shares": 3011638,
            "book_valuer_per_share": 24.99,
            "book_valuer_per_share_4q_avg": 24.1,
            "equity": 7525514,
            "current_ratio": null,
            "debt_ratio": 56.71,
            "inventory_turnover_ratio": null,
            "account_receivable_turnover_ratio": 10,
            "reinvestment_rate": 2.48,
            "research_to_sale_ratio": null,
            "price_fair": 75.43,
            "eps_avg_yearly": 2.16,
            "eps_latest_yearly": 1.52,
            "eps_growth_yearly": 93.89
        },
        "20222": {
            "year_quarter": 20222,
            "year": 2022,
            "quarter": 2,
            "eps": 0.57,
            "eps_growth_year": 50,
            "eps_4q": 2.17,
            "eps_4q_growth_year": 122.99,
            "roe": 2.34,
            "roe_4q": 9.06,
            "gross_profit": null,
            "gross_margin": null,
            "gross_margin_4q_avg": 0,
            "net_income": 170395,
            "revenue": 1739695,
            "common_shares": 3011638,
            "book_valuer_per_share": 23.36,
            "book_valuer_per_share_4q_avg": 24.1,
            "equity": 7034965,
            "current_ratio": null,
            "debt_ratio": 60.38,
            "inventory_turnover_ratio": null,
            "account_receivable_turnover_ratio": 10.82,
            "reinvestment_rate": 2.44,
            "research_to_sale_ratio": null,
            "price_fair": 71.05,
            "eps_avg_yearly": 2.03,
            "eps_latest_yearly": 2.28,
            "eps_growth_yearly": 81.66
        },
        "20223": {
            "year_quarter": 20223,
            "year": 2022,
            "quarter": 3,
            "eps": 0.82,
            "eps_growth_year": -12.77,
            "eps_4q": 2.05,
            "eps_4q_growth_year": 42.78,
            "roe": 3.44,
            "roe_4q": 8.52,
            "gross_profit": null,
            "gross_margin": null,
            "gross_margin_4q_avg": 0,
            "net_income": 247227,
            "revenue": 1850726,
            "common_shares": 3011638,
            "book_valuer_per_share": 24.37,
            "book_valuer_per_share_4q_avg": 24.22,
            "equity": 7339146,
            "current_ratio": null,
            "debt_ratio": 58.28,
            "inventory_turnover_ratio": null,
            "account_receivable_turnover_ratio": 11.37,
            "reinvestment_rate": 2.4,
            "research_to_sale_ratio": null,
            "price_fair": 75.25,
            "eps_avg_yearly": 2.15,
            "eps_latest_yearly": 3.28,
            "eps_growth_yearly": 118.22
        },
        "20224": {
            "year_quarter": 20224,
            "year": 2022,
            "quarter": 4,
            "eps": 0.09,
            "eps_growth_year": -69.77,
            "eps_4q": 1.86,
            "eps_4q_growth_year": 1.03,
            "roe": 0.35,
            "roe_4q": 7.6899999999999995,
            "gross_profit": null,
            "gross_margin": null,
            "gross_margin_4q_avg": 0,
            "net_income": 25753,
            "revenue": 1672729,
            "common_shares": 3011638,
            "book_valuer_per_share": 25.11,
            "book_valuer_per_share_4q_avg": 24.46,
            "equity": 7562534,
            "current_ratio": null,
            "debt_ratio": 57.16,
            "inventory_turnover_ratio": null,
            "account_receivable_turnover_ratio": 10,
            "reinvestment_rate": 1.85,
            "research_to_sale_ratio": null,
            "price_fair": 68.29,
            "eps_avg_yearly": 1.95,
            "eps_latest_yearly": 0.36,
            "eps_growth_yearly": 65.52
        },
        "20231": {
            "year_quarter": 20231,
            "year": 2023,
            "quarter": 1,
            "eps": 0.25,
            "eps_growth_year": -34.21,
            "eps_4q": 1.72,
            "eps_4q_growth_year": -13.46,
            "roe": 0.97,
            "roe_4q": 7.1,
            "gross_profit": null,
            "gross_margin": null,
            "gross_margin_4q_avg": 0,
            "net_income": 74638,
            "revenue": 1723421,
            "common_shares": 3011638,
            "book_valuer_per_share": 26.2,
            "book_valuer_per_share_4q_avg": 24.76,
            "equity": 7889399,
            "current_ratio": null,
            "debt_ratio": 57.17,
            "inventory_turnover_ratio": null,
            "account_receivable_turnover_ratio": 10.27,
            "reinvestment_rate": 0.63,
            "research_to_sale_ratio": null,
            "price_fair": 64.96,
            "eps_avg_yearly": 1.86,
            "eps_latest_yearly": 1,
            "eps_growth_yearly": 130.08
        }
    },
    "months": {
        "2001-06": {
            "month": "2001-06",
            "price": "9.55",
            "revenue": 759784
        },
        "2001-07": {
            "month": "2001-07",
            "price": "9.25",
            "revenue": 727972
        },
        "2001-08": {
            "month": "2001-08",
            "price": "9.43",
            "revenue": 1012845
        },
        "2001-09": {
            "month": "2001-09",
            "price": "8.71",
            "revenue": 1537738
        },
        "2001-10": {
            "month": "2001-10",
            "price": "7.96",
            "revenue": 745345
        },
        "2001-11": {
            "month": "2001-11",
            "price": "7.61",
            "revenue": 900738
        },
        "2001-12": {
            "month": "2001-12",
            "price": "7.89",
            "revenue": 517541
        },
        "2002-01": {
            "month": "2002-01",
            "price": "7.29",
            "revenue": 796492
        },
        "2002-02": {
            "month": "2002-02",
            "price": "7.08",
            "revenue": 488489
        },
        "2002-03": {
            "month": "2002-03",
            "price": "7.13",
            "revenue": 752420
        },
        "2002-04": {
            "month": "2002-04",
            "price": "8.70",
            "revenue": 742749
        },
        "2002-05": {
            "month": "2002-05",
            "price": "8.65",
            "revenue": 687833
        },
        "2002-06": {
            "month": "2002-06",
            "price": "8.27",
            "revenue": 678560
        },
        "2002-07": {
            "month": "2002-07",
            "price": "7.77",
            "revenue": 629880
        },
        "2002-08": {
            "month": "2002-08",
            "price": "7.95",
            "revenue": 639367
        },
        "2002-09": {
            "month": "2002-09",
            "price": "7.47",
            "revenue": 692607
        },
        "2002-10": {
            "month": "2002-10",
            "price": "7.20",
            "revenue": 626927
        },
        "2002-11": {
            "month": "2002-11",
            "price": "7.56",
            "revenue": 620423
        },
        "2002-12": {
            "month": "2002-12",
            "price": "8.01",
            "revenue": 738336
        },
        "2003-01": {
            "month": "2003-01",
            "price": "9.58",
            "revenue": 1066782
        },
        "2003-02": {
            "month": "2003-02",
            "price": "9.94",
            "revenue": 584404
        },
        "2003-03": {
            "month": "2003-03",
            "price": "9.28",
            "revenue": 874193
        },
        "2003-04": {
            "month": "2003-04",
            "price": "9.72",
            "revenue": 748464
        },
        "2003-05": {
            "month": "2003-05",
            "price": "9.45",
            "revenue": 722572
        },
        "2003-06": {
            "month": "2003-06",
            "price": "9.93",
            "revenue": 749840
        },
        "2003-07": {
            "month": "2003-07",
            "price": "9.60",
            "revenue": 737852
        },
        "2003-08": {
            "month": "2003-08",
            "price": "9.53",
            "revenue": 680112
        },
        "2003-09": {
            "month": "2003-09",
            "price": "9.77",
            "revenue": 673108
        },
        "2003-10": {
            "month": "2003-10",
            "price": "10.04",
            "revenue": 791982
        },
        "2003-11": {
            "month": "2003-11",
            "price": "12.20",
            "revenue": 646213
        },
        "2003-12": {
            "month": "2003-12",
            "price": "15.06",
            "revenue": 825260
        },
        "2004-01": {
            "month": "2004-01",
            "price": "15.65",
            "revenue": 887695
        },
        "2004-02": {
            "month": "2004-02",
            "price": "20.06",
            "revenue": 893753
        },
        "2004-03": {
            "month": "2004-03",
            "price": "26.67",
            "revenue": 843479
        },
        "2004-04": {
            "month": "2004-04",
            "price": "28.26",
            "revenue": 805244
        },
        "2004-05": {
            "month": "2004-05",
            "price": "22.30",
            "revenue": 614616
        },
        "2004-06": {
            "month": "2004-06",
            "price": "21.02",
            "revenue": 839481
        },
        "2004-07": {
            "month": "2004-07",
            "price": "17.75",
            "revenue": 819533
        },
        "2004-08": {
            "month": "2004-08",
            "price": "15.52",
            "revenue": 691283
        },
        "2004-09": {
            "month": "2004-09",
            "price": "18.58",
            "revenue": 780475
        },
        "2004-10": {
            "month": "2004-10",
            "price": "20.56",
            "revenue": 727302
        },
        "2004-11": {
            "month": "2004-11",
            "price": "20.35",
            "revenue": 695304
        },
        "2004-12": {
            "month": "2004-12",
            "price": "20.44",
            "revenue": 858104
        },
        "2005-01": {
            "month": "2005-01",
            "price": "21.85",
            "revenue": 1120432
        },
        "2005-02": {
            "month": "2005-02",
            "price": "21.28",
            "revenue": 786449
        },
        "2005-03": {
            "month": "2005-03",
            "price": "20.32",
            "revenue": 972951
        },
        "2005-04": {
            "month": "2005-04",
            "price": "18.22",
            "revenue": 889697
        },
        "2005-05": {
            "month": "2005-05",
            "price": "16.63",
            "revenue": 1502195
        },
        "2005-06": {
            "month": "2005-06",
            "price": "17.22",
            "revenue": 889024
        },
        "2005-07": {
            "month": "2005-07",
            "price": "16.14",
            "revenue": 873631
        },
        "2005-08": {
            "month": "2005-08",
            "price": "14.70",
            "revenue": 835009
        },
        "2005-09": {
            "month": "2005-09",
            "price": "12.38",
            "revenue": 832166
        },
        "2005-10": {
            "month": "2005-10",
            "price": "12.48",
            "revenue": 740835
        },
        "2005-11": {
            "month": "2005-11",
            "price": "11.71",
            "revenue": 886890
        },
        "2005-12": {
            "month": "2005-12",
            "price": "11.56",
            "revenue": 850450
        },
        "2006-01": {
            "month": "2006-01",
            "price": "12.08",
            "revenue": 1316999
        },
        "2006-02": {
            "month": "2006-02",
            "price": "11.87",
            "revenue": 866864
        },
        "2006-03": {
            "month": "2006-03",
            "price": "10.92",
            "revenue": 1141002
        },
        "2006-04": {
            "month": "2006-04",
            "price": "11.49",
            "revenue": 913590
        },
        "2006-05": {
            "month": "2006-05",
            "price": "12.89",
            "revenue": 830598
        },
        "2006-06": {
            "month": "2006-06",
            "price": "11.73",
            "revenue": 939920
        },
        "2006-07": {
            "month": "2006-07",
            "price": "11.21",
            "revenue": 936523
        },
        "2006-08": {
            "month": "2006-08",
            "price": "11.08",
            "revenue": 897718
        },
        "2006-09": {
            "month": "2006-09",
            "price": "11.41",
            "revenue": 748965
        },
        "2006-10": {
            "month": "2006-10",
            "price": "12.77",
            "revenue": 753456
        },
        "2006-11": {
            "month": "2006-11",
            "price": "13.58",
            "revenue": 1210413
        },
        "2006-12": {
            "month": "2006-12",
            "price": "16.25",
            "revenue": 760307
        },
        "2007-01": {
            "month": "2007-01",
            "price": "17.30",
            "revenue": 1258778
        },
        "2007-02": {
            "month": "2007-02",
            "price": "16.96",
            "revenue": 776622
        },
        "2007-03": {
            "month": "2007-03",
            "price": "16.93",
            "revenue": 1083396
        },
        "2007-04": {
            "month": "2007-04",
            "price": "18.30",
            "revenue": 917739
        },
        "2007-05": {
            "month": "2007-05",
            "price": "17.89",
            "revenue": 994490
        },
        "2007-06": {
            "month": "2007-06",
            "price": "18.52",
            "revenue": 815264
        },
        "2007-07": {
            "month": "2007-07",
            "price": "18.93",
            "revenue": 943721
        },
        "2007-08": {
            "month": "2007-08",
            "price": "15.46",
            "revenue": 803910
        },
        "2007-09": {
            "month": "2007-09",
            "price": "15.59",
            "revenue": 772517
        },
        "2007-10": {
            "month": "2007-10",
            "price": "16.51",
            "revenue": 848778
        },
        "2007-11": {
            "month": "2007-11",
            "price": "16.40",
            "revenue": 874916
        },
        "2007-12": {
            "month": "2007-12",
            "price": "15.22",
            "revenue": 577085
        },
        "2008-01": {
            "month": "2008-01",
            "price": "14.77",
            "revenue": 1221763
        },
        "2008-02": {
            "month": "2008-02",
            "price": "14.83",
            "revenue": 767924
        },
        "2008-03": {
            "month": "2008-03",
            "price": "15.41",
            "revenue": 1072411
        },
        "2008-04": {
            "month": "2008-04",
            "price": "16.30",
            "revenue": 801256
        },
        "2008-05": {
            "month": "2008-05",
            "price": "17.51",
            "revenue": 686020
        },
        "2008-06": {
            "month": "2008-06",
            "price": "15.86",
            "revenue": 730852
        },
        "2008-07": {
            "month": "2008-07",
            "price": "13.50",
            "revenue": 788178
        },
        "2008-08": {
            "month": "2008-08",
            "price": "12.66",
            "revenue": 588054
        },
        "2008-09": {
            "month": "2008-09",
            "price": "9.75",
            "revenue": 666132
        },
        "2008-10": {
            "month": "2008-10",
            "price": "6.78",
            "revenue": 680030
        },
        "2008-11": {
            "month": "2008-11",
            "price": "6.09",
            "revenue": 560183
        },
        "2008-12": {
            "month": "2008-12",
            "price": "6.16",
            "revenue": 641435
        },
        "2009-01": {
            "month": "2009-01",
            "price": "6.35",
            "revenue": 1151338
        },
        "2009-02": {
            "month": "2009-02",
            "price": "6.34",
            "revenue": 793959
        },
        "2009-03": {
            "month": "2009-03",
            "price": "6.83",
            "revenue": 932006
        },
        "2009-04": {
            "month": "2009-04",
            "price": "9.56",
            "revenue": 648055
        },
        "2009-05": {
            "month": "2009-05",
            "price": "10.75",
            "revenue": 629657
        },
        "2009-06": {
            "month": "2009-06",
            "price": "10.12",
            "revenue": 940115
        },
        "2009-07": {
            "month": "2009-07",
            "price": "10.33",
            "revenue": 715350
        },
        "2009-08": {
            "month": "2009-08",
            "price": "10.22",
            "revenue": 643603
        },
        "2009-09": {
            "month": "2009-09",
            "price": "11.08",
            "revenue": 691515
        },
        "2009-10": {
            "month": "2009-10",
            "price": "12.47",
            "revenue": 604128
        },
        "2009-11": {
            "month": "2009-11",
            "price": "11.98",
            "revenue": 506125
        },
        "2009-12": {
            "month": "2009-12",
            "price": "11.63",
            "revenue": 552880
        },
        "2010-01": {
            "month": "2010-01",
            "price": "12.14",
            "revenue": 1455264
        },
        "2010-02": {
            "month": "2010-02",
            "price": "11.62",
            "revenue": 656845
        },
        "2010-03": {
            "month": "2010-03",
            "price": "12.48",
            "revenue": 830248
        },
        "2010-04": {
            "month": "2010-04",
            "price": "13.13",
            "revenue": 716566
        },
        "2010-05": {
            "month": "2010-05",
            "price": "12.82",
            "revenue": 758994
        },
        "2010-06": {
            "month": "2010-06",
            "price": "12.90",
            "revenue": 971166
        },
        "2010-07": {
            "month": "2010-07",
            "price": "13.85",
            "revenue": 919494
        },
        "2010-08": {
            "month": "2010-08",
            "price": "13.68",
            "revenue": 824116
        },
        "2010-09": {
            "month": "2010-09",
            "price": "14.33",
            "revenue": 724453
        },
        "2010-10": {
            "month": "2010-10",
            "price": "14.84",
            "revenue": 608054
        },
        "2010-11": {
            "month": "2010-11",
            "price": "16.68",
            "revenue": 666317
        },
        "2010-12": {
            "month": "2010-12",
            "price": "18.39",
            "revenue": 688918
        },
        "2011-01": {
            "month": "2011-01",
            "price": "19.41",
            "revenue": 377643
        },
        "2011-02": {
            "month": "2011-02",
            "price": "18.30",
            "revenue": 267824
        },
        "2011-03": {
            "month": "2011-03",
            "price": "17.49",
            "revenue": 445409
        },
        "2011-04": {
            "month": "2011-04",
            "price": "18.45",
            "revenue": 381126
        },
        "2011-05": {
            "month": "2011-05",
            "price": "19.79",
            "revenue": 387081
        },
        "2011-06": {
            "month": "2011-06",
            "price": "19.85",
            "revenue": 376840
        },
        "2011-07": {
            "month": "2011-07",
            "price": "19.51",
            "revenue": 442513
        },
        "2011-08": {
            "month": "2011-08",
            "price": "16.05",
            "revenue": 271893
        },
        "2011-09": {
            "month": "2011-09",
            "price": "16.07",
            "revenue": 145345
        },
        "2011-10": {
            "month": "2011-10",
            "price": "15.10",
            "revenue": 441226
        },
        "2011-11": {
            "month": "2011-11",
            "price": "13.14",
            "revenue": 333781
        },
        "2011-12": {
            "month": "2011-12",
            "price": "12.38",
            "revenue": 423270
        },
        "2012-01": {
            "month": "2012-01",
            "price": "12.62",
            "revenue": 383908
        },
        "2012-02": {
            "month": "2012-02",
            "price": "14.16",
            "revenue": 344310
        },
        "2012-03": {
            "month": "2012-03",
            "price": "13.75",
            "revenue": 376198
        },
        "2012-04": {
            "month": "2012-04",
            "price": "12.52",
            "revenue": 404391
        },
        "2012-05": {
            "month": "2012-05",
            "price": "12.58",
            "revenue": 397786
        },
        "2012-06": {
            "month": "2012-06",
            "price": "12.08",
            "revenue": 408336
        },
        "2012-07": {
            "month": "2012-07",
            "price": "12.43",
            "revenue": 426414
        },
        "2012-08": {
            "month": "2012-08",
            "price": "13.47",
            "revenue": 426366
        },
        "2012-09": {
            "month": "2012-09",
            "price": "14.32",
            "revenue": 417363
        },
        "2012-10": {
            "month": "2012-10",
            "price": "14.30",
            "revenue": 353823
        },
        "2012-11": {
            "month": "2012-11",
            "price": "15.05",
            "revenue": 406148
        },
        "2012-12": {
            "month": "2012-12",
            "price": "15.41",
            "revenue": 393545
        },
        "2013-01": {
            "month": "2013-01",
            "price": "16.22",
            "revenue": 426802
        },
        "2013-02": {
            "month": "2013-02",
            "price": "16.68",
            "revenue": 504642
        },
        "2013-03": {
            "month": "2013-03",
            "price": "17.69",
            "revenue": 402529
        },
        "2013-04": {
            "month": "2013-04",
            "price": "18.85",
            "revenue": 364700
        },
        "2013-05": {
            "month": "2013-05",
            "price": "19.98",
            "revenue": 411593
        },
        "2013-06": {
            "month": "2013-06",
            "price": "19.93",
            "revenue": 345057
        },
        "2013-07": {
            "month": "2013-07",
            "price": "20.42",
            "revenue": 495619
        },
        "2013-08": {
            "month": "2013-08",
            "price": "18.95",
            "revenue": 411312
        },
        "2013-09": {
            "month": "2013-09",
            "price": "18.75",
            "revenue": 373884
        },
        "2013-10": {
            "month": "2013-10",
            "price": "19.10",
            "revenue": 403017
        },
        "2013-11": {
            "month": "2013-11",
            "price": "19.45",
            "revenue": 388068
        },
        "2013-12": {
            "month": "2013-12",
            "price": "19.58",
            "revenue": 422590
        },
        "2014-01": {
            "month": "2014-01",
            "price": "19.81",
            "revenue": 372791
        },
        "2014-02": {
            "month": "2014-02",
            "price": "19.93",
            "revenue": 405722
        },
        "2014-03": {
            "month": "2014-03",
            "price": "19.44",
            "revenue": 372016
        },
        "2014-04": {
            "month": "2014-04",
            "price": "19.02",
            "revenue": 280002
        },
        "2014-05": {
            "month": "2014-05",
            "price": "18.54",
            "revenue": 428103
        },
        "2014-06": {
            "month": "2014-06",
            "price": "18.21",
            "revenue": 425691
        },
        "2014-07": {
            "month": "2014-07",
            "price": "18.44",
            "revenue": 503920
        },
        "2014-08": {
            "month": "2014-08",
            "price": "16.50",
            "revenue": 440374
        },
        "2014-09": {
            "month": "2014-09",
            "price": "16.36",
            "revenue": 410937
        },
        "2014-10": {
            "month": "2014-10",
            "price": "15.68",
            "revenue": 382911
        },
        "2014-11": {
            "month": "2014-11",
            "price": "15.30",
            "revenue": 434263
        },
        "2014-12": {
            "month": "2014-12",
            "price": "15.53",
            "revenue": 469903
        },
        "2015-01": {
            "month": "2015-01",
            "price": "15.61",
            "revenue": 374390
        },
        "2015-02": {
            "month": "2015-02",
            "price": "15.56",
            "revenue": 419775
        },
        "2015-03": {
            "month": "2015-03",
            "price": "15.33",
            "revenue": 435394
        },
        "2015-04": {
            "month": "2015-04",
            "price": "14.86",
            "revenue": 535183
        },
        "2015-05": {
            "month": "2015-05",
            "price": "15.18",
            "revenue": 440793
        },
        "2015-06": {
            "month": "2015-06",
            "price": "14.75",
            "revenue": 344816
        },
        "2015-07": {
            "month": "2015-07",
            "price": "14.55",
            "revenue": 401530
        },
        "2015-08": {
            "month": "2015-08",
            "price": "13.30",
            "revenue": 328199
        },
        "2015-09": {
            "month": "2015-09",
            "price": "12.93",
            "revenue": 398893
        },
        "2015-10": {
            "month": "2015-10",
            "price": "13.10",
            "revenue": 484334
        },
        "2015-11": {
            "month": "2015-11",
            "price": "12.66",
            "revenue": 417270
        },
        "2015-12": {
            "month": "2015-12",
            "price": "11.71",
            "revenue": 489780
        },
        "2016-01": {
            "month": "2016-01",
            "price": "11.08",
            "revenue": 292415
        },
        "2016-02": {
            "month": "2016-02",
            "price": "10.82",
            "revenue": 461364
        },
        "2016-03": {
            "month": "2016-03",
            "price": "11.67",
            "revenue": 521985
        },
        "2016-04": {
            "month": "2016-04",
            "price": "11.63",
            "revenue": 442519
        },
        "2016-05": {
            "month": "2016-05",
            "price": "11.47",
            "revenue": 473837
        },
        "2016-06": {
            "month": "2016-06",
            "price": "11.42",
            "revenue": 479037
        },
        "2016-07": {
            "month": "2016-07",
            "price": "11.70",
            "revenue": 527602
        },
        "2016-08": {
            "month": "2016-08",
            "price": "11.72",
            "revenue": 486969
        },
        "2016-09": {
            "month": "2016-09",
            "price": "11.54",
            "revenue": 446230
        },
        "2016-10": {
            "month": "2016-10",
            "price": "11.22",
            "revenue": 458338
        },
        "2016-11": {
            "month": "2016-11",
            "price": "12.12",
            "revenue": 532108
        },
        "2016-12": {
            "month": "2016-12",
            "price": "13.31",
            "revenue": 491168
        },
        "2017-01": {
            "month": "2017-01",
            "price": "13.18",
            "revenue": 402922
        },
        "2017-02": {
            "month": "2017-02",
            "price": "13.68",
            "revenue": 540614
        },
        "2017-03": {
            "month": "2017-03",
            "price": "14.02",
            "revenue": 437979
        },
        "2017-04": {
            "month": "2017-04",
            "price": "13.14",
            "revenue": 455550
        },
        "2017-05": {
            "month": "2017-05",
            "price": "13.58",
            "revenue": 467028
        },
        "2017-06": {
            "month": "2017-06",
            "price": "13.68",
            "revenue": 524008
        },
        "2017-07": {
            "month": "2017-07",
            "price": "14.09",
            "revenue": 509959
        },
        "2017-08": {
            "month": "2017-08",
            "price": "13.69",
            "revenue": 595833
        },
        "2017-09": {
            "month": "2017-09",
            "price": "13.40",
            "revenue": 459039
        },
        "2017-10": {
            "month": "2017-10",
            "price": "13.39",
            "revenue": 517168
        },
        "2017-11": {
            "month": "2017-11",
            "price": "14.03",
            "revenue": 512092
        },
        "2017-12": {
            "month": "2017-12",
            "price": "14.52",
            "revenue": 459150
        },
        "2018-01": {
            "month": "2018-01",
            "price": "14.52",
            "revenue": 596218
        },
        "2018-02": {
            "month": "2018-02",
            "price": "14.14",
            "revenue": 467511
        },
        "2018-03": {
            "month": "2018-03",
            "price": "14.19",
            "revenue": 531933
        },
        "2018-04": {
            "month": "2018-04",
            "price": "13.72",
            "revenue": 531239
        },
        "2018-05": {
            "month": "2018-05",
            "price": "14.05",
            "revenue": 605374
        },
        "2018-06": {
            "month": "2018-06",
            "price": "13.98",
            "revenue": 526986
        },
        "2018-07": {
            "month": "2018-07",
            "price": "13.82",
            "revenue": 536688
        },
        "2018-08": {
            "month": "2018-08",
            "price": "13.99",
            "revenue": 539938
        },
        "2018-09": {
            "month": "2018-09",
            "price": "15.34",
            "revenue": 441534
        },
        "2018-10": {
            "month": "2018-10",
            "price": "14.52",
            "revenue": 316679
        },
        "2018-11": {
            "month": "2018-11",
            "price": "14.35",
            "revenue": 556146
        },
        "2018-12": {
            "month": "2018-12",
            "price": "14.52",
            "revenue": 479143
        },
        "2019-01": {
            "month": "2019-01",
            "price": "14.60",
            "revenue": 675790
        },
        "2019-02": {
            "month": "2019-02",
            "price": "15.18",
            "revenue": 519883
        },
        "2019-03": {
            "month": "2019-03",
            "price": "15.34",
            "revenue": 556162
        },
        "2019-04": {
            "month": "2019-04",
            "price": "14.44",
            "revenue": 245322
        },
        "2019-05": {
            "month": "2019-05",
            "price": "14.97",
            "revenue": 507685
        },
        "2019-06": {
            "month": "2019-06",
            "price": "14.86",
            "revenue": 480568
        },
        "2019-07": {
            "month": "2019-07",
            "price": "14.98",
            "revenue": 497333
        },
        "2019-08": {
            "month": "2019-08",
            "price": "14.41",
            "revenue": 526574
        },
        "2019-09": {
            "month": "2019-09",
            "price": "14.27",
            "revenue": 481590
        },
        "2019-10": {
            "month": "2019-10",
            "price": "14.22",
            "revenue": 506369
        },
        "2019-11": {
            "month": "2019-11",
            "price": "14.28",
            "revenue": 556065
        },
        "2019-12": {
            "month": "2019-12",
            "price": "14.28",
            "revenue": 495857
        },
        "2020-01": {
            "month": "2020-01",
            "price": "14.60",
            "revenue": 418952
        },
        "2020-02": {
            "month": "2020-02",
            "price": "14.09",
            "revenue": 430867
        },
        "2020-03": {
            "month": "2020-03",
            "price": "12.41",
            "revenue": 318904
        },
        "2020-04": {
            "month": "2020-04",
            "price": "13.43",
            "revenue": 554733
        },
        "2020-05": {
            "month": "2020-05",
            "price": "13.96",
            "revenue": 492656
        },
        "2020-06": {
            "month": "2020-06",
            "price": "14.06",
            "revenue": 542534
        },
        "2020-07": {
            "month": "2020-07",
            "price": "13.82",
            "revenue": 543310
        },
        "2020-08": {
            "month": "2020-08",
            "price": "12.99",
            "revenue": 511041
        },
        "2020-09": {
            "month": "2020-09",
            "price": "12.95",
            "revenue": 519676
        },
        "2020-10": {
            "month": "2020-10",
            "price": "12.99",
            "revenue": 445846
        },
        "2020-11": {
            "month": "2020-11",
            "price": "13.10",
            "revenue": 580558
        },
        "2020-12": {
            "month": "2020-12",
            "price": "13.18",
            "revenue": 495595
        },
        "2021-01": {
            "month": "2021-01",
            "price": "12.99",
            "revenue": 470747
        },
        "2021-02": {
            "month": "2021-02",
            "price": "12.89",
            "revenue": 514157
        },
        "2021-03": {
            "month": "2021-03",
            "price": "13.46",
            "revenue": 568665
        },
        "2021-04": {
            "month": "2021-04",
            "price": "13.42",
            "revenue": 574636
        },
        "2021-05": {
            "month": "2021-05",
            "price": "13.19",
            "revenue": 457653
        },
        "2021-06": {
            "month": "2021-06",
            "price": "13.04",
            "revenue": 540702
        },
        "2021-07": {
            "month": "2021-07",
            "price": "13.09",
            "revenue": 602407
        },
        "2021-08": {
            "month": "2021-08",
            "price": "13.08",
            "revenue": 586417
        },
        "2021-09": {
            "month": "2021-09",
            "price": "13.25",
            "revenue": 564015
        },
        "2021-10": {
            "month": "2021-10",
            "price": "13.18",
            "revenue": 566705
        },
        "2021-11": {
            "month": "2021-11",
            "price": "14.05",
            "revenue": 513597
        },
        "2021-12": {
            "month": "2021-12",
            "price": "14.53",
            "revenue": 580219
        },
        "2022-01": {
            "month": "2022-01",
            "price": "15.04",
            "revenue": 543280
        },
        "2022-02": {
            "month": "2022-02",
            "price": "15.09",
            "revenue": 547911
        },
        "2022-03": {
            "month": "2022-03",
            "price": "15.17",
            "revenue": 578540
        },
        "2022-04": {
            "month": "2022-04",
            "price": "16.57",
            "revenue": 608900
        },
        "2022-05": {
            "month": "2022-05",
            "price": "15.70",
            "revenue": 544496
        },
        "2022-06": {
            "month": "2022-06",
            "price": "15.83",
            "revenue": 586300
        },
        "2022-07": {
            "month": "2022-07",
            "price": "15.42",
            "revenue": 640231
        },
        "2022-08": {
            "month": "2022-08",
            "price": "14.79",
            "revenue": 631312
        },
        "2022-09": {
            "month": "2022-09",
            "price": "14.78",
            "revenue": 579184
        },
        "2022-10": {
            "month": "2022-10",
            "price": "13.86",
            "revenue": 583428
        },
        "2022-11": {
            "month": "2022-11",
            "price": "15.00",
            "revenue": 564602
        },
        "2022-12": {
            "month": "2022-12",
            "price": "15.79",
            "revenue": 524695
        },
        "2023-01": {
            "month": "2023-01",
            "price": "16.08",
            "revenue": 571167
        },
        "2023-02": {
            "month": "2023-02",
            "price": "16.78",
            "revenue": 568928
        },
        "2023-03": {
            "month": "2023-03",
            "price": "16.14",
            "revenue": 583327
        },
        "2023-04": {
            "month": "2023-04",
            "price": "15.69",
            "revenue": 607613
        }
    }
}
