{
    "summary": {
        "stock_name": "統一證",
        "stock_id": "2855",
        "category": "金融",
        "main_business": "承銷有價證券 自行買賣有價證券 受託買賣有價證券<br>股務代理 有價證券融資融券業務 期貨業務輔助 期貨自營<br>其它經證期會核准之有關證券業務",
        "website_url": "https://www.pscnet.com.tw/",
        "ceo": "蔡森部",
        "pe_ratio": 0,
        "report_year_from": 2001,
        "report_year_to": 2023,
        "age": 23,
        "eps_negative_percentage": 0,
        "eps_growth_avg": {
            "last_all": 17.08,
            "last_2y": 9.37,
            "last_4y": 35.1,
            "last_8y": 18.81,
            "last_12y": 17.08,
            "last_16y": null,
            "last_20y": null,
            "at_2006_last_3y": null,
            "at_2007_last_3y": null,
            "at_2008_last_3y": null,
            "at_2009_last_3y": null,
            "at_2010_last_3y": null,
            "at_2011_last_3y": null,
            "at_2012_last_3y": null,
            "at_2013_last_3y": null,
            "at_2014_last_3y": 13.18,
            "at_2015_last_3y": 20.69,
            "at_2016_last_3y": -4.17,
            "at_2017_last_3y": 15.88,
            "at_2018_last_3y": -1.55,
            "at_2019_last_3y": 33.04,
            "at_2020_last_3y": 48.3,
            "at_2021_last_3y": 25.93,
            "at_2022_last_3y": 18.88,
            "at_2023_last_3y": 19.17,
            "at_2024_last_3y": 19.17,
            "at_2006_last_all": null,
            "at_2007_last_all": null,
            "at_2008_last_all": null,
            "at_2009_last_all": null,
            "at_2010_last_all": null,
            "at_2011_last_all": null,
            "at_2012_last_all": 8.71,
            "at_2013_last_all": 12.4,
            "at_2014_last_all": 13.18,
            "at_2015_last_all": 2.65,
            "at_2016_last_all": 0.12,
            "at_2017_last_all": 14.39,
            "at_2018_last_all": 5.81,
            "at_2019_last_all": 16.15,
            "at_2020_last_all": 19.39,
            "at_2021_last_all": 18.58,
            "at_2022_last_all": 10.17,
            "at_2023_last_all": 17.08,
            "at_2024_last_all": 17.08
        },
        "latest_eps": 0,
        "latest_price": 24.6,
        "latest_roe": 0,
        "latest_gross_margin": null,
        "latest_equity": null,
        "latest_revenue": null,
        "latest_gross_profit": null,
        "latest_net_income": null,
        "latest_debt_ratio": null,
        "latest_current_ratio": null,
        "latest_account_receivable_turnover_ratio": null,
        "latest_inventory_turnover_ratio": null,
        "latest_reinvestment_rate": null,
        "latest_research_to_sale_ratio": null
    },
    "eps_dividends": {
        "1999": {
            "cash": 0.8,
            "stock": 0.8,
            "eps": 0
        },
        "2001": {
            "cash": 0,
            "stock": 0,
            "eps": 0
        },
        "2002": {
            "cash": 0.4,
            "stock": 0.5,
            "eps": 0
        },
        "2003": {
            "cash": 0.5,
            "stock": 0,
            "eps": 0
        },
        "2004": {
            "cash": 1,
            "stock": 0,
            "eps": 0
        },
        "2005": {
            "cash": 0.87,
            "stock": 0,
            "eps": 0
        },
        "2006": {
            "cash": 0.63,
            "stock": 0,
            "eps": 0
        },
        "2007": {
            "cash": 0.9,
            "stock": 0.35,
            "eps": 0
        },
        "2008": {
            "cash": 1,
            "stock": 0.33,
            "eps": 0
        },
        "2009": {
            "cash": 0,
            "stock": 0,
            "eps": 0
        },
        "2010": {
            "cash": 0.82,
            "stock": 0.4,
            "eps": 1.51
        },
        "2011": {
            "cash": 0.47,
            "stock": 0.8999999999999999,
            "eps": 0.46
        },
        "2012": {
            "cash": 0,
            "stock": 0,
            "eps": 0.86
        },
        "2013": {
            "cash": 0.52,
            "stock": 0,
            "eps": 1.03
        },
        "2014": {
            "cash": 0.74,
            "stock": 0,
            "eps": 1.19
        },
        "2015": {
            "cash": 0.81,
            "stock": 0,
            "eps": 0.72
        },
        "2016": {
            "cash": 0.2,
            "stock": 0.31,
            "eps": 0.63
        },
        "2017": {
            "cash": 0,
            "stock": 0.41,
            "eps": 1.9
        },
        "2018": {
            "cash": 1.2,
            "stock": 0,
            "eps": 0.87
        },
        "2019": {
            "cash": 0.69,
            "stock": 0,
            "eps": 1.73
        },
        "2020": {
            "cash": 1,
            "stock": 0.2,
            "eps": 2.57
        },
        "2021": {
            "cash": 1.5,
            "stock": 0.4,
            "eps": 2.84
        },
        "2022": {
            "cash": 1.89,
            "stock": 0,
            "eps": 0.5
        },
        "2023": {
            "cash": 0.39,
            "stock": 0,
            "eps": 1.68
        },
        "2024": {
            "cash": 1.32,
            "stock": 0,
            "eps": 0
        }
    },
    "dividends": {
        "1999-04-19": {
            "cash": 0.8,
            "stock": 0.8
        },
        "2002-05-28": {
            "cash": 0.4,
            "stock": 0.5
        },
        "2003-06-16": {
            "cash": 0.5,
            "stock": 0
        },
        "2004-03-23": {
            "cash": 1,
            "stock": 0
        },
        "2005-04-26": {
            "cash": 0.87,
            "stock": 0
        },
        "2006-03-21": {
            "cash": 0.63,
            "stock": 0
        },
        "2007-03-13": {
            "cash": 0.9,
            "stock": 0.35
        },
        "2008-03-19": {
            "cash": 1,
            "stock": 0.33
        },
        "2010-03-24": {
            "cash": 0.82,
            "stock": 0.4
        },
        "2011-01-01": {
            "cash": 0,
            "stock": 0.3
        },
        "2011-03-28": {
            "cash": 0.47,
            "stock": 0.6
        },
        "2013-03-26": {
            "cash": 0.52,
            "stock": 0
        },
        "2014-06-18": {
            "cash": 0.74,
            "stock": 0
        },
        "2015-08-14": {
            "cash": 0.81,
            "stock": 0
        },
        "2016-08-30": {
            "cash": 0.2,
            "stock": 0.31
        },
        "2017-03-23": {
            "cash": 0,
            "stock": 0.41
        },
        "2018-08-24": {
            "cash": 1.2,
            "stock": 0
        },
        "2019-08-15": {
            "cash": 0.69,
            "stock": 0
        },
        "2020-09-08": {
            "cash": 1,
            "stock": 0.2
        },
        "2021-09-30": {
            "cash": 1.5,
            "stock": 0.4
        },
        "2022-08-05": {
            "cash": 1.89,
            "stock": 0
        },
        "2023-07-18": {
            "cash": 0.39,
            "stock": 0
        },
        "2024-03-04": {
            "cash": 1.32,
            "stock": 0
        }
    },
    "prices": {
        "200101": "無",
        "200102": "無",
        "200103": "無",
        "200104": "無",
        "200105": "無",
        "200106": "無",
        "200107": "無",
        "200108": "無",
        "200109": "無",
        "200110": "無",
        "200111": "無",
        "200112": "無",
        "200201": "無",
        "200202": "無",
        "200203": "無",
        "200204": "無",
        "200205": "無",
        "200206": "無",
        "200207": "無",
        "200208": "無",
        "200209": "11.04",
        "200210": "11.52",
        "200211": "11.76",
        "200212": "11.78",
        "200301": "13.47",
        "200302": "12.32",
        "200303": "12.28",
        "200304": "11.75",
        "200305": "11.08",
        "200306": "12.95",
        "200307": "13.74",
        "200308": "13.55",
        "200309": "13.57",
        "200310": "14.13",
        "200311": "14.56",
        "200312": "14.00",
        "200401": "15.10",
        "200402": "18.00",
        "200403": "19.51",
        "200404": "18.62",
        "200405": "14.79",
        "200406": "13.95",
        "200407": "13.22",
        "200408": "13.36",
        "200409": "15.23",
        "200410": "17.18",
        "200411": "18.40",
        "200412": "17.63",
        "200501": "17.61",
        "200502": "16.18",
        "200503": "17.35",
        "200504": "16.61",
        "200505": "15.09",
        "200506": "15.69",
        "200507": "16.01",
        "200508": "15.77",
        "200509": "14.77",
        "200510": "14.00",
        "200511": "14.30",
        "200512": "14.88",
        "200601": "15.05",
        "200602": "14.11",
        "200603": "13.16",
        "200604": "14.36",
        "200605": "15.84",
        "200606": "14.55",
        "200607": "14.49",
        "200608": "14.21",
        "200609": "14.42",
        "200610": "15.22",
        "200611": "15.93",
        "200612": "17.57",
        "200701": "18.24",
        "200702": "18.34",
        "200703": "17.70",
        "200704": "17.58",
        "200705": "17.83",
        "200706": "19.30",
        "200707": "24.22",
        "200708": "21.48",
        "200709": "21.20",
        "200710": "23.16",
        "200711": "20.99",
        "200712": "18.74",
        "200801": "19.63",
        "200802": "20.72",
        "200803": "23.79",
        "200804": "26.82",
        "200805": "25.37",
        "200806": "21.60",
        "200807": "18.68",
        "200808": "18.24",
        "200809": "14.30",
        "200810": "9.59",
        "200811": "9.61",
        "200812": "10.54",
        "200901": "10.09",
        "200902": "9.03",
        "200903": "10.67",
        "200904": "14.85",
        "200905": "18.48",
        "200906": "17.92",
        "200907": "19.98",
        "200908": "18.02",
        "200909": "19.02",
        "200910": "20.87",
        "200911": "19.83",
        "200912": "19.96",
        "201001": "20.88",
        "201002": "17.74",
        "201003": "18.51",
        "201004": "18.92",
        "201005": "17.00",
        "201006": "15.79",
        "201007": "17.11",
        "201008": "17.73",
        "201009": "17.19",
        "201010": "17.75",
        "201011": "17.67",
        "201012": "18.78",
        "201101": "19.36",
        "201102": "18.53",
        "201103": "17.77",
        "201104": "18.62",
        "201105": "19.27",
        "201106": "20.32",
        "201107": "20.90",
        "201108": "17.77",
        "201109": "15.81",
        "201110": "15.03",
        "201111": "14.89",
        "201112": "14.72",
        "201201": "13.90",
        "201202": "15.87",
        "201203": "16.42",
        "201204": "15.20",
        "201205": "15.02",
        "201206": "14.65",
        "201207": "15.08",
        "201208": "15.38",
        "201209": "15.82",
        "201210": "15.76",
        "201211": "15.81",
        "201212": "16.82",
        "201301": "16.90",
        "201302": "17.39",
        "201303": "17.61",
        "201304": "17.50",
        "201305": "17.85",
        "201306": "17.57",
        "201307": "17.40",
        "201308": "17.11",
        "201309": "17.12",
        "201310": "17.01",
        "201311": "16.30",
        "201312": "16.72",
        "201401": "18.04",
        "201402": "17.25",
        "201403": "17.20",
        "201404": "16.87",
        "201405": "16.38",
        "201406": "16.92",
        "201407": "17.48",
        "201408": "16.81",
        "201409": "16.92",
        "201410": "16.13",
        "201411": "15.52",
        "201412": "15.76",
        "201501": "16.09",
        "201502": "16.17",
        "201503": "16.11",
        "201504": "16.88",
        "201505": "17.50",
        "201506": "16.17",
        "201507": "14.82",
        "201508": "12.37",
        "201509": "12.51",
        "201510": "13.61",
        "201511": "14.78",
        "201512": "13.62",
        "201601": "12.32",
        "201602": "12.59",
        "201603": "13.80",
        "201604": "12.87",
        "201605": "12.13",
        "201606": "12.24",
        "201607": "12.20",
        "201608": "12.04",
        "201609": "11.67",
        "201610": "11.11",
        "201611": "11.06",
        "201612": "11.48",
        "201701": "11.55",
        "201702": "12.82",
        "201703": "13.34",
        "201704": "13.36",
        "201705": "13.44",
        "201706": "13.73",
        "201707": "14.17",
        "201708": "13.59",
        "201709": "14.51",
        "201710": "14.49",
        "201711": "14.70",
        "201712": "14.36",
        "201801": "15.12",
        "201802": "14.69",
        "201803": "14.53",
        "201804": "14.78",
        "201805": "14.65",
        "201806": "14.84",
        "201807": "14.63",
        "201808": "13.96",
        "201809": "14.12",
        "201810": "13.25",
        "201811": "12.69",
        "201812": "12.01",
        "201901": "12.76",
        "201902": "13.41",
        "201903": "13.71",
        "201904": "13.62",
        "201905": "13.44",
        "201906": "13.48",
        "201907": "13.36",
        "201908": "12.60",
        "201909": "13.10",
        "201910": "13.13",
        "201911": "13.73",
        "201912": "14.24",
        "202001": "14.61",
        "202002": "13.98",
        "202003": "12.37",
        "202004": "12.88",
        "202005": "13.26",
        "202006": "13.73",
        "202007": "15.07",
        "202008": "15.70",
        "202009": "15.89",
        "202010": "15.14",
        "202011": "15.23",
        "202012": "16.93",
        "202101": "20.61",
        "202102": "20.61",
        "202103": "21.05",
        "202104": "26.88",
        "202105": "27.68",
        "202106": "26.74",
        "202107": "27.57",
        "202108": "25.85",
        "202109": "23.47",
        "202110": "22.54",
        "202111": "23.06",
        "202112": "23.11",
        "202201": "23.08",
        "202202": "22.26",
        "202203": "22.19",
        "202204": "21.68",
        "202205": "19.35",
        "202206": "18.98",
        "202207": "16.05",
        "202208": "16.78",
        "202209": "15.82",
        "202210": "14.56",
        "202211": "15.63",
        "202212": "15.98",
        "202301": "16.02",
        "202302": "17.01",
        "202303": "16.42",
        "202304": "16.52",
        "202305": "16.72",
        "202306": "17.66",
        "202307": "18.81",
        "202308": "19.66",
        "202309": "19.15",
        "202310": "18.04",
        "202311": "18.22",
        "202312": "19.34",
        "202401": "19.11",
        "202402": "19.70",
        "202403": "23.05",
        "202404": "無"
    },
    "quarters": {
        "20011": {
            "year_quarter": 20011,
            "year": 2001,
            "quarter": 1,
            "eps": null,
            "eps_growth_year": null,
            "eps_4q": null,
            "eps_4q_growth_year": null,
            "roe": null,
            "roe_4q": 0,
            "gross_profit": null,
            "gross_margin": null,
            "gross_margin_4q_avg": 0,
            "net_income": null,
            "net_income_4q": null,
            "revenue": null,
            "revenue_4q": null,
            "common_shares": null,
            "book_valuer_per_share": null,
            "book_valuer_per_share_4q_avg": 0,
            "equity": null,
            "current_ratio": null,
            "debt_ratio": null,
            "inventory_turnover_ratio": null,
            "account_receivable_turnover_ratio": null,
            "reinvestment_rate": null,
            "research_to_sale_ratio": null,
            "price_fair": 0,
            "eps_avg_yearly": 0,
            "eps_latest_yearly": 0,
            "eps_growth_yearly": 0
        },
        "20012": {
            "year_quarter": 20012,
            "year": 2001,
            "quarter": 2,
            "eps": null,
            "eps_growth_year": null,
            "eps_4q": null,
            "eps_4q_growth_year": null,
            "roe": null,
            "roe_4q": 0,
            "gross_profit": null,
            "gross_margin": null,
            "gross_margin_4q_avg": 0,
            "net_income": null,
            "net_income_4q": null,
            "revenue": null,
            "revenue_4q": null,
            "common_shares": null,
            "book_valuer_per_share": null,
            "book_valuer_per_share_4q_avg": 0,
            "equity": null,
            "current_ratio": null,
            "debt_ratio": null,
            "inventory_turnover_ratio": null,
            "account_receivable_turnover_ratio": null,
            "reinvestment_rate": null,
            "research_to_sale_ratio": null,
            "price_fair": 0,
            "eps_avg_yearly": 0,
            "eps_latest_yearly": 0,
            "eps_growth_yearly": 0
        },
        "20013": {
            "year_quarter": 20013,
            "year": 2001,
            "quarter": 3,
            "eps": null,
            "eps_growth_year": null,
            "eps_4q": null,
            "eps_4q_growth_year": null,
            "roe": null,
            "roe_4q": 0,
            "gross_profit": null,
            "gross_margin": null,
            "gross_margin_4q_avg": 0,
            "net_income": null,
            "net_income_4q": null,
            "revenue": null,
            "revenue_4q": null,
            "common_shares": null,
            "book_valuer_per_share": null,
            "book_valuer_per_share_4q_avg": 0,
            "equity": null,
            "current_ratio": null,
            "debt_ratio": null,
            "inventory_turnover_ratio": null,
            "account_receivable_turnover_ratio": null,
            "reinvestment_rate": null,
            "research_to_sale_ratio": null,
            "price_fair": 0,
            "eps_avg_yearly": 0,
            "eps_latest_yearly": 0,
            "eps_growth_yearly": 0
        },
        "20014": {
            "year_quarter": 20014,
            "year": 2001,
            "quarter": 4,
            "eps": null,
            "eps_growth_year": null,
            "eps_4q": null,
            "eps_4q_growth_year": null,
            "roe": null,
            "roe_4q": 0,
            "gross_profit": null,
            "gross_margin": null,
            "gross_margin_4q_avg": 0,
            "net_income": null,
            "net_income_4q": null,
            "revenue": null,
            "revenue_4q": null,
            "common_shares": null,
            "book_valuer_per_share": null,
            "book_valuer_per_share_4q_avg": 0,
            "equity": null,
            "current_ratio": null,
            "debt_ratio": null,
            "inventory_turnover_ratio": null,
            "account_receivable_turnover_ratio": null,
            "reinvestment_rate": null,
            "research_to_sale_ratio": null,
            "price_fair": 0,
            "eps_avg_yearly": 0,
            "eps_latest_yearly": 0,
            "eps_growth_yearly": 0
        },
        "20021": {
            "year_quarter": 20021,
            "year": 2002,
            "quarter": 1,
            "eps": null,
            "eps_growth_year": null,
            "eps_4q": null,
            "eps_4q_growth_year": null,
            "roe": null,
            "roe_4q": 0,
            "gross_profit": null,
            "gross_margin": null,
            "gross_margin_4q_avg": 0,
            "net_income": null,
            "net_income_4q": null,
            "revenue": null,
            "revenue_4q": null,
            "common_shares": null,
            "book_valuer_per_share": null,
            "book_valuer_per_share_4q_avg": 0,
            "equity": null,
            "current_ratio": null,
            "debt_ratio": null,
            "inventory_turnover_ratio": null,
            "account_receivable_turnover_ratio": null,
            "reinvestment_rate": null,
            "research_to_sale_ratio": null,
            "price_fair": 0,
            "eps_avg_yearly": 0,
            "eps_latest_yearly": 0,
            "eps_growth_yearly": 0
        },
        "20022": {
            "year_quarter": 20022,
            "year": 2002,
            "quarter": 2,
            "eps": null,
            "eps_growth_year": null,
            "eps_4q": null,
            "eps_4q_growth_year": null,
            "roe": null,
            "roe_4q": 0,
            "gross_profit": null,
            "gross_margin": null,
            "gross_margin_4q_avg": 0,
            "net_income": null,
            "net_income_4q": null,
            "revenue": null,
            "revenue_4q": null,
            "common_shares": null,
            "book_valuer_per_share": null,
            "book_valuer_per_share_4q_avg": 0,
            "equity": null,
            "current_ratio": null,
            "debt_ratio": null,
            "inventory_turnover_ratio": null,
            "account_receivable_turnover_ratio": null,
            "reinvestment_rate": null,
            "research_to_sale_ratio": null,
            "price_fair": 0,
            "eps_avg_yearly": 0,
            "eps_latest_yearly": 0,
            "eps_growth_yearly": 0
        },
        "20023": {
            "year_quarter": 20023,
            "year": 2002,
            "quarter": 3,
            "eps": null,
            "eps_growth_year": null,
            "eps_4q": null,
            "eps_4q_growth_year": null,
            "roe": null,
            "roe_4q": 0,
            "gross_profit": null,
            "gross_margin": null,
            "gross_margin_4q_avg": 0,
            "net_income": null,
            "net_income_4q": null,
            "revenue": null,
            "revenue_4q": null,
            "common_shares": null,
            "book_valuer_per_share": null,
            "book_valuer_per_share_4q_avg": 0,
            "equity": null,
            "current_ratio": null,
            "debt_ratio": null,
            "inventory_turnover_ratio": null,
            "account_receivable_turnover_ratio": null,
            "reinvestment_rate": null,
            "research_to_sale_ratio": null,
            "price_fair": 0,
            "eps_avg_yearly": 0,
            "eps_latest_yearly": 0,
            "eps_growth_yearly": 0
        },
        "20024": {
            "year_quarter": 20024,
            "year": 2002,
            "quarter": 4,
            "eps": null,
            "eps_growth_year": null,
            "eps_4q": null,
            "eps_4q_growth_year": null,
            "roe": null,
            "roe_4q": 0,
            "gross_profit": null,
            "gross_margin": null,
            "gross_margin_4q_avg": 0,
            "net_income": null,
            "net_income_4q": null,
            "revenue": null,
            "revenue_4q": null,
            "common_shares": null,
            "book_valuer_per_share": null,
            "book_valuer_per_share_4q_avg": 0,
            "equity": null,
            "current_ratio": null,
            "debt_ratio": null,
            "inventory_turnover_ratio": null,
            "account_receivable_turnover_ratio": null,
            "reinvestment_rate": null,
            "research_to_sale_ratio": null,
            "price_fair": 0,
            "eps_avg_yearly": 0,
            "eps_latest_yearly": 0,
            "eps_growth_yearly": 0
        },
        "20031": {
            "year_quarter": 20031,
            "year": 2003,
            "quarter": 1,
            "eps": null,
            "eps_growth_year": null,
            "eps_4q": null,
            "eps_4q_growth_year": null,
            "roe": null,
            "roe_4q": 0,
            "gross_profit": null,
            "gross_margin": null,
            "gross_margin_4q_avg": 0,
            "net_income": null,
            "net_income_4q": null,
            "revenue": null,
            "revenue_4q": null,
            "common_shares": null,
            "book_valuer_per_share": null,
            "book_valuer_per_share_4q_avg": 0,
            "equity": null,
            "current_ratio": null,
            "debt_ratio": null,
            "inventory_turnover_ratio": null,
            "account_receivable_turnover_ratio": null,
            "reinvestment_rate": null,
            "research_to_sale_ratio": null,
            "price_fair": 0,
            "eps_avg_yearly": 0,
            "eps_latest_yearly": 0,
            "eps_growth_yearly": 0
        },
        "20032": {
            "year_quarter": 20032,
            "year": 2003,
            "quarter": 2,
            "eps": null,
            "eps_growth_year": null,
            "eps_4q": null,
            "eps_4q_growth_year": null,
            "roe": null,
            "roe_4q": 0,
            "gross_profit": null,
            "gross_margin": null,
            "gross_margin_4q_avg": 0,
            "net_income": null,
            "net_income_4q": null,
            "revenue": null,
            "revenue_4q": null,
            "common_shares": null,
            "book_valuer_per_share": null,
            "book_valuer_per_share_4q_avg": 0,
            "equity": null,
            "current_ratio": null,
            "debt_ratio": null,
            "inventory_turnover_ratio": null,
            "account_receivable_turnover_ratio": null,
            "reinvestment_rate": null,
            "research_to_sale_ratio": null,
            "price_fair": 0,
            "eps_avg_yearly": 0,
            "eps_latest_yearly": 0,
            "eps_growth_yearly": 0
        },
        "20033": {
            "year_quarter": 20033,
            "year": 2003,
            "quarter": 3,
            "eps": null,
            "eps_growth_year": null,
            "eps_4q": null,
            "eps_4q_growth_year": null,
            "roe": null,
            "roe_4q": 0,
            "gross_profit": null,
            "gross_margin": null,
            "gross_margin_4q_avg": 0,
            "net_income": null,
            "net_income_4q": null,
            "revenue": null,
            "revenue_4q": null,
            "common_shares": null,
            "book_valuer_per_share": null,
            "book_valuer_per_share_4q_avg": 0,
            "equity": null,
            "current_ratio": null,
            "debt_ratio": null,
            "inventory_turnover_ratio": null,
            "account_receivable_turnover_ratio": null,
            "reinvestment_rate": null,
            "research_to_sale_ratio": null,
            "price_fair": 0,
            "eps_avg_yearly": 0,
            "eps_latest_yearly": 0,
            "eps_growth_yearly": 0
        },
        "20034": {
            "year_quarter": 20034,
            "year": 2003,
            "quarter": 4,
            "eps": null,
            "eps_growth_year": null,
            "eps_4q": null,
            "eps_4q_growth_year": null,
            "roe": null,
            "roe_4q": 0,
            "gross_profit": null,
            "gross_margin": null,
            "gross_margin_4q_avg": 0,
            "net_income": null,
            "net_income_4q": null,
            "revenue": null,
            "revenue_4q": null,
            "common_shares": null,
            "book_valuer_per_share": null,
            "book_valuer_per_share_4q_avg": 0,
            "equity": null,
            "current_ratio": null,
            "debt_ratio": null,
            "inventory_turnover_ratio": null,
            "account_receivable_turnover_ratio": null,
            "reinvestment_rate": null,
            "research_to_sale_ratio": null,
            "price_fair": 0,
            "eps_avg_yearly": 0,
            "eps_latest_yearly": 0,
            "eps_growth_yearly": 0
        },
        "20041": {
            "year_quarter": 20041,
            "year": 2004,
            "quarter": 1,
            "eps": null,
            "eps_growth_year": null,
            "eps_4q": null,
            "eps_4q_growth_year": null,
            "roe": null,
            "roe_4q": 0,
            "gross_profit": null,
            "gross_margin": null,
            "gross_margin_4q_avg": 0,
            "net_income": null,
            "net_income_4q": null,
            "revenue": null,
            "revenue_4q": null,
            "common_shares": null,
            "book_valuer_per_share": null,
            "book_valuer_per_share_4q_avg": 0,
            "equity": null,
            "current_ratio": null,
            "debt_ratio": null,
            "inventory_turnover_ratio": null,
            "account_receivable_turnover_ratio": null,
            "reinvestment_rate": null,
            "research_to_sale_ratio": null,
            "price_fair": 0,
            "eps_avg_yearly": 0,
            "eps_latest_yearly": 0,
            "eps_growth_yearly": 0
        },
        "20042": {
            "year_quarter": 20042,
            "year": 2004,
            "quarter": 2,
            "eps": null,
            "eps_growth_year": null,
            "eps_4q": null,
            "eps_4q_growth_year": null,
            "roe": null,
            "roe_4q": 0,
            "gross_profit": null,
            "gross_margin": null,
            "gross_margin_4q_avg": 0,
            "net_income": null,
            "net_income_4q": null,
            "revenue": null,
            "revenue_4q": null,
            "common_shares": null,
            "book_valuer_per_share": null,
            "book_valuer_per_share_4q_avg": 0,
            "equity": null,
            "current_ratio": null,
            "debt_ratio": null,
            "inventory_turnover_ratio": null,
            "account_receivable_turnover_ratio": null,
            "reinvestment_rate": null,
            "research_to_sale_ratio": null,
            "price_fair": 0,
            "eps_avg_yearly": 0,
            "eps_latest_yearly": 0,
            "eps_growth_yearly": 0
        },
        "20043": {
            "year_quarter": 20043,
            "year": 2004,
            "quarter": 3,
            "eps": null,
            "eps_growth_year": null,
            "eps_4q": null,
            "eps_4q_growth_year": null,
            "roe": null,
            "roe_4q": 0,
            "gross_profit": null,
            "gross_margin": null,
            "gross_margin_4q_avg": 0,
            "net_income": null,
            "net_income_4q": null,
            "revenue": null,
            "revenue_4q": null,
            "common_shares": null,
            "book_valuer_per_share": null,
            "book_valuer_per_share_4q_avg": 0,
            "equity": null,
            "current_ratio": null,
            "debt_ratio": null,
            "inventory_turnover_ratio": null,
            "account_receivable_turnover_ratio": null,
            "reinvestment_rate": null,
            "research_to_sale_ratio": null,
            "price_fair": 0,
            "eps_avg_yearly": 0,
            "eps_latest_yearly": 0,
            "eps_growth_yearly": 0
        },
        "20044": {
            "year_quarter": 20044,
            "year": 2004,
            "quarter": 4,
            "eps": null,
            "eps_growth_year": null,
            "eps_4q": null,
            "eps_4q_growth_year": null,
            "roe": null,
            "roe_4q": 0,
            "gross_profit": null,
            "gross_margin": null,
            "gross_margin_4q_avg": 0,
            "net_income": null,
            "net_income_4q": null,
            "revenue": null,
            "revenue_4q": null,
            "common_shares": null,
            "book_valuer_per_share": null,
            "book_valuer_per_share_4q_avg": 0,
            "equity": null,
            "current_ratio": null,
            "debt_ratio": null,
            "inventory_turnover_ratio": null,
            "account_receivable_turnover_ratio": null,
            "reinvestment_rate": null,
            "research_to_sale_ratio": null,
            "price_fair": 0,
            "eps_avg_yearly": 0,
            "eps_latest_yearly": 0,
            "eps_growth_yearly": 0
        },
        "20051": {
            "year_quarter": 20051,
            "year": 2005,
            "quarter": 1,
            "eps": null,
            "eps_growth_year": null,
            "eps_4q": null,
            "eps_4q_growth_year": null,
            "roe": null,
            "roe_4q": 0,
            "gross_profit": null,
            "gross_margin": null,
            "gross_margin_4q_avg": 0,
            "net_income": null,
            "net_income_4q": null,
            "revenue": null,
            "revenue_4q": null,
            "common_shares": null,
            "book_valuer_per_share": null,
            "book_valuer_per_share_4q_avg": 0,
            "equity": null,
            "current_ratio": null,
            "debt_ratio": null,
            "inventory_turnover_ratio": null,
            "account_receivable_turnover_ratio": null,
            "reinvestment_rate": null,
            "research_to_sale_ratio": null,
            "price_fair": 0,
            "eps_avg_yearly": 0,
            "eps_latest_yearly": 0,
            "eps_growth_yearly": 0
        },
        "20052": {
            "year_quarter": 20052,
            "year": 2005,
            "quarter": 2,
            "eps": null,
            "eps_growth_year": null,
            "eps_4q": null,
            "eps_4q_growth_year": null,
            "roe": null,
            "roe_4q": 0,
            "gross_profit": null,
            "gross_margin": null,
            "gross_margin_4q_avg": 0,
            "net_income": null,
            "net_income_4q": null,
            "revenue": null,
            "revenue_4q": null,
            "common_shares": null,
            "book_valuer_per_share": null,
            "book_valuer_per_share_4q_avg": 0,
            "equity": null,
            "current_ratio": null,
            "debt_ratio": null,
            "inventory_turnover_ratio": null,
            "account_receivable_turnover_ratio": null,
            "reinvestment_rate": null,
            "research_to_sale_ratio": null,
            "price_fair": 0,
            "eps_avg_yearly": 0,
            "eps_latest_yearly": 0,
            "eps_growth_yearly": 0
        },
        "20053": {
            "year_quarter": 20053,
            "year": 2005,
            "quarter": 3,
            "eps": null,
            "eps_growth_year": null,
            "eps_4q": null,
            "eps_4q_growth_year": null,
            "roe": null,
            "roe_4q": 0,
            "gross_profit": null,
            "gross_margin": null,
            "gross_margin_4q_avg": 0,
            "net_income": null,
            "net_income_4q": null,
            "revenue": null,
            "revenue_4q": null,
            "common_shares": null,
            "book_valuer_per_share": null,
            "book_valuer_per_share_4q_avg": 0,
            "equity": null,
            "current_ratio": null,
            "debt_ratio": null,
            "inventory_turnover_ratio": null,
            "account_receivable_turnover_ratio": null,
            "reinvestment_rate": null,
            "research_to_sale_ratio": null,
            "price_fair": 0,
            "eps_avg_yearly": 0,
            "eps_latest_yearly": 0,
            "eps_growth_yearly": 0
        },
        "20054": {
            "year_quarter": 20054,
            "year": 2005,
            "quarter": 4,
            "eps": null,
            "eps_growth_year": null,
            "eps_4q": null,
            "eps_4q_growth_year": null,
            "roe": null,
            "roe_4q": 0,
            "gross_profit": null,
            "gross_margin": null,
            "gross_margin_4q_avg": 0,
            "net_income": null,
            "net_income_4q": null,
            "revenue": null,
            "revenue_4q": null,
            "common_shares": null,
            "book_valuer_per_share": null,
            "book_valuer_per_share_4q_avg": 0,
            "equity": null,
            "current_ratio": null,
            "debt_ratio": null,
            "inventory_turnover_ratio": null,
            "account_receivable_turnover_ratio": null,
            "reinvestment_rate": null,
            "research_to_sale_ratio": null,
            "price_fair": 0,
            "eps_avg_yearly": 0,
            "eps_latest_yearly": 0,
            "eps_growth_yearly": 0
        },
        "20061": {
            "year_quarter": 20061,
            "year": 2006,
            "quarter": 1,
            "eps": null,
            "eps_growth_year": null,
            "eps_4q": null,
            "eps_4q_growth_year": null,
            "roe": null,
            "roe_4q": 0,
            "gross_profit": null,
            "gross_margin": null,
            "gross_margin_4q_avg": 0,
            "net_income": null,
            "net_income_4q": null,
            "revenue": null,
            "revenue_4q": null,
            "common_shares": null,
            "book_valuer_per_share": null,
            "book_valuer_per_share_4q_avg": 0,
            "equity": null,
            "current_ratio": null,
            "debt_ratio": null,
            "inventory_turnover_ratio": null,
            "account_receivable_turnover_ratio": null,
            "reinvestment_rate": null,
            "research_to_sale_ratio": null,
            "price_fair": 0,
            "eps_avg_yearly": 0,
            "eps_latest_yearly": 0,
            "eps_growth_yearly": 0
        },
        "20062": {
            "year_quarter": 20062,
            "year": 2006,
            "quarter": 2,
            "eps": null,
            "eps_growth_year": null,
            "eps_4q": null,
            "eps_4q_growth_year": null,
            "roe": null,
            "roe_4q": 0,
            "gross_profit": null,
            "gross_margin": null,
            "gross_margin_4q_avg": 0,
            "net_income": null,
            "net_income_4q": null,
            "revenue": null,
            "revenue_4q": null,
            "common_shares": null,
            "book_valuer_per_share": null,
            "book_valuer_per_share_4q_avg": 0,
            "equity": null,
            "current_ratio": null,
            "debt_ratio": null,
            "inventory_turnover_ratio": null,
            "account_receivable_turnover_ratio": null,
            "reinvestment_rate": null,
            "research_to_sale_ratio": null,
            "price_fair": 0,
            "eps_avg_yearly": 0,
            "eps_latest_yearly": 0,
            "eps_growth_yearly": 0
        },
        "20063": {
            "year_quarter": 20063,
            "year": 2006,
            "quarter": 3,
            "eps": null,
            "eps_growth_year": null,
            "eps_4q": null,
            "eps_4q_growth_year": null,
            "roe": null,
            "roe_4q": 0,
            "gross_profit": null,
            "gross_margin": null,
            "gross_margin_4q_avg": 0,
            "net_income": null,
            "net_income_4q": null,
            "revenue": null,
            "revenue_4q": null,
            "common_shares": null,
            "book_valuer_per_share": null,
            "book_valuer_per_share_4q_avg": 0,
            "equity": null,
            "current_ratio": null,
            "debt_ratio": null,
            "inventory_turnover_ratio": null,
            "account_receivable_turnover_ratio": null,
            "reinvestment_rate": null,
            "research_to_sale_ratio": null,
            "price_fair": 0,
            "eps_avg_yearly": 0,
            "eps_latest_yearly": 0,
            "eps_growth_yearly": 0
        },
        "20064": {
            "year_quarter": 20064,
            "year": 2006,
            "quarter": 4,
            "eps": null,
            "eps_growth_year": null,
            "eps_4q": null,
            "eps_4q_growth_year": null,
            "roe": null,
            "roe_4q": 0,
            "gross_profit": null,
            "gross_margin": null,
            "gross_margin_4q_avg": 0,
            "net_income": null,
            "net_income_4q": null,
            "revenue": null,
            "revenue_4q": null,
            "common_shares": null,
            "book_valuer_per_share": null,
            "book_valuer_per_share_4q_avg": 0,
            "equity": null,
            "current_ratio": null,
            "debt_ratio": null,
            "inventory_turnover_ratio": null,
            "account_receivable_turnover_ratio": null,
            "reinvestment_rate": null,
            "research_to_sale_ratio": null,
            "price_fair": 0,
            "eps_avg_yearly": 0,
            "eps_latest_yearly": 0,
            "eps_growth_yearly": 0
        },
        "20071": {
            "year_quarter": 20071,
            "year": 2007,
            "quarter": 1,
            "eps": null,
            "eps_growth_year": null,
            "eps_4q": null,
            "eps_4q_growth_year": null,
            "roe": null,
            "roe_4q": 0,
            "gross_profit": null,
            "gross_margin": null,
            "gross_margin_4q_avg": 0,
            "net_income": null,
            "net_income_4q": null,
            "revenue": null,
            "revenue_4q": null,
            "common_shares": null,
            "book_valuer_per_share": null,
            "book_valuer_per_share_4q_avg": 0,
            "equity": null,
            "current_ratio": null,
            "debt_ratio": null,
            "inventory_turnover_ratio": null,
            "account_receivable_turnover_ratio": null,
            "reinvestment_rate": null,
            "research_to_sale_ratio": null,
            "price_fair": 0,
            "eps_avg_yearly": 0,
            "eps_latest_yearly": 0,
            "eps_growth_yearly": 0
        },
        "20072": {
            "year_quarter": 20072,
            "year": 2007,
            "quarter": 2,
            "eps": null,
            "eps_growth_year": null,
            "eps_4q": null,
            "eps_4q_growth_year": null,
            "roe": null,
            "roe_4q": 0,
            "gross_profit": null,
            "gross_margin": null,
            "gross_margin_4q_avg": 0,
            "net_income": null,
            "net_income_4q": null,
            "revenue": null,
            "revenue_4q": null,
            "common_shares": null,
            "book_valuer_per_share": null,
            "book_valuer_per_share_4q_avg": 0,
            "equity": null,
            "current_ratio": null,
            "debt_ratio": null,
            "inventory_turnover_ratio": null,
            "account_receivable_turnover_ratio": null,
            "reinvestment_rate": null,
            "research_to_sale_ratio": null,
            "price_fair": 0,
            "eps_avg_yearly": 0,
            "eps_latest_yearly": 0,
            "eps_growth_yearly": 0
        },
        "20073": {
            "year_quarter": 20073,
            "year": 2007,
            "quarter": 3,
            "eps": null,
            "eps_growth_year": null,
            "eps_4q": null,
            "eps_4q_growth_year": null,
            "roe": null,
            "roe_4q": 0,
            "gross_profit": null,
            "gross_margin": null,
            "gross_margin_4q_avg": 0,
            "net_income": null,
            "net_income_4q": null,
            "revenue": null,
            "revenue_4q": null,
            "common_shares": null,
            "book_valuer_per_share": null,
            "book_valuer_per_share_4q_avg": 0,
            "equity": null,
            "current_ratio": null,
            "debt_ratio": null,
            "inventory_turnover_ratio": null,
            "account_receivable_turnover_ratio": null,
            "reinvestment_rate": null,
            "research_to_sale_ratio": null,
            "price_fair": 0,
            "eps_avg_yearly": 0,
            "eps_latest_yearly": 0,
            "eps_growth_yearly": 0
        },
        "20074": {
            "year_quarter": 20074,
            "year": 2007,
            "quarter": 4,
            "eps": null,
            "eps_growth_year": null,
            "eps_4q": null,
            "eps_4q_growth_year": null,
            "roe": null,
            "roe_4q": 0,
            "gross_profit": null,
            "gross_margin": null,
            "gross_margin_4q_avg": 0,
            "net_income": null,
            "net_income_4q": null,
            "revenue": null,
            "revenue_4q": null,
            "common_shares": null,
            "book_valuer_per_share": null,
            "book_valuer_per_share_4q_avg": 0,
            "equity": null,
            "current_ratio": null,
            "debt_ratio": null,
            "inventory_turnover_ratio": null,
            "account_receivable_turnover_ratio": null,
            "reinvestment_rate": null,
            "research_to_sale_ratio": null,
            "price_fair": 0,
            "eps_avg_yearly": 0,
            "eps_latest_yearly": 0,
            "eps_growth_yearly": 0
        },
        "20081": {
            "year_quarter": 20081,
            "year": 2008,
            "quarter": 1,
            "eps": null,
            "eps_growth_year": null,
            "eps_4q": null,
            "eps_4q_growth_year": null,
            "roe": null,
            "roe_4q": 0,
            "gross_profit": null,
            "gross_margin": null,
            "gross_margin_4q_avg": 0,
            "net_income": null,
            "net_income_4q": null,
            "revenue": null,
            "revenue_4q": null,
            "common_shares": null,
            "book_valuer_per_share": null,
            "book_valuer_per_share_4q_avg": 0,
            "equity": null,
            "current_ratio": null,
            "debt_ratio": null,
            "inventory_turnover_ratio": null,
            "account_receivable_turnover_ratio": null,
            "reinvestment_rate": null,
            "research_to_sale_ratio": null,
            "price_fair": 0,
            "eps_avg_yearly": 0,
            "eps_latest_yearly": 0,
            "eps_growth_yearly": 0
        },
        "20082": {
            "year_quarter": 20082,
            "year": 2008,
            "quarter": 2,
            "eps": null,
            "eps_growth_year": null,
            "eps_4q": null,
            "eps_4q_growth_year": null,
            "roe": null,
            "roe_4q": 0,
            "gross_profit": null,
            "gross_margin": null,
            "gross_margin_4q_avg": 0,
            "net_income": null,
            "net_income_4q": null,
            "revenue": null,
            "revenue_4q": null,
            "common_shares": null,
            "book_valuer_per_share": null,
            "book_valuer_per_share_4q_avg": 0,
            "equity": null,
            "current_ratio": null,
            "debt_ratio": null,
            "inventory_turnover_ratio": null,
            "account_receivable_turnover_ratio": null,
            "reinvestment_rate": null,
            "research_to_sale_ratio": null,
            "price_fair": 0,
            "eps_avg_yearly": 0,
            "eps_latest_yearly": 0,
            "eps_growth_yearly": 0
        },
        "20083": {
            "year_quarter": 20083,
            "year": 2008,
            "quarter": 3,
            "eps": null,
            "eps_growth_year": null,
            "eps_4q": null,
            "eps_4q_growth_year": null,
            "roe": null,
            "roe_4q": 0,
            "gross_profit": null,
            "gross_margin": null,
            "gross_margin_4q_avg": 0,
            "net_income": null,
            "net_income_4q": null,
            "revenue": null,
            "revenue_4q": null,
            "common_shares": null,
            "book_valuer_per_share": null,
            "book_valuer_per_share_4q_avg": 0,
            "equity": null,
            "current_ratio": null,
            "debt_ratio": null,
            "inventory_turnover_ratio": null,
            "account_receivable_turnover_ratio": null,
            "reinvestment_rate": null,
            "research_to_sale_ratio": null,
            "price_fair": 0,
            "eps_avg_yearly": 0,
            "eps_latest_yearly": 0,
            "eps_growth_yearly": 0
        },
        "20084": {
            "year_quarter": 20084,
            "year": 2008,
            "quarter": 4,
            "eps": null,
            "eps_growth_year": null,
            "eps_4q": null,
            "eps_4q_growth_year": null,
            "roe": null,
            "roe_4q": 0,
            "gross_profit": null,
            "gross_margin": null,
            "gross_margin_4q_avg": 0,
            "net_income": null,
            "net_income_4q": null,
            "revenue": null,
            "revenue_4q": null,
            "common_shares": 12157062,
            "book_valuer_per_share": null,
            "book_valuer_per_share_4q_avg": 0,
            "equity": 17264351,
            "current_ratio": null,
            "debt_ratio": null,
            "inventory_turnover_ratio": null,
            "account_receivable_turnover_ratio": null,
            "reinvestment_rate": null,
            "research_to_sale_ratio": null,
            "price_fair": 0,
            "eps_avg_yearly": 0,
            "eps_latest_yearly": 0,
            "eps_growth_yearly": 0
        },
        "20091": {
            "year_quarter": 20091,
            "year": 2009,
            "quarter": 1,
            "eps": null,
            "eps_growth_year": null,
            "eps_4q": null,
            "eps_4q_growth_year": null,
            "roe": null,
            "roe_4q": 0,
            "gross_profit": null,
            "gross_margin": null,
            "gross_margin_4q_avg": 0,
            "net_income": 245218,
            "net_income_4q": null,
            "revenue": 1123025,
            "revenue_4q": null,
            "common_shares": 12157062,
            "book_valuer_per_share": null,
            "book_valuer_per_share_4q_avg": 0,
            "equity": 17499800,
            "current_ratio": null,
            "debt_ratio": null,
            "inventory_turnover_ratio": null,
            "account_receivable_turnover_ratio": null,
            "reinvestment_rate": null,
            "research_to_sale_ratio": null,
            "price_fair": 0,
            "eps_avg_yearly": 0,
            "eps_latest_yearly": 0,
            "eps_growth_yearly": 0
        },
        "20092": {
            "year_quarter": 20092,
            "year": 2009,
            "quarter": 2,
            "eps": null,
            "eps_growth_year": null,
            "eps_4q": null,
            "eps_4q_growth_year": null,
            "roe": null,
            "roe_4q": 0,
            "gross_profit": null,
            "gross_margin": null,
            "gross_margin_4q_avg": 0,
            "net_income": 613834,
            "net_income_4q": null,
            "revenue": 1912071,
            "revenue_4q": null,
            "common_shares": 11857062,
            "book_valuer_per_share": null,
            "book_valuer_per_share_4q_avg": 0,
            "equity": 18168083,
            "current_ratio": null,
            "debt_ratio": null,
            "inventory_turnover_ratio": null,
            "account_receivable_turnover_ratio": null,
            "reinvestment_rate": null,
            "research_to_sale_ratio": null,
            "price_fair": 0,
            "eps_avg_yearly": 0,
            "eps_latest_yearly": 0,
            "eps_growth_yearly": 0
        },
        "20093": {
            "year_quarter": 20093,
            "year": 2009,
            "quarter": 3,
            "eps": null,
            "eps_growth_year": null,
            "eps_4q": null,
            "eps_4q_growth_year": null,
            "roe": null,
            "roe_4q": 0,
            "gross_profit": null,
            "gross_margin": null,
            "gross_margin_4q_avg": 0,
            "net_income": 600737,
            "net_income_4q": null,
            "revenue": 1725816,
            "revenue_4q": null,
            "common_shares": 11857062,
            "book_valuer_per_share": null,
            "book_valuer_per_share_4q_avg": 0,
            "equity": 18804742,
            "current_ratio": null,
            "debt_ratio": null,
            "inventory_turnover_ratio": null,
            "account_receivable_turnover_ratio": null,
            "reinvestment_rate": null,
            "research_to_sale_ratio": null,
            "price_fair": 0,
            "eps_avg_yearly": 0,
            "eps_latest_yearly": 0,
            "eps_growth_yearly": 0
        },
        "20094": {
            "year_quarter": 20094,
            "year": 2009,
            "quarter": 4,
            "eps": null,
            "eps_growth_year": null,
            "eps_4q": null,
            "eps_4q_growth_year": null,
            "roe": null,
            "roe_4q": 0,
            "gross_profit": null,
            "gross_margin": null,
            "gross_margin_4q_avg": 0,
            "net_income": 567182,
            "net_income_4q": null,
            "revenue": 1749654,
            "revenue_4q": null,
            "common_shares": 11857062,
            "book_valuer_per_share": 16.86,
            "book_valuer_per_share_4q_avg": 4.22,
            "equity": 19506514,
            "current_ratio": 178.3,
            "debt_ratio": 59.14,
            "inventory_turnover_ratio": null,
            "account_receivable_turnover_ratio": null,
            "reinvestment_rate": null,
            "research_to_sale_ratio": null,
            "price_fair": 0,
            "eps_avg_yearly": 0,
            "eps_latest_yearly": 0,
            "eps_growth_yearly": 0
        },
        "20101": {
            "year_quarter": 20101,
            "year": 2010,
            "quarter": 1,
            "eps": 0.18,
            "eps_growth_year": null,
            "eps_4q": 0.18,
            "eps_4q_growth_year": null,
            "roe": 1.04,
            "roe_4q": 1.04,
            "gross_profit": null,
            "gross_margin": null,
            "gross_margin_4q_avg": 0,
            "net_income": 203222,
            "net_income_4q": null,
            "revenue": 1501991,
            "revenue_4q": null,
            "common_shares": 11857062,
            "book_valuer_per_share": 17.02,
            "book_valuer_per_share_4q_avg": 8.47,
            "equity": 19697644,
            "current_ratio": 180.28,
            "debt_ratio": 56.27,
            "inventory_turnover_ratio": null,
            "account_receivable_turnover_ratio": 0.96,
            "reinvestment_rate": null,
            "research_to_sale_ratio": null,
            "price_fair": 0,
            "eps_avg_yearly": 0,
            "eps_latest_yearly": 0,
            "eps_growth_yearly": 0
        },
        "20102": {
            "year_quarter": 20102,
            "year": 2010,
            "quarter": 2,
            "eps": -0.13,
            "eps_growth_year": null,
            "eps_4q": 0.04,
            "eps_4q_growth_year": null,
            "roe": -0.82,
            "roe_4q": 0.22000000000000008,
            "gross_profit": null,
            "gross_margin": null,
            "gross_margin_4q_avg": 0,
            "net_income": -158012,
            "net_income_4q": null,
            "revenue": 1179051,
            "revenue_4q": null,
            "common_shares": 11857062,
            "book_valuer_per_share": 16.13,
            "book_valuer_per_share_4q_avg": 12.5,
            "equity": 18667117,
            "current_ratio": 153.07,
            "debt_ratio": 59.12,
            "inventory_turnover_ratio": null,
            "account_receivable_turnover_ratio": 4.72,
            "reinvestment_rate": null,
            "research_to_sale_ratio": null,
            "price_fair": 0,
            "eps_avg_yearly": 0,
            "eps_latest_yearly": 0,
            "eps_growth_yearly": 0
        },
        "20103": {
            "year_quarter": 20103,
            "year": 2010,
            "quarter": 3,
            "eps": 0.85,
            "eps_growth_year": null,
            "eps_4q": 0.89,
            "eps_4q_growth_year": null,
            "roe": 5.35,
            "roe_4q": 5.569999999999999,
            "gross_profit": null,
            "gross_margin": null,
            "gross_margin_4q_avg": 0,
            "net_income": 1026288,
            "net_income_4q": null,
            "revenue": 1906001,
            "revenue_4q": null,
            "common_shares": 12319334,
            "book_valuer_per_share": 16.38,
            "book_valuer_per_share_4q_avg": 16.6,
            "equity": 19706784,
            "current_ratio": 143.65,
            "debt_ratio": 63.08,
            "inventory_turnover_ratio": null,
            "account_receivable_turnover_ratio": 7.52,
            "reinvestment_rate": null,
            "research_to_sale_ratio": null,
            "price_fair": 0,
            "eps_avg_yearly": 0,
            "eps_latest_yearly": 0,
            "eps_growth_yearly": 0
        },
        "20104": {
            "year_quarter": 20104,
            "year": 2010,
            "quarter": 4,
            "eps": 0.61,
            "eps_growth_year": null,
            "eps_4q": 1.5,
            "eps_4q_growth_year": null,
            "roe": 3.65,
            "roe_4q": 9.219999999999999,
            "gross_profit": null,
            "gross_margin": null,
            "gross_margin_4q_avg": 0,
            "net_income": 733866,
            "net_income_4q": null,
            "revenue": 1822153,
            "revenue_4q": null,
            "common_shares": 12319334,
            "book_valuer_per_share": 17.02,
            "book_valuer_per_share_4q_avg": 16.64,
            "equity": 20485897,
            "current_ratio": 147.07,
            "debt_ratio": 62.07,
            "inventory_turnover_ratio": null,
            "account_receivable_turnover_ratio": 10.79,
            "reinvestment_rate": null,
            "research_to_sale_ratio": null,
            "price_fair": 7.32,
            "eps_avg_yearly": 2.44,
            "eps_latest_yearly": 2.44,
            "eps_growth_yearly": -112.94
        },
        "20111": {
            "year_quarter": 20111,
            "year": 2011,
            "quarter": 1,
            "eps": 0.15,
            "eps_growth_year": -16.67,
            "eps_4q": 1.47,
            "eps_4q_growth_year": 737.74,
            "roe": 0.87,
            "roe_4q": 9.049999999999999,
            "gross_profit": null,
            "gross_margin": null,
            "gross_margin_4q_avg": 0,
            "net_income": 181520,
            "net_income_4q": null,
            "revenue": 1452029,
            "revenue_4q": null,
            "common_shares": 12319334,
            "book_valuer_per_share": 17.34,
            "book_valuer_per_share_4q_avg": 16.72,
            "equity": 21036737,
            "current_ratio": 149.65,
            "debt_ratio": 60.36,
            "inventory_turnover_ratio": null,
            "account_receivable_turnover_ratio": 14.19,
            "reinvestment_rate": null,
            "research_to_sale_ratio": null,
            "price_fair": 4.56,
            "eps_avg_yearly": 1.52,
            "eps_latest_yearly": 0.6,
            "eps_growth_yearly": -207.29
        },
        "20112": {
            "year_quarter": 20112,
            "year": 2011,
            "quarter": 2,
            "eps": 0.02,
            "eps_growth_year": null,
            "eps_4q": 1.53,
            "eps_4q_growth_year": 4040.77,
            "roe": 0.1,
            "roe_4q": 9.969999999999999,
            "gross_profit": null,
            "gross_margin": null,
            "gross_margin_4q_avg": 0,
            "net_income": 20320,
            "net_income_4q": null,
            "revenue": 1260113,
            "revenue_4q": null,
            "common_shares": 12319334,
            "book_valuer_per_share": 16.98,
            "book_valuer_per_share_4q_avg": 16.93,
            "equity": 20599989,
            "current_ratio": 146.53,
            "debt_ratio": 61.19,
            "inventory_turnover_ratio": null,
            "account_receivable_turnover_ratio": 5.76,
            "reinvestment_rate": null,
            "research_to_sale_ratio": null,
            "price_fair": 3.12,
            "eps_avg_yearly": 1.04,
            "eps_latest_yearly": 0.08,
            "eps_growth_yearly": -253.75
        },
        "20113": {
            "year_quarter": 20113,
            "year": 2011,
            "quarter": 3,
            "eps": 0.02,
            "eps_growth_year": -97.78,
            "eps_4q": 0.75,
            "eps_4q_growth_year": -16.21,
            "roe": 0.12,
            "roe_4q": 4.74,
            "gross_profit": null,
            "gross_margin": null,
            "gross_margin_4q_avg": 0,
            "net_income": 24371,
            "net_income_4q": null,
            "revenue": 1472652,
            "revenue_4q": null,
            "common_shares": 13046456,
            "book_valuer_per_share": 16.06,
            "book_valuer_per_share_4q_avg": 16.85,
            "equity": 20662538,
            "current_ratio": 152.22,
            "debt_ratio": 58.8,
            "inventory_turnover_ratio": null,
            "account_receivable_turnover_ratio": 3.44,
            "reinvestment_rate": null,
            "research_to_sale_ratio": null,
            "price_fair": 2.4,
            "eps_avg_yearly": 0.8,
            "eps_latest_yearly": 0.08,
            "eps_growth_yearly": -190.31
        },
        "20114": {
            "year_quarter": 20114,
            "year": 2011,
            "quarter": 4,
            "eps": 0.27,
            "eps_growth_year": -56.34,
            "eps_4q": 0.44,
            "eps_4q_growth_year": -70.59,
            "roe": 1.66,
            "roe_4q": 2.75,
            "gross_profit": null,
            "gross_margin": null,
            "gross_margin_4q_avg": 0,
            "net_income": 343989,
            "net_income_4q": null,
            "revenue": 1288702,
            "revenue_4q": null,
            "common_shares": 12845816,
            "book_valuer_per_share": 16.15,
            "book_valuer_per_share_4q_avg": 16.63,
            "equity": 20768759,
            "current_ratio": 161.11,
            "debt_ratio": 55.21,
            "inventory_turnover_ratio": null,
            "account_receivable_turnover_ratio": 3.16,
            "reinvestment_rate": null,
            "research_to_sale_ratio": null,
            "price_fair": 29.96,
            "eps_avg_yearly": 0.86,
            "eps_latest_yearly": 1.08,
            "eps_growth_yearly": 847.75
        },
        "20121": {
            "year_quarter": 20121,
            "year": 2012,
            "quarter": 1,
            "eps": 0.51,
            "eps_growth_year": 240,
            "eps_4q": 0.81,
            "eps_4q_growth_year": -44.85,
            "roe": 3.11,
            "roe_4q": 4.989999999999999,
            "gross_profit": null,
            "gross_margin": null,
            "gross_margin_4q_avg": 0,
            "net_income": 655586,
            "net_income_4q": null,
            "revenue": 1774930,
            "revenue_4q": null,
            "common_shares": 12845816,
            "book_valuer_per_share": 16.61,
            "book_valuer_per_share_4q_avg": 16.45,
            "equity": 21368183,
            "current_ratio": 154.48,
            "debt_ratio": 58.06,
            "inventory_turnover_ratio": null,
            "account_receivable_turnover_ratio": 1.67,
            "reinvestment_rate": null,
            "research_to_sale_ratio": null,
            "price_fair": 36.87,
            "eps_avg_yearly": 1.05,
            "eps_latest_yearly": 2.04,
            "eps_growth_yearly": 765.72
        },
        "20122": {
            "year_quarter": 20122,
            "year": 2012,
            "quarter": 2,
            "eps": -0.05,
            "eps_growth_year": -435.67,
            "eps_4q": 0.72,
            "eps_4q_growth_year": -52.74,
            "roe": -0.31,
            "roe_4q": 4.58,
            "gross_profit": null,
            "gross_margin": null,
            "gross_margin_4q_avg": 0,
            "net_income": -66424,
            "net_income_4q": null,
            "revenue": 761106,
            "revenue_4q": null,
            "common_shares": 12845816,
            "book_valuer_per_share": 16.59,
            "book_valuer_per_share_4q_avg": 16.35,
            "equity": 21345091,
            "current_ratio": 159.51,
            "debt_ratio": 56.05,
            "inventory_turnover_ratio": null,
            "account_receivable_turnover_ratio": 0.47,
            "reinvestment_rate": null,
            "research_to_sale_ratio": null,
            "price_fair": 36.87,
            "eps_avg_yearly": 1.05,
            "eps_latest_yearly": 2.04,
            "eps_growth_yearly": 765.72
        },
        "20123": {
            "year_quarter": 20123,
            "year": 2012,
            "quarter": 3,
            "eps": 0.25,
            "eps_growth_year": 1202.1,
            "eps_4q": 0.95,
            "eps_4q_growth_year": 27.3,
            "roe": 1.52,
            "roe_4q": 5.98,
            "gross_profit": null,
            "gross_margin": null,
            "gross_margin_4q_avg": 0,
            "net_income": 327277,
            "net_income_4q": null,
            "revenue": 1268121,
            "revenue_4q": null,
            "common_shares": 13231191,
            "book_valuer_per_share": 16.31,
            "book_valuer_per_share_4q_avg": 16.42,
            "equity": 21617813,
            "current_ratio": 156.33,
            "debt_ratio": 57.24,
            "inventory_turnover_ratio": null,
            "account_receivable_turnover_ratio": 0.84,
            "reinvestment_rate": null,
            "research_to_sale_ratio": null,
            "price_fair": 36.87,
            "eps_avg_yearly": 1.05,
            "eps_latest_yearly": 2.04,
            "eps_growth_yearly": 765.72
        },
        "20124": {
            "year_quarter": 20124,
            "year": 2012,
            "quarter": 4,
            "eps": 0.15,
            "eps_growth_year": -43.34,
            "eps_4q": 0.84,
            "eps_4q_growth_year": 90.75,
            "roe": 0.92,
            "roe_4q": 5.24,
            "gross_profit": null,
            "gross_margin": null,
            "gross_margin_4q_avg": 0,
            "net_income": 200421,
            "net_income_4q": null,
            "revenue": 970351,
            "revenue_4q": null,
            "common_shares": 13231191,
            "book_valuer_per_share": 16.45,
            "book_valuer_per_share_4q_avg": 16.49,
            "equity": 21807042,
            "current_ratio": 164.54,
            "debt_ratio": 54.33,
            "inventory_turnover_ratio": null,
            "account_receivable_turnover_ratio": 0.98,
            "reinvestment_rate": 3.79,
            "research_to_sale_ratio": null,
            "price_fair": 34.6,
            "eps_avg_yearly": 0.99,
            "eps_latest_yearly": 0.6,
            "eps_growth_yearly": 633.47
        },
        "20131": {
            "year_quarter": 20131,
            "year": 2013,
            "quarter": 1,
            "eps": 0.23,
            "eps_growth_year": -54.9,
            "eps_4q": 0.57,
            "eps_4q_growth_year": -29.13,
            "roe": 1.38,
            "roe_4q": 3.51,
            "gross_profit": null,
            "gross_margin": null,
            "gross_margin_4q_avg": 0,
            "net_income": 302120,
            "net_income_4q": null,
            "revenue": 1169006,
            "revenue_4q": null,
            "common_shares": 13231191,
            "book_valuer_per_share": 16.61,
            "book_valuer_per_share_4q_avg": 16.49,
            "equity": 22010970,
            "current_ratio": 156.38,
            "debt_ratio": 58.11,
            "inventory_turnover_ratio": null,
            "account_receivable_turnover_ratio": 0.38,
            "reinvestment_rate": 13.59,
            "research_to_sale_ratio": null,
            "price_fair": 34.3,
            "eps_avg_yearly": 0.98,
            "eps_latest_yearly": 0.92,
            "eps_growth_yearly": 580.96
        },
        "20132": {
            "year_quarter": 20132,
            "year": 2013,
            "quarter": 2,
            "eps": 0.14,
            "eps_growth_year": null,
            "eps_4q": 0.77,
            "eps_4q_growth_year": 6.41,
            "roe": 0.87,
            "roe_4q": 4.6899999999999995,
            "gross_profit": null,
            "gross_margin": null,
            "gross_margin_4q_avg": 0,
            "net_income": 188297,
            "net_income_4q": null,
            "revenue": 936442,
            "revenue_4q": null,
            "common_shares": 13231191,
            "book_valuer_per_share": 16.24,
            "book_valuer_per_share_4q_avg": 16.4,
            "equity": 21520970,
            "current_ratio": 164.84,
            "debt_ratio": 54.5,
            "inventory_turnover_ratio": null,
            "account_receivable_turnover_ratio": 0.15,
            "reinvestment_rate": 14.09,
            "research_to_sale_ratio": null,
            "price_fair": 32.67,
            "eps_avg_yearly": 0.93,
            "eps_latest_yearly": 0.56,
            "eps_growth_yearly": 499.01
        },
        "20133": {
            "year_quarter": 20133,
            "year": 2013,
            "quarter": 3,
            "eps": 0.32,
            "eps_growth_year": 29.51,
            "eps_4q": 0.84,
            "eps_4q_growth_year": -11.04,
            "roe": 1.98,
            "roe_4q": 5.15,
            "gross_profit": null,
            "gross_margin": null,
            "gross_margin_4q_avg": 0,
            "net_income": 430322,
            "net_income_4q": null,
            "revenue": 1233319,
            "revenue_4q": null,
            "common_shares": 13231191,
            "book_valuer_per_share": 16.54,
            "book_valuer_per_share_4q_avg": 16.46,
            "equity": 21927981,
            "current_ratio": 146.33,
            "debt_ratio": 62.91,
            "inventory_turnover_ratio": null,
            "account_receivable_turnover_ratio": 0.13,
            "reinvestment_rate": 14.37,
            "research_to_sale_ratio": null,
            "price_fair": 33.88,
            "eps_avg_yearly": 0.97,
            "eps_latest_yearly": 1.28,
            "eps_growth_yearly": 500.54
        },
        "20134": {
            "year_quarter": 20134,
            "year": 2013,
            "quarter": 4,
            "eps": 0.34,
            "eps_growth_year": 122.27,
            "eps_4q": 1.03,
            "eps_4q_growth_year": 22.26,
            "roe": 2.01,
            "roe_4q": 6.239999999999999,
            "gross_profit": null,
            "gross_margin": null,
            "gross_margin_4q_avg": 0,
            "net_income": 444714,
            "net_income_4q": null,
            "revenue": 1274551,
            "revenue_4q": null,
            "common_shares": 13231191,
            "book_valuer_per_share": 16.9,
            "book_valuer_per_share_4q_avg": 16.57,
            "equity": 22406203,
            "current_ratio": 148.66,
            "debt_ratio": 61.88,
            "inventory_turnover_ratio": null,
            "account_receivable_turnover_ratio": 0.12,
            "reinvestment_rate": 13.05,
            "research_to_sale_ratio": null,
            "price_fair": 35.13,
            "eps_avg_yearly": 1,
            "eps_latest_yearly": 1.36,
            "eps_growth_yearly": 457.31
        },
        "20141": {
            "year_quarter": 20141,
            "year": 2014,
            "quarter": 1,
            "eps": 0.35,
            "eps_growth_year": 52.17,
            "eps_4q": 1.15,
            "eps_4q_growth_year": 100.46,
            "roe": 2.05,
            "roe_4q": 6.909999999999999,
            "gross_profit": null,
            "gross_margin": null,
            "gross_margin_4q_avg": 0,
            "net_income": 464136,
            "net_income_4q": null,
            "revenue": 1503083,
            "revenue_4q": null,
            "common_shares": 13231191,
            "book_valuer_per_share": 17.26,
            "book_valuer_per_share_4q_avg": 16.74,
            "equity": 22883865,
            "current_ratio": 139.66,
            "debt_ratio": 66.6,
            "inventory_turnover_ratio": null,
            "account_receivable_turnover_ratio": 0.14,
            "reinvestment_rate": 12.23,
            "research_to_sale_ratio": null,
            "price_fair": 36.28,
            "eps_avg_yearly": 1.04,
            "eps_latest_yearly": 1.4,
            "eps_growth_yearly": 420.18
        },
        "20142": {
            "year_quarter": 20142,
            "year": 2014,
            "quarter": 2,
            "eps": 0.47,
            "eps_growth_year": 235.71,
            "eps_4q": 1.48,
            "eps_4q_growth_year": 92.36,
            "roe": 2.72,
            "roe_4q": 8.76,
            "gross_profit": null,
            "gross_margin": null,
            "gross_margin_4q_avg": 0,
            "net_income": 616477,
            "net_income_4q": null,
            "revenue": 1642453,
            "revenue_4q": null,
            "common_shares": 13231191,
            "book_valuer_per_share": 16.96,
            "book_valuer_per_share_4q_avg": 16.92,
            "equity": 22478199,
            "current_ratio": 140.6,
            "debt_ratio": 65.99,
            "inventory_turnover_ratio": null,
            "account_receivable_turnover_ratio": 0.13,
            "reinvestment_rate": 8.18,
            "research_to_sale_ratio": null,
            "price_fair": 38.55,
            "eps_avg_yearly": 1.1,
            "eps_latest_yearly": 1.88,
            "eps_growth_yearly": 398.41
        },
        "20143": {
            "year_quarter": 20143,
            "year": 2014,
            "quarter": 3,
            "eps": 0.07,
            "eps_growth_year": -78.12,
            "eps_4q": 1.23,
            "eps_4q_growth_year": 45.29,
            "roe": 0.45,
            "roe_4q": 7.23,
            "gross_profit": null,
            "gross_margin": null,
            "gross_margin_4q_avg": 0,
            "net_income": 101748,
            "net_income_4q": null,
            "revenue": 809131,
            "revenue_4q": null,
            "common_shares": 13231191,
            "book_valuer_per_share": 17.09,
            "book_valuer_per_share_4q_avg": 17.05,
            "equity": 22659541,
            "current_ratio": 142.31,
            "debt_ratio": 64.97,
            "inventory_turnover_ratio": null,
            "account_receivable_turnover_ratio": 0.07,
            "reinvestment_rate": 9.75,
            "research_to_sale_ratio": null,
            "price_fair": 36.5,
            "eps_avg_yearly": 1.04,
            "eps_latest_yearly": 0.28,
            "eps_growth_yearly": 345.63
        },
        "20144": {
            "year_quarter": 20144,
            "year": 2014,
            "quarter": 4,
            "eps": 0.3,
            "eps_growth_year": -9.12,
            "eps_4q": 1.2,
            "eps_4q_growth_year": 16.26,
            "roe": 1.77,
            "roe_4q": 6.99,
            "gross_profit": null,
            "gross_margin": null,
            "gross_margin_4q_avg": 0,
            "net_income": 404920,
            "net_income_4q": null,
            "revenue": 1208630,
            "revenue_4q": null,
            "common_shares": 13231191,
            "book_valuer_per_share": 17.41,
            "book_valuer_per_share_4q_avg": 17.18,
            "equity": 23075476,
            "current_ratio": 143.43,
            "debt_ratio": 64.47,
            "inventory_turnover_ratio": null,
            "account_receivable_turnover_ratio": 0.12,
            "reinvestment_rate": 10.4,
            "research_to_sale_ratio": null,
            "price_fair": 33.4,
            "eps_avg_yearly": 0.95,
            "eps_latest_yearly": 1.2,
            "eps_growth_yearly": 447.58
        },
        "20151": {
            "year_quarter": 20151,
            "year": 2015,
            "quarter": 1,
            "eps": 0.42,
            "eps_growth_year": 20,
            "eps_4q": 1.27,
            "eps_4q_growth_year": 10.09,
            "roe": 2.39,
            "roe_4q": 7.33,
            "gross_profit": null,
            "gross_margin": null,
            "gross_margin_4q_avg": 0,
            "net_income": 558741,
            "net_income_4q": null,
            "revenue": 1131274,
            "revenue_4q": null,
            "common_shares": 13231191,
            "book_valuer_per_share": 17.81,
            "book_valuer_per_share_4q_avg": 17.32,
            "equity": 23609867,
            "current_ratio": 129.98,
            "debt_ratio": 72.77,
            "inventory_turnover_ratio": null,
            "account_receivable_turnover_ratio": 0.1,
            "reinvestment_rate": 9.84,
            "research_to_sale_ratio": null,
            "price_fair": 36.1,
            "eps_avg_yearly": 1.03,
            "eps_latest_yearly": 1.68,
            "eps_growth_yearly": 480.55
        },
        "20152": {
            "year_quarter": 20152,
            "year": 2015,
            "quarter": 2,
            "eps": 0.3,
            "eps_growth_year": -36.17,
            "eps_4q": 1.1,
            "eps_4q_growth_year": -25.59,
            "roe": 1.69,
            "roe_4q": 6.3,
            "gross_profit": null,
            "gross_margin": null,
            "gross_margin_4q_avg": 0,
            "net_income": 392282,
            "net_income_4q": null,
            "revenue": 1672352,
            "revenue_4q": null,
            "common_shares": 13231191,
            "book_valuer_per_share": 17.27,
            "book_valuer_per_share_4q_avg": 17.4,
            "equity": 22893788,
            "current_ratio": 132.17,
            "debt_ratio": 71.15,
            "inventory_turnover_ratio": null,
            "account_receivable_turnover_ratio": 0.12,
            "reinvestment_rate": 8.42,
            "research_to_sale_ratio": null,
            "price_fair": 38.9,
            "eps_avg_yearly": 1.11,
            "eps_latest_yearly": 1.2,
            "eps_growth_yearly": 497.15
        },
        "20153": {
            "year_quarter": 20153,
            "year": 2015,
            "quarter": 3,
            "eps": -0.22,
            "eps_growth_year": -414.29,
            "eps_4q": 0.81,
            "eps_4q_growth_year": -34.17,
            "roe": -1.24,
            "roe_4q": 4.609999999999999,
            "gross_profit": null,
            "gross_margin": null,
            "gross_margin_4q_avg": 0,
            "net_income": -282419,
            "net_income_4q": null,
            "revenue": 754343,
            "revenue_4q": null,
            "common_shares": 13231191,
            "book_valuer_per_share": 17.18,
            "book_valuer_per_share_4q_avg": 17.42,
            "equity": 22743847,
            "current_ratio": 140.81,
            "debt_ratio": 65.84,
            "inventory_turnover_ratio": null,
            "account_receivable_turnover_ratio": 0.07,
            "reinvestment_rate": 8.96,
            "research_to_sale_ratio": null,
            "price_fair": 41.68,
            "eps_avg_yearly": 1.19,
            "eps_latest_yearly": 1.2,
            "eps_growth_yearly": 535.39
        },
        "20154": {
            "year_quarter": 20154,
            "year": 2015,
            "quarter": 4,
            "eps": 0.22,
            "eps_growth_year": -26.41,
            "eps_4q": 0.73,
            "eps_4q_growth_year": -38.68,
            "roe": 1.29,
            "roe_4q": 4.13,
            "gross_profit": null,
            "gross_margin": null,
            "gross_margin_4q_avg": 0,
            "net_income": 293931,
            "net_income_4q": null,
            "revenue": 1022874,
            "revenue_4q": null,
            "common_shares": 13231191,
            "book_valuer_per_share": 17.42,
            "book_valuer_per_share_4q_avg": 17.42,
            "equity": 22764051,
            "current_ratio": 137.91,
            "debt_ratio": 67.52,
            "inventory_turnover_ratio": null,
            "account_receivable_turnover_ratio": 0.16,
            "reinvestment_rate": 7.62,
            "research_to_sale_ratio": null,
            "price_fair": 42,
            "eps_avg_yearly": 1.2,
            "eps_latest_yearly": 1.2,
            "eps_growth_yearly": 163.34
        },
        "20161": {
            "year_quarter": 20161,
            "year": 2016,
            "quarter": 1,
            "eps": 0.15,
            "eps_growth_year": -64.29,
            "eps_4q": 0.46,
            "eps_4q_growth_year": -64.11,
            "roe": 0.84,
            "roe_4q": 2.58,
            "gross_profit": null,
            "gross_margin": null,
            "gross_margin_4q_avg": 0,
            "net_income": 192114,
            "net_income_4q": null,
            "revenue": 1220957,
            "revenue_4q": null,
            "common_shares": 13037961,
            "book_valuer_per_share": 17.59,
            "book_valuer_per_share_4q_avg": 17.37,
            "equity": 22828369,
            "current_ratio": 130.73,
            "debt_ratio": 71.94,
            "inventory_turnover_ratio": null,
            "account_receivable_turnover_ratio": 0.13,
            "reinvestment_rate": 8.71,
            "research_to_sale_ratio": null,
            "price_fair": 37.8,
            "eps_avg_yearly": 1.08,
            "eps_latest_yearly": 0.6,
            "eps_growth_yearly": 123.11
        },
        "20162": {
            "year_quarter": 20162,
            "year": 2016,
            "quarter": 2,
            "eps": 0.09,
            "eps_growth_year": -70,
            "eps_4q": 0.24,
            "eps_4q_growth_year": -78.35,
            "roe": 0.53,
            "roe_4q": 1.4200000000000002,
            "gross_profit": null,
            "gross_margin": null,
            "gross_margin_4q_avg": 0,
            "net_income": 120949,
            "net_income_4q": null,
            "revenue": 923459,
            "revenue_4q": null,
            "common_shares": 12952481,
            "book_valuer_per_share": 17.46,
            "book_valuer_per_share_4q_avg": 17.41,
            "equity": 22659236,
            "current_ratio": 130.7,
            "debt_ratio": 72.11,
            "inventory_turnover_ratio": null,
            "account_receivable_turnover_ratio": 0.07,
            "reinvestment_rate": 6.68,
            "research_to_sale_ratio": null,
            "price_fair": 35.86,
            "eps_avg_yearly": 1.02,
            "eps_latest_yearly": 0.36,
            "eps_growth_yearly": 101.33
        },
        "20163": {
            "year_quarter": 20163,
            "year": 2016,
            "quarter": 3,
            "eps": 0.55,
            "eps_growth_year": null,
            "eps_4q": 1,
            "eps_4q_growth_year": 24.11,
            "roe": 3.21,
            "roe_4q": 5.87,
            "gross_profit": null,
            "gross_margin": null,
            "gross_margin_4q_avg": 0,
            "net_income": 738679,
            "net_income_4q": null,
            "revenue": 1855604,
            "revenue_4q": null,
            "common_shares": 13356658,
            "book_valuer_per_share": 17.42,
            "book_valuer_per_share_4q_avg": 17.47,
            "equity": 23318432,
            "current_ratio": 127.8,
            "debt_ratio": 74.16,
            "inventory_turnover_ratio": null,
            "account_receivable_turnover_ratio": 0.12,
            "reinvestment_rate": 6.12,
            "research_to_sale_ratio": null,
            "price_fair": 38.8,
            "eps_avg_yearly": 1.11,
            "eps_latest_yearly": 2.2,
            "eps_growth_yearly": 240.13
        },
        "20164": {
            "year_quarter": 20164,
            "year": 2016,
            "quarter": 4,
            "eps": -0.16,
            "eps_growth_year": -173.36,
            "eps_4q": 0.62,
            "eps_4q_growth_year": -15.64,
            "roe": -0.94,
            "roe_4q": 3.6399999999999997,
            "gross_profit": null,
            "gross_margin": null,
            "gross_margin_4q_avg": 0,
            "net_income": -218700,
            "net_income_4q": null,
            "revenue": 497523,
            "revenue_4q": null,
            "common_shares": 13356658,
            "book_valuer_per_share": 17.28,
            "book_valuer_per_share_4q_avg": 17.44,
            "equity": 23129629,
            "current_ratio": 129.26,
            "debt_ratio": 73.12,
            "inventory_turnover_ratio": null,
            "account_receivable_turnover_ratio": 0.04,
            "reinvestment_rate": 7.25,
            "research_to_sale_ratio": null,
            "price_fair": 40.17,
            "eps_avg_yearly": 1.15,
            "eps_latest_yearly": 2.2,
            "eps_growth_yearly": 270.9
        },
        "20171": {
            "year_quarter": 20171,
            "year": 2017,
            "quarter": 1,
            "eps": 0.54,
            "eps_growth_year": 260,
            "eps_4q": 1.02,
            "eps_4q_growth_year": 123.5,
            "roe": 3.08,
            "roe_4q": 5.88,
            "gross_profit": null,
            "gross_margin": null,
            "gross_margin_4q_avg": 0,
            "net_income": 721843,
            "net_income_4q": null,
            "revenue": 1981591,
            "revenue_4q": null,
            "common_shares": 13356658,
            "book_valuer_per_share": 17.7,
            "book_valuer_per_share_4q_avg": 17.47,
            "equity": 23684815,
            "current_ratio": 128.57,
            "debt_ratio": 73.71,
            "inventory_turnover_ratio": null,
            "account_receivable_turnover_ratio": 0.18,
            "reinvestment_rate": -2.72,
            "research_to_sale_ratio": null,
            "price_fair": 40.83,
            "eps_avg_yearly": 1.17,
            "eps_latest_yearly": 2.2,
            "eps_growth_yearly": 275.7
        },
        "20172": {
            "year_quarter": 20172,
            "year": 2017,
            "quarter": 2,
            "eps": 0.28,
            "eps_growth_year": 211.11,
            "eps_4q": 1.18,
            "eps_4q_growth_year": 395.14,
            "roe": 1.67,
            "roe_4q": 7.02,
            "gross_profit": null,
            "gross_margin": null,
            "gross_margin_4q_avg": 0,
            "net_income": 398813,
            "net_income_4q": null,
            "revenue": 1425117,
            "revenue_4q": null,
            "common_shares": 13356658,
            "book_valuer_per_share": 18.04,
            "book_valuer_per_share_4q_avg": 17.61,
            "equity": 24138156,
            "current_ratio": 131.41,
            "debt_ratio": 71.9,
            "inventory_turnover_ratio": null,
            "account_receivable_turnover_ratio": 0.09,
            "reinvestment_rate": -2.39,
            "research_to_sale_ratio": null,
            "price_fair": 42.47,
            "eps_avg_yearly": 1.21,
            "eps_latest_yearly": 1.12,
            "eps_growth_yearly": 272.7
        },
        "20173": {
            "year_quarter": 20173,
            "year": 2017,
            "quarter": 3,
            "eps": 0.48,
            "eps_growth_year": -12.73,
            "eps_4q": 1.12,
            "eps_4q_growth_year": 11.87,
            "roe": 2.71,
            "roe_4q": 6.52,
            "gross_profit": null,
            "gross_margin": null,
            "gross_margin_4q_avg": 0,
            "net_income": 662238,
            "net_income_4q": null,
            "revenue": 1785176,
            "revenue_4q": null,
            "common_shares": 13904281,
            "book_valuer_per_share": 17.8,
            "book_valuer_per_share_4q_avg": 17.71,
            "equity": 24792748,
            "current_ratio": 130.41,
            "debt_ratio": 72.62,
            "inventory_turnover_ratio": null,
            "account_receivable_turnover_ratio": 0.12,
            "reinvestment_rate": -1.85,
            "research_to_sale_ratio": null,
            "price_fair": 44.33,
            "eps_avg_yearly": 1.27,
            "eps_latest_yearly": 1.92,
            "eps_growth_yearly": 253.65
        },
        "20174": {
            "year_quarter": 20174,
            "year": 2017,
            "quarter": 4,
            "eps": 0.6,
            "eps_growth_year": null,
            "eps_4q": 1.88,
            "eps_4q_growth_year": 204.3,
            "roe": 3.35,
            "roe_4q": 10.81,
            "gross_profit": null,
            "gross_margin": null,
            "gross_margin_4q_avg": 0,
            "net_income": 841763,
            "net_income_4q": null,
            "revenue": 2078182,
            "revenue_4q": null,
            "common_shares": 13904281,
            "book_valuer_per_share": 18.26,
            "book_valuer_per_share_4q_avg": 17.95,
            "equity": 25434962,
            "current_ratio": 134.15,
            "debt_ratio": 70.53,
            "inventory_turnover_ratio": null,
            "account_receivable_turnover_ratio": 0.15,
            "reinvestment_rate": -1.43,
            "research_to_sale_ratio": null,
            "price_fair": 47.37,
            "eps_avg_yearly": 1.35,
            "eps_latest_yearly": 2.4,
            "eps_growth_yearly": 259.9
        },
        "20181": {
            "year_quarter": 20181,
            "year": 2018,
            "quarter": 1,
            "eps": 0.08,
            "eps_growth_year": -85.19,
            "eps_4q": 1.45,
            "eps_4q_growth_year": 42.13,
            "roe": 0.45,
            "roe_4q": 8.18,
            "gross_profit": null,
            "gross_margin": null,
            "gross_margin_4q_avg": 0,
            "net_income": 114885,
            "net_income_4q": null,
            "revenue": 1275846,
            "revenue_4q": null,
            "common_shares": 13904281,
            "book_valuer_per_share": 18.71,
            "book_valuer_per_share_4q_avg": 18.2,
            "equity": 26080696,
            "current_ratio": 134.41,
            "debt_ratio": 69.79,
            "inventory_turnover_ratio": null,
            "account_receivable_turnover_ratio": 0.11,
            "reinvestment_rate": -0.88,
            "research_to_sale_ratio": null,
            "price_fair": 44.22,
            "eps_avg_yearly": 1.26,
            "eps_latest_yearly": 0.32,
            "eps_growth_yearly": 230.03
        },
        "20182": {
            "year_quarter": 20182,
            "year": 2018,
            "quarter": 2,
            "eps": 0.67,
            "eps_growth_year": 139.29,
            "eps_4q": 1.83,
            "eps_4q_growth_year": 55.56,
            "roe": 3.63,
            "roe_4q": 10.14,
            "gross_profit": null,
            "gross_margin": null,
            "gross_margin_4q_avg": 0,
            "net_income": 935240,
            "net_income_4q": null,
            "revenue": 2374755,
            "revenue_4q": null,
            "common_shares": 13904281,
            "book_valuer_per_share": 18.27,
            "book_valuer_per_share_4q_avg": 18.26,
            "equity": 25461204,
            "current_ratio": 134.25,
            "debt_ratio": 69.83,
            "inventory_turnover_ratio": null,
            "account_receivable_turnover_ratio": 0.17,
            "reinvestment_rate": -0.67,
            "research_to_sale_ratio": null,
            "price_fair": 46.55,
            "eps_avg_yearly": 1.33,
            "eps_latest_yearly": 2.68,
            "eps_growth_yearly": 464.43
        },
        "20183": {
            "year_quarter": 20183,
            "year": 2018,
            "quarter": 3,
            "eps": 0.13,
            "eps_growth_year": -72.92,
            "eps_4q": 1.49,
            "eps_4q_growth_year": 32.47,
            "roe": 0.71,
            "roe_4q": 8.14,
            "gross_profit": null,
            "gross_margin": null,
            "gross_margin_4q_avg": 0,
            "net_income": 182255,
            "net_income_4q": null,
            "revenue": 1218303,
            "revenue_4q": null,
            "common_shares": 13904281,
            "book_valuer_per_share": 18.44,
            "book_valuer_per_share_4q_avg": 18.42,
            "equity": 25706651,
            "current_ratio": 133.69,
            "debt_ratio": 70.13,
            "inventory_turnover_ratio": null,
            "account_receivable_turnover_ratio": 0.08,
            "reinvestment_rate": -0.39,
            "research_to_sale_ratio": null,
            "price_fair": 47.25,
            "eps_avg_yearly": 1.35,
            "eps_latest_yearly": 0.52,
            "eps_growth_yearly": 465.94
        },
        "20184": {
            "year_quarter": 20184,
            "year": 2018,
            "quarter": 4,
            "eps": -0.01,
            "eps_growth_year": -101.95,
            "eps_4q": 0.87,
            "eps_4q_growth_year": -53.78,
            "roe": -0.06,
            "roe_4q": 4.7299999999999995,
            "gross_profit": null,
            "gross_margin": null,
            "gross_margin_4q_avg": 0,
            "net_income": -14747,
            "net_income_4q": null,
            "revenue": 905372,
            "revenue_4q": null,
            "common_shares": 13904281,
            "book_valuer_per_share": 18.44,
            "book_valuer_per_share_4q_avg": 18.47,
            "equity": 25712447,
            "current_ratio": 145.43,
            "debt_ratio": 63.47,
            "inventory_turnover_ratio": null,
            "account_receivable_turnover_ratio": 0.08,
            "reinvestment_rate": -0.18,
            "research_to_sale_ratio": null,
            "price_fair": 47.73,
            "eps_avg_yearly": 1.36,
            "eps_latest_yearly": 0.52,
            "eps_growth_yearly": 388.81
        },
        "20191": {
            "year_quarter": 20191,
            "year": 2019,
            "quarter": 1,
            "eps": 0.67,
            "eps_growth_year": 737.5,
            "eps_4q": 1.47,
            "eps_4q_growth_year": 1.9,
            "roe": 3.54,
            "roe_4q": 7.819999999999999,
            "gross_profit": null,
            "gross_margin": null,
            "gross_margin_4q_avg": 0,
            "net_income": 924825,
            "net_income_4q": null,
            "revenue": 2109293,
            "revenue_4q": null,
            "common_shares": 13904281,
            "book_valuer_per_share": 19.25,
            "book_valuer_per_share_4q_avg": 18.6,
            "equity": 26490367,
            "current_ratio": 132.99,
            "debt_ratio": 70.56,
            "inventory_turnover_ratio": null,
            "account_receivable_turnover_ratio": 0.17,
            "reinvestment_rate": 0.18,
            "research_to_sale_ratio": null,
            "price_fair": 46.62,
            "eps_avg_yearly": 1.33,
            "eps_latest_yearly": 0.52,
            "eps_growth_yearly": 411.7
        },
        "20192": {
            "year_quarter": 20192,
            "year": 2019,
            "quarter": 2,
            "eps": 0.14,
            "eps_growth_year": -79.1,
            "eps_4q": 0.93,
            "eps_4q_growth_year": -49.38,
            "roe": 0.71,
            "roe_4q": 4.9,
            "gross_profit": null,
            "gross_margin": null,
            "gross_margin_4q_avg": 0,
            "net_income": 185695,
            "net_income_4q": null,
            "revenue": 1181421,
            "revenue_4q": null,
            "common_shares": 13723900,
            "book_valuer_per_share": 18.77,
            "book_valuer_per_share_4q_avg": 18.73,
            "equity": 25831287,
            "current_ratio": 129.39,
            "debt_ratio": 72.73,
            "inventory_turnover_ratio": null,
            "account_receivable_turnover_ratio": 0.07,
            "reinvestment_rate": -0.14,
            "research_to_sale_ratio": null,
            "price_fair": 44.38,
            "eps_avg_yearly": 1.27,
            "eps_latest_yearly": 0.56,
            "eps_growth_yearly": 391.48
        },
        "20193": {
            "year_quarter": 20193,
            "year": 2019,
            "quarter": 3,
            "eps": 0.42,
            "eps_growth_year": 223.08,
            "eps_4q": 1.21,
            "eps_4q_growth_year": -18.48,
            "roe": 2.19,
            "roe_4q": 6.38,
            "gross_profit": null,
            "gross_margin": null,
            "gross_margin_4q_avg": 0,
            "net_income": 572355,
            "net_income_4q": null,
            "revenue": 1831261,
            "revenue_4q": null,
            "common_shares": 13723900,
            "book_valuer_per_share": 19.21,
            "book_valuer_per_share_4q_avg": 18.92,
            "equity": 26427274,
            "current_ratio": 131.25,
            "debt_ratio": 71.56,
            "inventory_turnover_ratio": null,
            "account_receivable_turnover_ratio": 0.11,
            "reinvestment_rate": 0.26,
            "research_to_sale_ratio": null,
            "price_fair": 45.69,
            "eps_avg_yearly": 1.31,
            "eps_latest_yearly": 1.68,
            "eps_growth_yearly": 428.62
        },
        "20194": {
            "year_quarter": 20194,
            "year": 2019,
            "quarter": 4,
            "eps": 0.5,
            "eps_growth_year": null,
            "eps_4q": 1.73,
            "eps_4q_growth_year": 98.27,
            "roe": 2.6,
            "roe_4q": 9.04,
            "gross_profit": null,
            "gross_margin": null,
            "gross_margin_4q_avg": 0,
            "net_income": 690960,
            "net_income_4q": null,
            "revenue": 2020422,
            "revenue_4q": null,
            "common_shares": 13723900,
            "book_valuer_per_share": 19.45,
            "book_valuer_per_share_4q_avg": 19.17,
            "equity": 26765772,
            "current_ratio": 130.89,
            "debt_ratio": 72.05,
            "inventory_turnover_ratio": null,
            "account_receivable_turnover_ratio": 0.14,
            "reinvestment_rate": 0.52,
            "research_to_sale_ratio": null,
            "price_fair": 47.72,
            "eps_avg_yearly": 1.36,
            "eps_latest_yearly": 2,
            "eps_growth_yearly": 399.25
        },
        "20201": {
            "year_quarter": 20201,
            "year": 2020,
            "quarter": 1,
            "eps": -0.67,
            "eps_growth_year": -200,
            "eps_4q": 0.38,
            "eps_4q_growth_year": -74.21,
            "roe": -3.5,
            "roe_4q": 2,
            "gross_profit": null,
            "gross_margin": null,
            "gross_margin_4q_avg": 0,
            "net_income": -920204,
            "net_income_4q": null,
            "revenue": 404349,
            "revenue_4q": null,
            "common_shares": 13723900,
            "book_valuer_per_share": 18.78,
            "book_valuer_per_share_4q_avg": 19.05,
            "equity": 25848827,
            "current_ratio": 136,
            "debt_ratio": 68.46,
            "inventory_turnover_ratio": null,
            "account_receivable_turnover_ratio": 0.03,
            "reinvestment_rate": 1.13,
            "research_to_sale_ratio": null,
            "price_fair": 50.15,
            "eps_avg_yearly": 1.43,
            "eps_latest_yearly": 2,
            "eps_growth_yearly": 447.12
        },
        "20202": {
            "year_quarter": 20202,
            "year": 2020,
            "quarter": 2,
            "eps": 1.11,
            "eps_growth_year": 692.86,
            "eps_4q": 1.35,
            "eps_4q_growth_year": 45.38,
            "roe": 5.95,
            "roe_4q": 7.24,
            "gross_profit": null,
            "gross_margin": null,
            "gross_margin_4q_avg": 0,
            "net_income": 1549457,
            "net_income_4q": null,
            "revenue": 2820672,
            "revenue_4q": null,
            "common_shares": 13723900,
            "book_valuer_per_share": 19.09,
            "book_valuer_per_share_4q_avg": 19.13,
            "equity": 26261227,
            "current_ratio": 122.49,
            "debt_ratio": 75.78,
            "inventory_turnover_ratio": null,
            "account_receivable_turnover_ratio": 0.17,
            "reinvestment_rate": 34.33,
            "research_to_sale_ratio": null,
            "price_fair": 53.9,
            "eps_avg_yearly": 1.54,
            "eps_latest_yearly": 2,
            "eps_growth_yearly": 507.83
        },
        "20203": {
            "year_quarter": 20203,
            "year": 2020,
            "quarter": 3,
            "eps": 0.91,
            "eps_growth_year": 116.67,
            "eps_4q": 1.85,
            "eps_4q_growth_year": 53.05,
            "roe": 4.75,
            "roe_4q": 9.799999999999999,
            "gross_profit": null,
            "gross_margin": null,
            "gross_margin_4q_avg": 0,
            "net_income": 1282085,
            "net_income_4q": null,
            "revenue": 3035098,
            "revenue_4q": null,
            "common_shares": 13998378,
            "book_valuer_per_share": 19.74,
            "book_valuer_per_share_4q_avg": 19.27,
            "equity": 27699593,
            "current_ratio": 123.78,
            "debt_ratio": 74.9,
            "inventory_turnover_ratio": null,
            "account_receivable_turnover_ratio": 0.16,
            "reinvestment_rate": 32.86,
            "research_to_sale_ratio": null,
            "price_fair": 58.94,
            "eps_avg_yearly": 1.68,
            "eps_latest_yearly": 3.64,
            "eps_growth_yearly": 296.18
        },
        "20204": {
            "year_quarter": 20204,
            "year": 2020,
            "quarter": 4,
            "eps": 1.22,
            "eps_growth_year": 141.94,
            "eps_4q": 2.58,
            "eps_4q_growth_year": 49.32,
            "roe": 5.96,
            "roe_4q": 13.16,
            "gross_profit": null,
            "gross_margin": null,
            "gross_margin_4q_avg": 0,
            "net_income": 1703258,
            "net_income_4q": null,
            "revenue": 3321153,
            "revenue_4q": null,
            "common_shares": 13998378,
            "book_valuer_per_share": 21.01,
            "book_valuer_per_share_4q_avg": 19.66,
            "equity": 29479482,
            "current_ratio": 125.25,
            "debt_ratio": 74.08,
            "inventory_turnover_ratio": null,
            "account_receivable_turnover_ratio": 0.19,
            "reinvestment_rate": 27.09,
            "research_to_sale_ratio": null,
            "price_fair": 69.11,
            "eps_avg_yearly": 1.97,
            "eps_latest_yearly": 4.88,
            "eps_growth_yearly": 281.64
        },
        "20211": {
            "year_quarter": 20211,
            "year": 2021,
            "quarter": 1,
            "eps": 0.68,
            "eps_growth_year": null,
            "eps_4q": 3.91,
            "eps_4q_growth_year": 930.42,
            "roe": 3.17,
            "roe_4q": 19.83,
            "gross_profit": null,
            "gross_margin": null,
            "gross_margin_4q_avg": 0,
            "net_income": 950114,
            "net_income_4q": null,
            "revenue": 2723812,
            "revenue_4q": null,
            "common_shares": 13998378,
            "book_valuer_per_share": 21.75,
            "book_valuer_per_share_4q_avg": 20.4,
            "equity": 30525236,
            "current_ratio": 122.72,
            "debt_ratio": 76.22,
            "inventory_turnover_ratio": null,
            "account_receivable_turnover_ratio": 0.12,
            "reinvestment_rate": 25.92,
            "research_to_sale_ratio": null,
            "price_fair": 71.28,
            "eps_avg_yearly": 2.04,
            "eps_latest_yearly": 2.72,
            "eps_growth_yearly": 243.42
        },
        "20212": {
            "year_quarter": 20212,
            "year": 2021,
            "quarter": 2,
            "eps": 1.49,
            "eps_growth_year": 34.23,
            "eps_4q": 4.13,
            "eps_4q_growth_year": 206.89,
            "roe": 6.84,
            "roe_4q": 20.72,
            "gross_profit": null,
            "gross_margin": null,
            "gross_margin_4q_avg": 0,
            "net_income": 2088599,
            "net_income_4q": null,
            "revenue": 4362357,
            "revenue_4q": null,
            "common_shares": 13998378,
            "book_valuer_per_share": 21.76,
            "book_valuer_per_share_4q_avg": 21.07,
            "equity": 30536070,
            "current_ratio": 118.06,
            "debt_ratio": 79.96,
            "inventory_turnover_ratio": null,
            "account_receivable_turnover_ratio": 0.14,
            "reinvestment_rate": 22.94,
            "research_to_sale_ratio": null,
            "price_fair": 85.4,
            "eps_avg_yearly": 2.44,
            "eps_latest_yearly": 5.96,
            "eps_growth_yearly": 299.17
        },
        "20213": {
            "year_quarter": 20213,
            "year": 2021,
            "quarter": 3,
            "eps": 0.23,
            "eps_growth_year": -74.73,
            "eps_4q": 3.48,
            "eps_4q_growth_year": 87.96,
            "roe": 1.09,
            "roe_4q": 17.06,
            "gross_profit": null,
            "gross_margin": null,
            "gross_margin_4q_avg": 0,
            "net_income": 334617,
            "net_income_4q": null,
            "revenue": 2074595,
            "revenue_4q": null,
            "common_shares": 14558313,
            "book_valuer_per_share": 21.28,
            "book_valuer_per_share_4q_avg": 21.45,
            "equity": 31057219,
            "current_ratio": 127.28,
            "debt_ratio": 72.59,
            "inventory_turnover_ratio": null,
            "account_receivable_turnover_ratio": 0.07,
            "reinvestment_rate": 22.85,
            "research_to_sale_ratio": null,
            "price_fair": 82.48,
            "eps_avg_yearly": 2.36,
            "eps_latest_yearly": 0.92,
            "eps_growth_yearly": 247.17
        },
        "20214": {
            "year_quarter": 20214,
            "year": 2021,
            "quarter": 4,
            "eps": 0.44,
            "eps_growth_year": -64.01,
            "eps_4q": 2.75,
            "eps_4q_growth_year": 6.81,
            "roe": 2.03,
            "roe_4q": 13.13,
            "gross_profit": null,
            "gross_margin": null,
            "gross_margin_4q_avg": 0,
            "net_income": 638043,
            "net_income_4q": null,
            "revenue": 2460855,
            "revenue_4q": null,
            "common_shares": 14558313,
            "book_valuer_per_share": 21.76,
            "book_valuer_per_share_4q_avg": 21.64,
            "equity": 31766630,
            "current_ratio": 126.81,
            "debt_ratio": 73.01,
            "inventory_turnover_ratio": null,
            "account_receivable_turnover_ratio": 0.13,
            "reinvestment_rate": 23.46,
            "research_to_sale_ratio": null,
            "price_fair": 80.62,
            "eps_avg_yearly": 2.3,
            "eps_latest_yearly": 1.76,
            "eps_growth_yearly": 269.27
        },
        "20221": {
            "year_quarter": 20221,
            "year": 2022,
            "quarter": 1,
            "eps": -0.39,
            "eps_growth_year": -157.35,
            "eps_4q": 1.71,
            "eps_4q_growth_year": -56.22,
            "roe": -1.77,
            "roe_4q": 8.19,
            "gross_profit": null,
            "gross_margin": null,
            "gross_margin_4q_avg": 0,
            "net_income": -562472,
            "net_income_4q": null,
            "revenue": 879198,
            "revenue_4q": null,
            "common_shares": 14558313,
            "book_valuer_per_share": 21.66,
            "book_valuer_per_share_4q_avg": 21.62,
            "equity": 31620280,
            "current_ratio": 131.59,
            "debt_ratio": 69.26,
            "inventory_turnover_ratio": null,
            "account_receivable_turnover_ratio": 0.05,
            "reinvestment_rate": 25.53,
            "research_to_sale_ratio": null,
            "price_fair": 86.93,
            "eps_avg_yearly": 2.48,
            "eps_latest_yearly": 1.76,
            "eps_growth_yearly": 325.27
        },
        "20222": {
            "year_quarter": 20222,
            "year": 2022,
            "quarter": 2,
            "eps": 0.27,
            "eps_growth_year": -81.88,
            "eps_4q": 0.55,
            "eps_4q_growth_year": -86.62,
            "roe": 1.32,
            "roe_4q": 2.67,
            "gross_profit": null,
            "gross_margin": null,
            "gross_margin_4q_avg": 0,
            "net_income": 399727,
            "net_income_4q": null,
            "revenue": 1676488,
            "revenue_4q": null,
            "common_shares": 14558313,
            "book_valuer_per_share": 19.7,
            "book_valuer_per_share_4q_avg": 21.1,
            "equity": 28756575,
            "current_ratio": 130.34,
            "debt_ratio": 69.95,
            "inventory_turnover_ratio": null,
            "account_receivable_turnover_ratio": 0.09,
            "reinvestment_rate": 24.99,
            "research_to_sale_ratio": null,
            "price_fair": 86.24,
            "eps_avg_yearly": 2.46,
            "eps_latest_yearly": 1.76,
            "eps_growth_yearly": 62.8
        },
        "20223": {
            "year_quarter": 20223,
            "year": 2022,
            "quarter": 3,
            "eps": 0.47,
            "eps_growth_year": 104.35,
            "eps_4q": 0.79,
            "eps_4q_growth_year": -77.34,
            "roe": 2.33,
            "roe_4q": 3.91,
            "gross_profit": null,
            "gross_margin": null,
            "gross_margin_4q_avg": 0,
            "net_income": 679733,
            "net_income_4q": null,
            "revenue": 2037997,
            "revenue_4q": null,
            "common_shares": 14558313,
            "book_valuer_per_share": 20.2,
            "book_valuer_per_share_4q_avg": 20.83,
            "equity": 29495070,
            "current_ratio": 128.92,
            "debt_ratio": 70.34,
            "inventory_turnover_ratio": null,
            "account_receivable_turnover_ratio": 0.13,
            "reinvestment_rate": 30.81,
            "research_to_sale_ratio": null,
            "price_fair": 91,
            "eps_avg_yearly": 2.6,
            "eps_latest_yearly": 1.88,
            "eps_growth_yearly": 124.66
        },
        "20224": {
            "year_quarter": 20224,
            "year": 2022,
            "quarter": 4,
            "eps": 0.15,
            "eps_growth_year": -65.93,
            "eps_4q": 0.5,
            "eps_4q_growth_year": -81.8,
            "roe": 0.74,
            "roe_4q": 2.6200000000000006,
            "gross_profit": null,
            "gross_margin": null,
            "gross_margin_4q_avg": 0,
            "net_income": 219257,
            "net_income_4q": null,
            "revenue": 1677653,
            "revenue_4q": null,
            "common_shares": 14558313,
            "book_valuer_per_share": 20.41,
            "book_valuer_per_share_4q_avg": 20.49,
            "equity": 29806488,
            "current_ratio": 131.45,
            "debt_ratio": 68.59,
            "inventory_turnover_ratio": null,
            "account_receivable_turnover_ratio": 0.14,
            "reinvestment_rate": 29.33,
            "research_to_sale_ratio": null,
            "price_fair": 84.64,
            "eps_avg_yearly": 2.42,
            "eps_latest_yearly": 0.6,
            "eps_growth_yearly": 88.57
        },
        "20231": {
            "year_quarter": 20231,
            "year": 2023,
            "quarter": 1,
            "eps": 0.31,
            "eps_growth_year": null,
            "eps_4q": 1.2,
            "eps_4q_growth_year": -29.83,
            "roe": 1.53,
            "roe_4q": 5.92,
            "gross_profit": null,
            "gross_margin": null,
            "gross_margin_4q_avg": 0,
            "net_income": 459443,
            "net_income_4q": null,
            "revenue": 1866406,
            "revenue_4q": null,
            "common_shares": 14558313,
            "book_valuer_per_share": 20.85,
            "book_valuer_per_share_4q_avg": 20.29,
            "equity": 30441440,
            "current_ratio": 125.21,
            "debt_ratio": 73.25,
            "inventory_turnover_ratio": null,
            "account_receivable_turnover_ratio": 0.14,
            "reinvestment_rate": 30.91,
            "research_to_sale_ratio": null,
            "price_fair": 81.2,
            "eps_avg_yearly": 2.32,
            "eps_latest_yearly": 1.24,
            "eps_growth_yearly": 116.75
        },
        "20232": {
            "year_quarter": 20232,
            "year": 2023,
            "quarter": 2,
            "eps": 0.8,
            "eps_growth_year": 196.3,
            "eps_4q": 1.73,
            "eps_4q_growth_year": 213.37,
            "roe": 3.83,
            "roe_4q": 8.43,
            "gross_profit": null,
            "gross_margin": null,
            "gross_margin_4q_avg": 0,
            "net_income": 1173430,
            "net_income_4q": null,
            "revenue": 2863536,
            "revenue_4q": null,
            "common_shares": 14558313,
            "book_valuer_per_share": 21.14,
            "book_valuer_per_share_4q_avg": 20.65,
            "equity": 30864104,
            "current_ratio": 120.12,
            "debt_ratio": 77.66,
            "inventory_turnover_ratio": null,
            "account_receivable_turnover_ratio": 0.13,
            "reinvestment_rate": 26.52,
            "research_to_sale_ratio": null,
            "price_fair": 88.9,
            "eps_avg_yearly": 2.54,
            "eps_latest_yearly": 3.2,
            "eps_growth_yearly": 195.8
        },
        "20233": {
            "year_quarter": 20233,
            "year": 2023,
            "quarter": 3,
            "eps": 0.57,
            "eps_growth_year": 21.28,
            "eps_4q": 1.83,
            "eps_4q_growth_year": 132.09,
            "roe": 2.64,
            "roe_4q": 8.74,
            "gross_profit": null,
            "gross_margin": null,
            "gross_margin_4q_avg": 0,
            "net_income": 825941,
            "net_income_4q": null,
            "revenue": 2620807,
            "revenue_4q": null,
            "common_shares": 14558313,
            "book_valuer_per_share": 21.72,
            "book_valuer_per_share_4q_avg": 21.03,
            "equity": 31709373,
            "current_ratio": 122.83,
            "debt_ratio": 75.31,
            "inventory_turnover_ratio": null,
            "account_receivable_turnover_ratio": 0.12,
            "reinvestment_rate": 26.71,
            "research_to_sale_ratio": null,
            "price_fair": 90.65,
            "eps_avg_yearly": 2.59,
            "eps_latest_yearly": 2.28,
            "eps_growth_yearly": 119.55
        },
        "20234": {
            "year_quarter": 20234,
            "year": 2023,
            "quarter": 4,
            "eps": null,
            "eps_growth_year": null,
            "eps_4q": null,
            "eps_4q_growth_year": null,
            "roe": null,
            "roe_4q": 8,
            "gross_profit": null,
            "gross_margin": null,
            "gross_margin_4q_avg": 0,
            "net_income": null,
            "net_income_4q": null,
            "revenue": null,
            "revenue_4q": null,
            "common_shares": null,
            "book_valuer_per_share": 22.01,
            "book_valuer_per_share_4q_avg": 21.43,
            "equity": null,
            "current_ratio": null,
            "debt_ratio": null,
            "inventory_turnover_ratio": null,
            "account_receivable_turnover_ratio": null,
            "reinvestment_rate": null,
            "research_to_sale_ratio": null,
            "price_fair": 92.53,
            "eps_avg_yearly": 2.64,
            "eps_latest_yearly": 2.28,
            "eps_growth_yearly": 123.5
        }
    },
    "months": {
        "2002-09": {
            "month": "2002-09",
            "price": "11.04",
            "revenue": 322792
        },
        "2002-10": {
            "month": "2002-10",
            "price": "11.52",
            "revenue": 278894
        },
        "2002-11": {
            "month": "2002-11",
            "price": "11.76",
            "revenue": 309025
        },
        "2002-12": {
            "month": "2002-12",
            "price": "11.78",
            "revenue": 176813
        },
        "2003-01": {
            "month": "2003-01",
            "price": "13.47",
            "revenue": 411000
        },
        "2003-02": {
            "month": "2003-02",
            "price": "12.32",
            "revenue": 561053
        },
        "2003-03": {
            "month": "2003-03",
            "price": "12.28",
            "revenue": 242428
        },
        "2003-04": {
            "month": "2003-04",
            "price": "11.75",
            "revenue": 294011
        },
        "2003-05": {
            "month": "2003-05",
            "price": "11.08",
            "revenue": 365469
        },
        "2003-06": {
            "month": "2003-06",
            "price": "12.95",
            "revenue": 428971
        },
        "2003-07": {
            "month": "2003-07",
            "price": "13.74",
            "revenue": 644802
        },
        "2003-08": {
            "month": "2003-08",
            "price": "13.55",
            "revenue": 349930
        },
        "2003-09": {
            "month": "2003-09",
            "price": "13.57",
            "revenue": 274968
        },
        "2003-10": {
            "month": "2003-10",
            "price": "14.13",
            "revenue": 456104
        },
        "2003-11": {
            "month": "2003-11",
            "price": "14.56",
            "revenue": 263763
        },
        "2003-12": {
            "month": "2003-12",
            "price": "14.00",
            "revenue": 411654
        },
        "2004-01": {
            "month": "2004-01",
            "price": "15.10",
            "revenue": 538059
        },
        "2004-02": {
            "month": "2004-02",
            "price": "18.00",
            "revenue": 634394
        },
        "2004-03": {
            "month": "2004-03",
            "price": "19.51",
            "revenue": 490288
        },
        "2004-04": {
            "month": "2004-04",
            "price": "18.62",
            "revenue": 531848
        },
        "2004-05": {
            "month": "2004-05",
            "price": "14.79",
            "revenue": 420417
        },
        "2004-06": {
            "month": "2004-06",
            "price": "13.95",
            "revenue": 321922
        },
        "2004-07": {
            "month": "2004-07",
            "price": "13.22",
            "revenue": 218379
        },
        "2004-08": {
            "month": "2004-08",
            "price": "13.36",
            "revenue": 293081
        },
        "2004-09": {
            "month": "2004-09",
            "price": "15.23",
            "revenue": 300494
        },
        "2004-10": {
            "month": "2004-10",
            "price": "17.18",
            "revenue": 306034
        },
        "2004-11": {
            "month": "2004-11",
            "price": "18.40",
            "revenue": 398442
        },
        "2004-12": {
            "month": "2004-12",
            "price": "17.63",
            "revenue": 341063
        },
        "2005-01": {
            "month": "2005-01",
            "price": "17.61",
            "revenue": 285987
        },
        "2005-02": {
            "month": "2005-02",
            "price": "16.18",
            "revenue": 325435
        },
        "2005-03": {
            "month": "2005-03",
            "price": "17.35",
            "revenue": 329296
        },
        "2005-04": {
            "month": "2005-04",
            "price": "16.61",
            "revenue": 170870
        },
        "2005-05": {
            "month": "2005-05",
            "price": "15.09",
            "revenue": 301223
        },
        "2005-06": {
            "month": "2005-06",
            "price": "15.69",
            "revenue": 342326
        },
        "2005-07": {
            "month": "2005-07",
            "price": "16.01",
            "revenue": 523519
        },
        "2005-08": {
            "month": "2005-08",
            "price": "15.77",
            "revenue": 355446
        },
        "2005-09": {
            "month": "2005-09",
            "price": "14.77",
            "revenue": 213466
        },
        "2005-10": {
            "month": "2005-10",
            "price": "14.00",
            "revenue": 210702
        },
        "2005-11": {
            "month": "2005-11",
            "price": "14.30",
            "revenue": 384563
        },
        "2005-12": {
            "month": "2005-12",
            "price": "14.88",
            "revenue": 666081
        },
        "2006-01": {
            "month": "2006-01",
            "price": "15.05",
            "revenue": 385222
        },
        "2006-02": {
            "month": "2006-02",
            "price": "14.11",
            "revenue": 338201
        },
        "2006-03": {
            "month": "2006-03",
            "price": "13.16",
            "revenue": 480983
        },
        "2006-04": {
            "month": "2006-04",
            "price": "14.36",
            "revenue": 853528
        },
        "2006-05": {
            "month": "2006-05",
            "price": "15.84",
            "revenue": 411441
        },
        "2006-06": {
            "month": "2006-06",
            "price": "14.55",
            "revenue": 139382
        },
        "2006-07": {
            "month": "2006-07",
            "price": "14.49",
            "revenue": 225595
        },
        "2006-08": {
            "month": "2006-08",
            "price": "14.21",
            "revenue": 472179
        },
        "2006-09": {
            "month": "2006-09",
            "price": "14.42",
            "revenue": 372145
        },
        "2006-10": {
            "month": "2006-10",
            "price": "15.22",
            "revenue": 382848
        },
        "2006-11": {
            "month": "2006-11",
            "price": "15.93",
            "revenue": 783279
        },
        "2006-12": {
            "month": "2006-12",
            "price": "17.57",
            "revenue": 628032
        },
        "2007-01": {
            "month": "2007-01",
            "price": "18.24",
            "revenue": 673210
        },
        "2007-02": {
            "month": "2007-02",
            "price": "18.34",
            "revenue": 280138
        },
        "2007-03": {
            "month": "2007-03",
            "price": "17.70",
            "revenue": 481642
        },
        "2007-04": {
            "month": "2007-04",
            "price": "17.58",
            "revenue": 486104
        },
        "2007-05": {
            "month": "2007-05",
            "price": "17.83",
            "revenue": 510339
        },
        "2007-06": {
            "month": "2007-06",
            "price": "19.30",
            "revenue": 926489
        },
        "2007-07": {
            "month": "2007-07",
            "price": "24.22",
            "revenue": 1586023
        },
        "2007-08": {
            "month": "2007-08",
            "price": "21.48",
            "revenue": 788185
        },
        "2007-09": {
            "month": "2007-09",
            "price": "21.20",
            "revenue": 511786
        },
        "2007-10": {
            "month": "2007-10",
            "price": "23.16",
            "revenue": 686503
        },
        "2007-11": {
            "month": "2007-11",
            "price": "20.99",
            "revenue": 625149
        },
        "2007-12": {
            "month": "2007-12",
            "price": "18.74",
            "revenue": 442644
        },
        "2008-01": {
            "month": "2008-01",
            "price": "19.63",
            "revenue": 509012
        },
        "2008-02": {
            "month": "2008-02",
            "price": "20.72",
            "revenue": 537493
        },
        "2008-03": {
            "month": "2008-03",
            "price": "23.79",
            "revenue": 771414
        },
        "2008-04": {
            "month": "2008-04",
            "price": "26.82",
            "revenue": 705898
        },
        "2008-05": {
            "month": "2008-05",
            "price": "25.37",
            "revenue": 374142
        },
        "2008-06": {
            "month": "2008-06",
            "price": "21.60",
            "revenue": 240941
        },
        "2008-07": {
            "month": "2008-07",
            "price": "18.68",
            "revenue": 346634
        },
        "2008-08": {
            "month": "2008-08",
            "price": "18.24",
            "revenue": 295677
        },
        "2008-09": {
            "month": "2008-09",
            "price": "14.30",
            "revenue": 315569
        },
        "2008-10": {
            "month": "2008-10",
            "price": "9.59",
            "revenue": 285160
        },
        "2008-11": {
            "month": "2008-11",
            "price": "9.61",
            "revenue": 264233
        },
        "2008-12": {
            "month": "2008-12",
            "price": "10.54",
            "revenue": 146242
        },
        "2009-01": {
            "month": "2009-01",
            "price": "10.09",
            "revenue": 294129
        },
        "2009-02": {
            "month": "2009-02",
            "price": "9.03",
            "revenue": 295974
        },
        "2009-03": {
            "month": "2009-03",
            "price": "10.67",
            "revenue": 496294
        },
        "2009-04": {
            "month": "2009-04",
            "price": "14.85",
            "revenue": 866795
        },
        "2009-05": {
            "month": "2009-05",
            "price": "18.48",
            "revenue": 943857
        },
        "2009-06": {
            "month": "2009-06",
            "price": "17.92",
            "revenue": 235940
        },
        "2009-07": {
            "month": "2009-07",
            "price": "19.98",
            "revenue": 668280
        },
        "2009-08": {
            "month": "2009-08",
            "price": "18.02",
            "revenue": 187792
        },
        "2009-09": {
            "month": "2009-09",
            "price": "19.02",
            "revenue": 609259
        },
        "2009-10": {
            "month": "2009-10",
            "price": "20.87",
            "revenue": 221838
        },
        "2009-11": {
            "month": "2009-11",
            "price": "19.83",
            "revenue": 415962
        },
        "2009-12": {
            "month": "2009-12",
            "price": "19.96",
            "revenue": 812529
        },
        "2010-01": {
            "month": "2010-01",
            "price": "20.88",
            "revenue": 483993
        },
        "2010-02": {
            "month": "2010-02",
            "price": "17.74",
            "revenue": 335777
        },
        "2010-03": {
            "month": "2010-03",
            "price": "18.51",
            "revenue": 429140
        },
        "2010-04": {
            "month": "2010-04",
            "price": "18.92",
            "revenue": 387868
        },
        "2010-05": {
            "month": "2010-05",
            "price": "17.00",
            "revenue": 281963
        },
        "2010-06": {
            "month": "2010-06",
            "price": "15.79",
            "revenue": 248640
        },
        "2010-07": {
            "month": "2010-07",
            "price": "17.11",
            "revenue": 529187
        },
        "2010-08": {
            "month": "2010-08",
            "price": "17.73",
            "revenue": 604492
        },
        "2010-09": {
            "month": "2010-09",
            "price": "17.19",
            "revenue": 469476
        },
        "2010-10": {
            "month": "2010-10",
            "price": "17.75",
            "revenue": 422967
        },
        "2010-11": {
            "month": "2010-11",
            "price": "17.67",
            "revenue": 395816
        },
        "2010-12": {
            "month": "2010-12",
            "price": "18.78",
            "revenue": 584267
        },
        "2011-01": {
            "month": "2011-01",
            "price": "19.36",
            "revenue": 630764
        },
        "2011-02": {
            "month": "2011-02",
            "price": "18.53",
            "revenue": 253664
        },
        "2011-03": {
            "month": "2011-03",
            "price": "17.77",
            "revenue": 520723
        },
        "2011-04": {
            "month": "2011-04",
            "price": "18.62",
            "revenue": 467488
        },
        "2011-05": {
            "month": "2011-05",
            "price": "19.27",
            "revenue": 378608
        },
        "2011-06": {
            "month": "2011-06",
            "price": "20.32",
            "revenue": 264688
        },
        "2011-07": {
            "month": "2011-07",
            "price": "20.90",
            "revenue": 726517
        },
        "2011-08": {
            "month": "2011-08",
            "price": "17.77",
            "revenue": 232725
        },
        "2011-09": {
            "month": "2011-09",
            "price": "15.81",
            "revenue": 362721
        },
        "2011-10": {
            "month": "2011-10",
            "price": "15.03",
            "revenue": 410018
        },
        "2011-11": {
            "month": "2011-11",
            "price": "14.89",
            "revenue": 581893
        },
        "2011-12": {
            "month": "2011-12",
            "price": "14.72",
            "revenue": 198721
        },
        "2012-01": {
            "month": "2012-01",
            "price": "13.90",
            "revenue": 546713
        },
        "2012-02": {
            "month": "2012-02",
            "price": "15.87",
            "revenue": 770677
        },
        "2012-03": {
            "month": "2012-03",
            "price": "16.42",
            "revenue": 326299
        },
        "2012-04": {
            "month": "2012-04",
            "price": "15.20",
            "revenue": 134822
        },
        "2012-05": {
            "month": "2012-05",
            "price": "15.02",
            "revenue": 201679
        },
        "2012-06": {
            "month": "2012-06",
            "price": "14.65",
            "revenue": 317259
        },
        "2012-07": {
            "month": "2012-07",
            "price": "15.08",
            "revenue": 341884
        },
        "2012-08": {
            "month": "2012-08",
            "price": "15.38",
            "revenue": 435908
        },
        "2012-09": {
            "month": "2012-09",
            "price": "15.82",
            "revenue": 367777
        },
        "2012-10": {
            "month": "2012-10",
            "price": "15.76",
            "revenue": 170939
        },
        "2012-11": {
            "month": "2012-11",
            "price": "15.81",
            "revenue": 354467
        },
        "2012-12": {
            "month": "2012-12",
            "price": "16.82",
            "revenue": 259392
        },
        "2013-01": {
            "month": "2013-01",
            "price": "16.90",
            "revenue": 443034
        },
        "2013-02": {
            "month": "2013-02",
            "price": "17.39",
            "revenue": 400938
        },
        "2013-03": {
            "month": "2013-03",
            "price": "17.61",
            "revenue": 323681
        },
        "2013-04": {
            "month": "2013-04",
            "price": "17.50",
            "revenue": 420055
        },
        "2013-05": {
            "month": "2013-05",
            "price": "17.85",
            "revenue": 408531
        },
        "2013-06": {
            "month": "2013-06",
            "price": "17.57",
            "revenue": 109849
        },
        "2013-07": {
            "month": "2013-07",
            "price": "17.40",
            "revenue": 536242
        },
        "2013-08": {
            "month": "2013-08",
            "price": "17.11",
            "revenue": 239544
        },
        "2013-09": {
            "month": "2013-09",
            "price": "17.12",
            "revenue": 460119
        },
        "2013-10": {
            "month": "2013-10",
            "price": "17.01",
            "revenue": 522638
        },
        "2013-11": {
            "month": "2013-11",
            "price": "16.30",
            "revenue": 284414
        },
        "2013-12": {
            "month": "2013-12",
            "price": "16.72",
            "revenue": 465202
        },
        "2014-01": {
            "month": "2014-01",
            "price": "18.04",
            "revenue": 173924
        },
        "2014-02": {
            "month": "2014-02",
            "price": "17.25",
            "revenue": 705432
        },
        "2014-03": {
            "month": "2014-03",
            "price": "17.20",
            "revenue": 623417
        },
        "2014-04": {
            "month": "2014-04",
            "price": "16.87",
            "revenue": 198267
        },
        "2014-05": {
            "month": "2014-05",
            "price": "16.38",
            "revenue": 734054
        },
        "2014-06": {
            "month": "2014-06",
            "price": "16.92",
            "revenue": 707983
        },
        "2014-07": {
            "month": "2014-07",
            "price": "17.48",
            "revenue": 359694
        },
        "2014-08": {
            "month": "2014-08",
            "price": "16.81",
            "revenue": 341327
        },
        "2014-09": {
            "month": "2014-09",
            "price": "16.92",
            "revenue": 110750
        },
        "2014-10": {
            "month": "2014-10",
            "price": "16.13",
            "revenue": 203841
        },
        "2014-11": {
            "month": "2014-11",
            "price": "15.52",
            "revenue": 407436
        },
        "2014-12": {
            "month": "2014-12",
            "price": "15.76",
            "revenue": 597430
        },
        "2015-01": {
            "month": "2015-01",
            "price": "16.09",
            "revenue": 387633
        },
        "2015-02": {
            "month": "2015-02",
            "price": "16.17",
            "revenue": 449323
        },
        "2015-03": {
            "month": "2015-03",
            "price": "16.11",
            "revenue": 294276
        },
        "2015-04": {
            "month": "2015-04",
            "price": "16.88",
            "revenue": 1020869
        },
        "2015-05": {
            "month": "2015-05",
            "price": "17.50",
            "revenue": 352769
        },
        "2015-06": {
            "month": "2015-06",
            "price": "16.17",
            "revenue": 297561
        },
        "2015-07": {
            "month": "2015-07",
            "price": "14.82",
            "revenue": 202824
        },
        "2015-08": {
            "month": "2015-08",
            "price": "12.37",
            "revenue": 67350
        },
        "2015-09": {
            "month": "2015-09",
            "price": "12.51",
            "revenue": 484946
        },
        "2015-10": {
            "month": "2015-10",
            "price": "13.61",
            "revenue": 418018
        },
        "2015-11": {
            "month": "2015-11",
            "price": "14.78",
            "revenue": 423336
        },
        "2015-12": {
            "month": "2015-12",
            "price": "13.62",
            "revenue": 182230
        },
        "2016-01": {
            "month": "2016-01",
            "price": "12.32",
            "revenue": 428254
        },
        "2016-02": {
            "month": "2016-02",
            "price": "12.59",
            "revenue": 233748
        },
        "2016-03": {
            "month": "2016-03",
            "price": "13.80",
            "revenue": 559000
        },
        "2016-04": {
            "month": "2016-04",
            "price": "12.87",
            "revenue": 304578
        },
        "2016-05": {
            "month": "2016-05",
            "price": "12.13",
            "revenue": 184650
        },
        "2016-06": {
            "month": "2016-06",
            "price": "12.24",
            "revenue": 434280
        },
        "2016-07": {
            "month": "2016-07",
            "price": "12.20",
            "revenue": 805252
        },
        "2016-08": {
            "month": "2016-08",
            "price": "12.04",
            "revenue": 689615
        },
        "2016-09": {
            "month": "2016-09",
            "price": "11.67",
            "revenue": 360766
        },
        "2016-10": {
            "month": "2016-10",
            "price": "11.11",
            "revenue": 169300
        },
        "2016-11": {
            "month": "2016-11",
            "price": "11.06",
            "revenue": 189233
        },
        "2016-12": {
            "month": "2016-12",
            "price": "11.48",
            "revenue": 138982
        },
        "2017-01": {
            "month": "2017-01",
            "price": "11.55",
            "revenue": 464246
        },
        "2017-02": {
            "month": "2017-02",
            "price": "12.82",
            "revenue": 848575
        },
        "2017-03": {
            "month": "2017-03",
            "price": "13.34",
            "revenue": 675369
        },
        "2017-04": {
            "month": "2017-04",
            "price": "13.36",
            "revenue": 426399
        },
        "2017-05": {
            "month": "2017-05",
            "price": "13.44",
            "revenue": 519790
        },
        "2017-06": {
            "month": "2017-06",
            "price": "13.73",
            "revenue": 472419
        },
        "2017-07": {
            "month": "2017-07",
            "price": "14.17",
            "revenue": 707429
        },
        "2017-08": {
            "month": "2017-08",
            "price": "13.59",
            "revenue": 726145
        },
        "2017-09": {
            "month": "2017-09",
            "price": "14.51",
            "revenue": 351537
        },
        "2017-10": {
            "month": "2017-10",
            "price": "14.49",
            "revenue": 926422
        },
        "2017-11": {
            "month": "2017-11",
            "price": "14.70",
            "revenue": 725141
        },
        "2017-12": {
            "month": "2017-12",
            "price": "14.36",
            "revenue": 426627
        },
        "2018-01": {
            "month": "2018-01",
            "price": "15.12",
            "revenue": 757273
        },
        "2018-02": {
            "month": "2018-02",
            "price": "14.69",
            "revenue": 55827
        },
        "2018-03": {
            "month": "2018-03",
            "price": "14.53",
            "revenue": 462765
        },
        "2018-04": {
            "month": "2018-04",
            "price": "14.78",
            "revenue": 250540
        },
        "2018-05": {
            "month": "2018-05",
            "price": "14.65",
            "revenue": 1323947
        },
        "2018-06": {
            "month": "2018-06",
            "price": "14.84",
            "revenue": 800292
        },
        "2018-07": {
            "month": "2018-07",
            "price": "14.63",
            "revenue": 537196
        },
        "2018-08": {
            "month": "2018-08",
            "price": "13.96",
            "revenue": 412898
        },
        "2018-09": {
            "month": "2018-09",
            "price": "14.12",
            "revenue": 268214
        },
        "2018-10": {
            "month": "2018-10",
            "price": "13.25",
            "revenue": 388343
        },
        "2018-11": {
            "month": "2018-11",
            "price": "12.69",
            "revenue": 197861
        },
        "2018-12": {
            "month": "2018-12",
            "price": "12.01",
            "revenue": 319119
        },
        "2019-01": {
            "month": "2019-01",
            "price": "12.76",
            "revenue": 512143
        },
        "2019-02": {
            "month": "2019-02",
            "price": "13.41",
            "revenue": 903156
        },
        "2019-03": {
            "month": "2019-03",
            "price": "13.71",
            "revenue": 693991
        },
        "2019-04": {
            "month": "2019-04",
            "price": "13.62",
            "revenue": 639164
        },
        "2019-05": {
            "month": "2019-05",
            "price": "13.44",
            "revenue": -77434
        },
        "2019-06": {
            "month": "2019-06",
            "price": "13.48",
            "revenue": 619693
        },
        "2019-07": {
            "month": "2019-07",
            "price": "13.36",
            "revenue": 710234
        },
        "2019-08": {
            "month": "2019-08",
            "price": "12.60",
            "revenue": 783808
        },
        "2019-09": {
            "month": "2019-09",
            "price": "13.10",
            "revenue": 337831
        },
        "2019-10": {
            "month": "2019-10",
            "price": "13.13",
            "revenue": 692981
        },
        "2019-11": {
            "month": "2019-11",
            "price": "13.73",
            "revenue": 752823
        },
        "2019-12": {
            "month": "2019-12",
            "price": "14.24",
            "revenue": 574007
        },
        "2020-01": {
            "month": "2020-01",
            "price": "14.61",
            "revenue": 340723
        },
        "2020-02": {
            "month": "2020-02",
            "price": "13.98",
            "revenue": 481468
        },
        "2020-03": {
            "month": "2020-03",
            "price": "12.37",
            "revenue": -417846
        },
        "2020-04": {
            "month": "2020-04",
            "price": "12.88",
            "revenue": 990962
        },
        "2020-05": {
            "month": "2020-05",
            "price": "13.26",
            "revenue": 490644
        },
        "2020-06": {
            "month": "2020-06",
            "price": "13.73",
            "revenue": 1339066
        },
        "2020-07": {
            "month": "2020-07",
            "price": "15.07",
            "revenue": 2151710
        },
        "2020-08": {
            "month": "2020-08",
            "price": "15.70",
            "revenue": 735432
        },
        "2020-09": {
            "month": "2020-09",
            "price": "15.89",
            "revenue": 147954
        },
        "2020-10": {
            "month": "2020-10",
            "price": "15.14",
            "revenue": 480134
        },
        "2020-11": {
            "month": "2020-11",
            "price": "15.23",
            "revenue": 1446577
        },
        "2020-12": {
            "month": "2020-12",
            "price": "16.93",
            "revenue": 1394446
        },
        "2021-01": {
            "month": "2021-01",
            "price": "20.61",
            "revenue": 1270463
        },
        "2021-02": {
            "month": "2021-02",
            "price": "20.61",
            "revenue": 463788
        },
        "2021-03": {
            "month": "2021-03",
            "price": "21.05",
            "revenue": 989561
        },
        "2021-04": {
            "month": "2021-04",
            "price": "26.88",
            "revenue": 2244945
        },
        "2021-05": {
            "month": "2021-05",
            "price": "27.68",
            "revenue": 309920
        },
        "2021-06": {
            "month": "2021-06",
            "price": "26.74",
            "revenue": 1807471
        },
        "2021-07": {
            "month": "2021-07",
            "price": "27.57",
            "revenue": 800347
        },
        "2021-08": {
            "month": "2021-08",
            "price": "25.85",
            "revenue": 904970
        },
        "2021-09": {
            "month": "2021-09",
            "price": "23.47",
            "revenue": 369292
        },
        "2021-10": {
            "month": "2021-10",
            "price": "22.54",
            "revenue": 680789
        },
        "2021-11": {
            "month": "2021-11",
            "price": "23.06",
            "revenue": 1086926
        },
        "2021-12": {
            "month": "2021-12",
            "price": "23.11",
            "revenue": 693146
        },
        "2022-01": {
            "month": "2022-01",
            "price": "23.08",
            "revenue": -18655
        },
        "2022-02": {
            "month": "2022-02",
            "price": "22.26",
            "revenue": 438898
        },
        "2022-03": {
            "month": "2022-03",
            "price": "22.19",
            "revenue": 458954
        },
        "2022-04": {
            "month": "2022-04",
            "price": "21.68",
            "revenue": 543329
        },
        "2022-05": {
            "month": "2022-05",
            "price": "19.35",
            "revenue": 532950
        },
        "2022-06": {
            "month": "2022-06",
            "price": "18.98",
            "revenue": 600209
        },
        "2022-07": {
            "month": "2022-07",
            "price": "16.05",
            "revenue": 597285
        },
        "2022-08": {
            "month": "2022-08",
            "price": "16.78",
            "revenue": 485770
        },
        "2022-09": {
            "month": "2022-09",
            "price": "15.82",
            "revenue": 954956
        },
        "2022-10": {
            "month": "2022-10",
            "price": "14.56",
            "revenue": 396305
        },
        "2022-11": {
            "month": "2022-11",
            "price": "15.63",
            "revenue": 710376
        },
        "2022-12": {
            "month": "2022-12",
            "price": "15.98",
            "revenue": 570959
        },
        "2023-01": {
            "month": "2023-01",
            "price": "16.02",
            "revenue": 498861
        },
        "2023-02": {
            "month": "2023-02",
            "price": "17.01",
            "revenue": 503903
        },
        "2023-03": {
            "month": "2023-03",
            "price": "16.42",
            "revenue": 863642
        },
        "2023-04": {
            "month": "2023-04",
            "price": "16.52",
            "revenue": 504729
        },
        "2023-05": {
            "month": "2023-05",
            "price": "16.72",
            "revenue": 891911
        },
        "2023-06": {
            "month": "2023-06",
            "price": "17.66",
            "revenue": 1466896
        },
        "2023-07": {
            "month": "2023-07",
            "price": "18.81",
            "revenue": 1607856
        },
        "2023-08": {
            "month": "2023-08",
            "price": "19.66",
            "revenue": 665345
        },
        "2023-09": {
            "month": "2023-09",
            "price": "19.15",
            "revenue": 347601
        },
        "2023-10": {
            "month": "2023-10",
            "price": "18.04",
            "revenue": 120047
        },
        "2023-11": {
            "month": "2023-11",
            "price": "18.22",
            "revenue": 1077644
        },
        "2023-12": {
            "month": "2023-12",
            "price": "19.34",
            "revenue": 994148
        },
        "2024-01": {
            "month": "2024-01",
            "price": "19.11",
            "revenue": 1111257
        },
        "2024-02": {
            "month": "2024-02",
            "price": "19.70",
            "revenue": 1326513
        }
    }
}
