{
    "summary": {
        "stock_name": "元富證",
        "stock_id": "2856",
        "category": "金融",
        "main_business": "承銷有價證券、自行買賣有價證券、受託買賣有價證券<br>有價證券買賣融資融券、有價證券股務事項之代理、期貨交易輔助人<br>期貨自營、受託買賣外國有價證券、其它經主管機關核准之業務",
        "website_url": "",
        "ceo": "李明輝",
        "pe_ratio": 14,
        "report_year_from": 2001,
        "report_year_to": 2019,
        "age": 22,
        "eps_negative_percentage": 0,
        "eps_growth_avg": {
            "last_all": 11.22,
            "last_2y": 2.47,
            "last_4y": 17.73,
            "last_8y": null,
            "last_12y": null,
            "last_16y": null,
            "last_20y": null,
            "at_2006_last_3y": null,
            "at_2007_last_3y": null,
            "at_2008_last_3y": null,
            "at_2009_last_3y": null,
            "at_2010_last_3y": null,
            "at_2011_last_3y": null,
            "at_2012_last_3y": null,
            "at_2013_last_3y": null,
            "at_2014_last_3y": 19.82,
            "at_2015_last_3y": 37.66,
            "at_2016_last_3y": 2.69,
            "at_2017_last_3y": 26.75,
            "at_2018_last_3y": 2.62,
            "at_2019_last_3y": 2.62,
            "at_2020_last_3y": 2.62,
            "at_2021_last_3y": 2.62,
            "at_2022_last_3y": 2.62,
            "at_2023_last_3y": 2.62,
            "at_2006_last_all": null,
            "at_2007_last_all": null,
            "at_2008_last_all": null,
            "at_2009_last_all": null,
            "at_2010_last_all": null,
            "at_2011_last_all": null,
            "at_2012_last_all": -1.35,
            "at_2013_last_all": 0.36,
            "at_2014_last_all": 19.82,
            "at_2015_last_all": 16.46,
            "at_2016_last_all": 1.34,
            "at_2017_last_all": 15.44,
            "at_2018_last_all": 11.22,
            "at_2019_last_all": 11.22,
            "at_2020_last_all": 11.22,
            "at_2021_last_all": 11.22,
            "at_2022_last_all": 11.22,
            "at_2023_last_all": 11.22
        },
        "latest_eps": 0.81,
        "latest_price": 10.95,
        "latest_roe": 5.9,
        "latest_gross_margin": null,
        "latest_equity": 22441900,
        "latest_revenue": 1577798,
        "latest_gross_profit": null,
        "latest_net_income": 390866,
        "latest_debt_ratio": 80.8,
        "latest_current_ratio": 117.83,
        "latest_account_receivable_turnover_ratio": 0.12,
        "latest_inventory_turnover_ratio": null,
        "latest_reinvestment_rate": -27.47,
        "latest_research_to_sale_ratio": null
    },
    "eps_dividends": {
        "1995": {
            "cash": 0,
            "stock": 1.7,
            "eps": 0
        },
        "1996": {
            "cash": 0,
            "stock": 0.6,
            "eps": 0
        },
        "1997": {
            "cash": 0,
            "stock": 0.86,
            "eps": 0
        },
        "1998": {
            "cash": 0,
            "stock": 2.5,
            "eps": 0
        },
        "1999": {
            "cash": 0,
            "stock": 2.2,
            "eps": 0
        },
        "2000": {
            "cash": 0,
            "stock": 2.2,
            "eps": 0
        },
        "2001": {
            "cash": 0.34,
            "stock": 1.16,
            "eps": 0
        },
        "2002": {
            "cash": 0.25,
            "stock": 0.75,
            "eps": 0
        },
        "2003": {
            "cash": 0.22,
            "stock": 0.4,
            "eps": 0
        },
        "2004": {
            "cash": 0.37,
            "stock": 0.47,
            "eps": 0
        },
        "2005": {
            "cash": 0.31,
            "stock": 0.41,
            "eps": 0
        },
        "2006": {
            "cash": 0.16,
            "stock": 0.34,
            "eps": 0
        },
        "2007": {
            "cash": 0.35,
            "stock": 0.15,
            "eps": 0
        },
        "2008": {
            "cash": 0.23,
            "stock": 0,
            "eps": 0
        },
        "2009": {
            "cash": 0,
            "stock": 0,
            "eps": 0
        },
        "2010": {
            "cash": 0.65,
            "stock": 0,
            "eps": 1.01
        },
        "2011": {
            "cash": 0.7,
            "stock": 0,
            "eps": 0.32
        },
        "2012": {
            "cash": 0.3,
            "stock": 0,
            "eps": 0.53
        },
        "2013": {
            "cash": 0.33,
            "stock": 0,
            "eps": 0.55
        },
        "2014": {
            "cash": 0.33,
            "stock": 0.12,
            "eps": 0.98
        },
        "2015": {
            "cash": 0.46,
            "stock": 0.2,
            "eps": 1.01
        },
        "2016": {
            "cash": 0.4,
            "stock": 0.35,
            "eps": 0.26
        },
        "2017": {
            "cash": 0.1,
            "stock": 0,
            "eps": 0.6
        },
        "2018": {
            "cash": 0.26,
            "stock": 0,
            "eps": 0.49
        }
    },
    "dividends": {
        "1995-04-14": {
            "cash": 0,
            "stock": 1.7
        },
        "1996-05-03": {
            "cash": 0,
            "stock": 0.6
        },
        "1997-04-21": {
            "cash": 0,
            "stock": 0.86
        },
        "1998-04-17": {
            "cash": 0,
            "stock": 2.5
        },
        "1999-04-01": {
            "cash": 0,
            "stock": 2.2
        },
        "2000-03-21": {
            "cash": 0,
            "stock": 2.2
        },
        "2001-04-30": {
            "cash": 0.34,
            "stock": 1.16
        },
        "2002-06-07": {
            "cash": 0.25,
            "stock": 0.75
        },
        "2003-04-30": {
            "cash": 0.22,
            "stock": 0.4
        },
        "2004-03-25": {
            "cash": 0.37,
            "stock": 0.47
        },
        "2005-03-23": {
            "cash": 0.31,
            "stock": 0.41
        },
        "2006-04-26": {
            "cash": 0.16,
            "stock": 0.34
        },
        "2007-04-19": {
            "cash": 0.35,
            "stock": 0.15
        },
        "2008-03-18": {
            "cash": 0.23,
            "stock": 0
        },
        "2010-03-18": {
            "cash": 0.65,
            "stock": 0
        },
        "2011-02-24": {
            "cash": 0.7,
            "stock": 0
        },
        "2012-03-15": {
            "cash": 0.3,
            "stock": 0
        },
        "2013-02-27": {
            "cash": 0.33,
            "stock": 0
        },
        "2014-08-26": {
            "cash": 0.33,
            "stock": 0.12
        },
        "2015-09-15": {
            "cash": 0.46,
            "stock": 0.2
        },
        "2016-09-10": {
            "cash": 0.4,
            "stock": 0.35
        },
        "2017-08-04": {
            "cash": 0.1,
            "stock": 0
        },
        "2018-08-03": {
            "cash": 0.26,
            "stock": 0
        }
    },
    "prices": {
        "200101": "無",
        "200102": "無",
        "200103": "無",
        "200104": "無",
        "200105": "無",
        "200106": "無",
        "200107": "無",
        "200108": "無",
        "200109": "無",
        "200110": "無",
        "200111": "無",
        "200112": "無",
        "200201": "無",
        "200202": "無",
        "200203": "無",
        "200204": "無",
        "200205": "無",
        "200206": "無",
        "200207": "無",
        "200208": "無",
        "200209": "9.95",
        "200210": "10.02",
        "200211": "10.32",
        "200212": "10.10",
        "200301": "11.47",
        "200302": "10.82",
        "200303": "10.60",
        "200304": "10.15",
        "200305": "9.50",
        "200306": "10.91",
        "200307": "11.52",
        "200308": "10.92",
        "200309": "10.60",
        "200310": "11.05",
        "200311": "10.74",
        "200312": "10.72",
        "200401": "12.87",
        "200402": "16.20",
        "200403": "17.15",
        "200404": "16.01",
        "200405": "12.80",
        "200406": "12.45",
        "200407": "11.72",
        "200408": "11.07",
        "200409": "12.13",
        "200410": "12.85",
        "200411": "12.92",
        "200412": "13.21",
        "200501": "12.84",
        "200502": "13.04",
        "200503": "13.13",
        "200504": "12.43",
        "200505": "12.05",
        "200506": "12.74",
        "200507": "13.30",
        "200508": "12.65",
        "200509": "11.96",
        "200510": "11.76",
        "200511": "12.24",
        "200512": "12.36",
        "200601": "12.73",
        "200602": "12.29",
        "200603": "12.11",
        "200604": "12.81",
        "200605": "13.38",
        "200606": "12.54",
        "200607": "12.63",
        "200608": "12.22",
        "200609": "12.12",
        "200610": "12.63",
        "200611": "12.82",
        "200612": "13.25",
        "200701": "13.91",
        "200702": "13.77",
        "200703": "13.23",
        "200704": "13.28",
        "200705": "13.09",
        "200706": "13.70",
        "200707": "16.71",
        "200708": "15.90",
        "200709": "16.30",
        "200710": "16.67",
        "200711": "14.71",
        "200712": "12.67",
        "200801": "12.77",
        "200802": "13.41",
        "200803": "14.48",
        "200804": "17.22",
        "200805": "16.10",
        "200806": "13.27",
        "200807": "11.12",
        "200808": "11.20",
        "200809": "9.05",
        "200810": "6.15",
        "200811": "6.54",
        "200812": "7.75",
        "200901": "7.11",
        "200902": "6.44",
        "200903": "7.24",
        "200904": "8.74",
        "200905": "12.07",
        "200906": "11.69",
        "200907": "12.17",
        "200908": "11.95",
        "200909": "12.44",
        "200910": "13.48",
        "200911": "13.08",
        "200912": "12.89",
        "201001": "13.90",
        "201002": "12.56",
        "201003": "13.03",
        "201004": "12.85",
        "201005": "11.52",
        "201006": "10.97",
        "201007": "11.89",
        "201008": "12.40",
        "201009": "12.13",
        "201010": "12.27",
        "201011": "12.18",
        "201012": "12.88",
        "201101": "13.36",
        "201102": "12.85",
        "201103": "12.48",
        "201104": "12.75",
        "201105": "12.83",
        "201106": "12.85",
        "201107": "12.64",
        "201108": "11.62",
        "201109": "10.85",
        "201110": "10.56",
        "201111": "10.36",
        "201112": "9.64",
        "201201": "9.09",
        "201202": "10.60",
        "201203": "10.61",
        "201204": "9.88",
        "201205": "9.06",
        "201206": "8.85",
        "201207": "8.96",
        "201208": "9.18",
        "201209": "9.30",
        "201210": "8.90",
        "201211": "8.50",
        "201212": "9.23",
        "201301": "9.34",
        "201302": "9.78",
        "201303": "9.58",
        "201304": "9.22",
        "201305": "9.83",
        "201306": "10.17",
        "201307": "9.93",
        "201308": "9.32",
        "201309": "9.61",
        "201310": "9.79",
        "201311": "9.60",
        "201312": "9.82",
        "201401": "10.58",
        "201402": "10.07",
        "201403": "10.20",
        "201404": "10.09",
        "201405": "9.99",
        "201406": "10.39",
        "201407": "10.75",
        "201408": "10.18",
        "201409": "10.11",
        "201410": "9.71",
        "201411": "9.54",
        "201412": "9.88",
        "201501": "10.15",
        "201502": "10.38",
        "201503": "10.32",
        "201504": "10.84",
        "201505": "11.01",
        "201506": "10.25",
        "201507": "9.77",
        "201508": "8.58",
        "201509": "8.46",
        "201510": "9.09",
        "201511": "9.39",
        "201512": "9.24",
        "201601": "8.87",
        "201602": "8.87",
        "201603": "9.25",
        "201604": "9.03",
        "201605": "8.66",
        "201606": "8.72",
        "201607": "8.93",
        "201608": "8.57",
        "201609": "8.31",
        "201610": "8.14",
        "201611": "8.11",
        "201612": "8.49",
        "201701": "8.67",
        "201702": "9.03",
        "201703": "8.96",
        "201704": "8.50",
        "201705": "8.28",
        "201706": "8.16",
        "201707": "8.17",
        "201708": "8.14",
        "201709": "8.42",
        "201710": "8.45",
        "201711": "8.50",
        "201712": "8.65",
        "201801": "8.89",
        "201802": "8.83",
        "201803": "9.33",
        "201804": "9.94",
        "201805": "11.08",
        "201806": "11.00",
        "201807": "10.40",
        "201808": "10.69",
        "201809": "11.27",
        "201810": "無",
        "201811": "無",
        "201812": "無",
        "201901": "無",
        "201902": "無",
        "201903": "無",
        "201904": "無",
        "201905": "無",
        "201906": "無",
        "201907": "無",
        "201908": "無",
        "201909": "無",
        "201910": "無",
        "201911": "無",
        "201912": "無",
        "202001": "無",
        "202002": "無",
        "202003": "無",
        "202004": "無",
        "202005": "無",
        "202006": "無",
        "202007": "無",
        "202008": "無",
        "202009": "無",
        "202010": "無",
        "202011": "無",
        "202012": "無",
        "202101": "無",
        "202102": "無",
        "202103": "無",
        "202104": "無",
        "202105": "無",
        "202106": "無",
        "202107": "無",
        "202108": "無",
        "202109": "無",
        "202110": "無",
        "202111": "無",
        "202112": "無",
        "202201": "無",
        "202202": "無",
        "202203": "無",
        "202204": "無",
        "202205": "無",
        "202206": "無",
        "202207": "無",
        "202208": "無",
        "202209": "無",
        "202210": "無",
        "202211": "無",
        "202212": "無",
        "202301": "無",
        "202302": "無",
        "202303": "無",
        "202304": "無",
        "202305": "無",
        "202306": "無",
        "202307": "無",
        "202308": "無",
        "202309": "無"
    },
    "quarters": {
        "20011": {
            "year_quarter": 20011,
            "year": 2001,
            "quarter": 1,
            "eps": null,
            "eps_growth_year": null,
            "eps_4q": null,
            "eps_4q_growth_year": null,
            "roe": null,
            "roe_4q": 0,
            "gross_profit": null,
            "gross_margin": null,
            "gross_margin_4q_avg": 0,
            "net_income": null,
            "revenue": null,
            "common_shares": null,
            "book_valuer_per_share": null,
            "book_valuer_per_share_4q_avg": 0,
            "equity": null,
            "current_ratio": null,
            "debt_ratio": null,
            "inventory_turnover_ratio": null,
            "account_receivable_turnover_ratio": null,
            "reinvestment_rate": null,
            "research_to_sale_ratio": null,
            "price_fair": 0,
            "eps_avg_yearly": 0,
            "eps_latest_yearly": 0,
            "eps_growth_yearly": 0
        },
        "20012": {
            "year_quarter": 20012,
            "year": 2001,
            "quarter": 2,
            "eps": null,
            "eps_growth_year": null,
            "eps_4q": null,
            "eps_4q_growth_year": null,
            "roe": null,
            "roe_4q": 0,
            "gross_profit": null,
            "gross_margin": null,
            "gross_margin_4q_avg": 0,
            "net_income": null,
            "revenue": null,
            "common_shares": null,
            "book_valuer_per_share": null,
            "book_valuer_per_share_4q_avg": 0,
            "equity": null,
            "current_ratio": null,
            "debt_ratio": null,
            "inventory_turnover_ratio": null,
            "account_receivable_turnover_ratio": null,
            "reinvestment_rate": null,
            "research_to_sale_ratio": null,
            "price_fair": 0,
            "eps_avg_yearly": 0,
            "eps_latest_yearly": 0,
            "eps_growth_yearly": 0
        },
        "20013": {
            "year_quarter": 20013,
            "year": 2001,
            "quarter": 3,
            "eps": null,
            "eps_growth_year": null,
            "eps_4q": null,
            "eps_4q_growth_year": null,
            "roe": null,
            "roe_4q": 0,
            "gross_profit": null,
            "gross_margin": null,
            "gross_margin_4q_avg": 0,
            "net_income": null,
            "revenue": null,
            "common_shares": null,
            "book_valuer_per_share": null,
            "book_valuer_per_share_4q_avg": 0,
            "equity": null,
            "current_ratio": null,
            "debt_ratio": null,
            "inventory_turnover_ratio": null,
            "account_receivable_turnover_ratio": null,
            "reinvestment_rate": null,
            "research_to_sale_ratio": null,
            "price_fair": 0,
            "eps_avg_yearly": 0,
            "eps_latest_yearly": 0,
            "eps_growth_yearly": 0
        },
        "20014": {
            "year_quarter": 20014,
            "year": 2001,
            "quarter": 4,
            "eps": null,
            "eps_growth_year": null,
            "eps_4q": null,
            "eps_4q_growth_year": null,
            "roe": null,
            "roe_4q": 0,
            "gross_profit": null,
            "gross_margin": null,
            "gross_margin_4q_avg": 0,
            "net_income": null,
            "revenue": null,
            "common_shares": null,
            "book_valuer_per_share": null,
            "book_valuer_per_share_4q_avg": 0,
            "equity": null,
            "current_ratio": null,
            "debt_ratio": null,
            "inventory_turnover_ratio": null,
            "account_receivable_turnover_ratio": null,
            "reinvestment_rate": null,
            "research_to_sale_ratio": null,
            "price_fair": 0,
            "eps_avg_yearly": 0,
            "eps_latest_yearly": 0,
            "eps_growth_yearly": 0
        },
        "20021": {
            "year_quarter": 20021,
            "year": 2002,
            "quarter": 1,
            "eps": null,
            "eps_growth_year": null,
            "eps_4q": null,
            "eps_4q_growth_year": null,
            "roe": null,
            "roe_4q": 0,
            "gross_profit": null,
            "gross_margin": null,
            "gross_margin_4q_avg": 0,
            "net_income": null,
            "revenue": null,
            "common_shares": null,
            "book_valuer_per_share": null,
            "book_valuer_per_share_4q_avg": 0,
            "equity": null,
            "current_ratio": null,
            "debt_ratio": null,
            "inventory_turnover_ratio": null,
            "account_receivable_turnover_ratio": null,
            "reinvestment_rate": null,
            "research_to_sale_ratio": null,
            "price_fair": 0,
            "eps_avg_yearly": 0,
            "eps_latest_yearly": 0,
            "eps_growth_yearly": 0
        },
        "20022": {
            "year_quarter": 20022,
            "year": 2002,
            "quarter": 2,
            "eps": null,
            "eps_growth_year": null,
            "eps_4q": null,
            "eps_4q_growth_year": null,
            "roe": null,
            "roe_4q": 0,
            "gross_profit": null,
            "gross_margin": null,
            "gross_margin_4q_avg": 0,
            "net_income": null,
            "revenue": null,
            "common_shares": null,
            "book_valuer_per_share": null,
            "book_valuer_per_share_4q_avg": 0,
            "equity": null,
            "current_ratio": null,
            "debt_ratio": null,
            "inventory_turnover_ratio": null,
            "account_receivable_turnover_ratio": null,
            "reinvestment_rate": null,
            "research_to_sale_ratio": null,
            "price_fair": 0,
            "eps_avg_yearly": 0,
            "eps_latest_yearly": 0,
            "eps_growth_yearly": 0
        },
        "20023": {
            "year_quarter": 20023,
            "year": 2002,
            "quarter": 3,
            "eps": null,
            "eps_growth_year": null,
            "eps_4q": null,
            "eps_4q_growth_year": null,
            "roe": null,
            "roe_4q": 0,
            "gross_profit": null,
            "gross_margin": null,
            "gross_margin_4q_avg": 0,
            "net_income": null,
            "revenue": null,
            "common_shares": null,
            "book_valuer_per_share": null,
            "book_valuer_per_share_4q_avg": 0,
            "equity": null,
            "current_ratio": null,
            "debt_ratio": null,
            "inventory_turnover_ratio": null,
            "account_receivable_turnover_ratio": null,
            "reinvestment_rate": null,
            "research_to_sale_ratio": null,
            "price_fair": 0,
            "eps_avg_yearly": 0,
            "eps_latest_yearly": 0,
            "eps_growth_yearly": 0
        },
        "20024": {
            "year_quarter": 20024,
            "year": 2002,
            "quarter": 4,
            "eps": null,
            "eps_growth_year": null,
            "eps_4q": null,
            "eps_4q_growth_year": null,
            "roe": null,
            "roe_4q": 0,
            "gross_profit": null,
            "gross_margin": null,
            "gross_margin_4q_avg": 0,
            "net_income": null,
            "revenue": null,
            "common_shares": null,
            "book_valuer_per_share": null,
            "book_valuer_per_share_4q_avg": 0,
            "equity": null,
            "current_ratio": null,
            "debt_ratio": null,
            "inventory_turnover_ratio": null,
            "account_receivable_turnover_ratio": null,
            "reinvestment_rate": null,
            "research_to_sale_ratio": null,
            "price_fair": 0,
            "eps_avg_yearly": 0,
            "eps_latest_yearly": 0,
            "eps_growth_yearly": 0
        },
        "20031": {
            "year_quarter": 20031,
            "year": 2003,
            "quarter": 1,
            "eps": null,
            "eps_growth_year": null,
            "eps_4q": null,
            "eps_4q_growth_year": null,
            "roe": null,
            "roe_4q": 0,
            "gross_profit": null,
            "gross_margin": null,
            "gross_margin_4q_avg": 0,
            "net_income": null,
            "revenue": null,
            "common_shares": null,
            "book_valuer_per_share": null,
            "book_valuer_per_share_4q_avg": 0,
            "equity": null,
            "current_ratio": null,
            "debt_ratio": null,
            "inventory_turnover_ratio": null,
            "account_receivable_turnover_ratio": null,
            "reinvestment_rate": null,
            "research_to_sale_ratio": null,
            "price_fair": 0,
            "eps_avg_yearly": 0,
            "eps_latest_yearly": 0,
            "eps_growth_yearly": 0
        },
        "20032": {
            "year_quarter": 20032,
            "year": 2003,
            "quarter": 2,
            "eps": null,
            "eps_growth_year": null,
            "eps_4q": null,
            "eps_4q_growth_year": null,
            "roe": null,
            "roe_4q": 0,
            "gross_profit": null,
            "gross_margin": null,
            "gross_margin_4q_avg": 0,
            "net_income": null,
            "revenue": null,
            "common_shares": null,
            "book_valuer_per_share": null,
            "book_valuer_per_share_4q_avg": 0,
            "equity": null,
            "current_ratio": null,
            "debt_ratio": null,
            "inventory_turnover_ratio": null,
            "account_receivable_turnover_ratio": null,
            "reinvestment_rate": null,
            "research_to_sale_ratio": null,
            "price_fair": 0,
            "eps_avg_yearly": 0,
            "eps_latest_yearly": 0,
            "eps_growth_yearly": 0
        },
        "20033": {
            "year_quarter": 20033,
            "year": 2003,
            "quarter": 3,
            "eps": null,
            "eps_growth_year": null,
            "eps_4q": null,
            "eps_4q_growth_year": null,
            "roe": null,
            "roe_4q": 0,
            "gross_profit": null,
            "gross_margin": null,
            "gross_margin_4q_avg": 0,
            "net_income": null,
            "revenue": null,
            "common_shares": null,
            "book_valuer_per_share": null,
            "book_valuer_per_share_4q_avg": 0,
            "equity": null,
            "current_ratio": null,
            "debt_ratio": null,
            "inventory_turnover_ratio": null,
            "account_receivable_turnover_ratio": null,
            "reinvestment_rate": null,
            "research_to_sale_ratio": null,
            "price_fair": 0,
            "eps_avg_yearly": 0,
            "eps_latest_yearly": 0,
            "eps_growth_yearly": 0
        },
        "20034": {
            "year_quarter": 20034,
            "year": 2003,
            "quarter": 4,
            "eps": null,
            "eps_growth_year": null,
            "eps_4q": null,
            "eps_4q_growth_year": null,
            "roe": null,
            "roe_4q": 0,
            "gross_profit": null,
            "gross_margin": null,
            "gross_margin_4q_avg": 0,
            "net_income": null,
            "revenue": null,
            "common_shares": null,
            "book_valuer_per_share": null,
            "book_valuer_per_share_4q_avg": 0,
            "equity": null,
            "current_ratio": null,
            "debt_ratio": null,
            "inventory_turnover_ratio": null,
            "account_receivable_turnover_ratio": null,
            "reinvestment_rate": null,
            "research_to_sale_ratio": null,
            "price_fair": 0,
            "eps_avg_yearly": 0,
            "eps_latest_yearly": 0,
            "eps_growth_yearly": 0
        },
        "20041": {
            "year_quarter": 20041,
            "year": 2004,
            "quarter": 1,
            "eps": null,
            "eps_growth_year": null,
            "eps_4q": null,
            "eps_4q_growth_year": null,
            "roe": null,
            "roe_4q": 0,
            "gross_profit": null,
            "gross_margin": null,
            "gross_margin_4q_avg": 0,
            "net_income": null,
            "revenue": null,
            "common_shares": null,
            "book_valuer_per_share": null,
            "book_valuer_per_share_4q_avg": 0,
            "equity": null,
            "current_ratio": null,
            "debt_ratio": null,
            "inventory_turnover_ratio": null,
            "account_receivable_turnover_ratio": null,
            "reinvestment_rate": null,
            "research_to_sale_ratio": null,
            "price_fair": 0,
            "eps_avg_yearly": 0,
            "eps_latest_yearly": 0,
            "eps_growth_yearly": 0
        },
        "20042": {
            "year_quarter": 20042,
            "year": 2004,
            "quarter": 2,
            "eps": null,
            "eps_growth_year": null,
            "eps_4q": null,
            "eps_4q_growth_year": null,
            "roe": null,
            "roe_4q": 0,
            "gross_profit": null,
            "gross_margin": null,
            "gross_margin_4q_avg": 0,
            "net_income": null,
            "revenue": null,
            "common_shares": null,
            "book_valuer_per_share": null,
            "book_valuer_per_share_4q_avg": 0,
            "equity": null,
            "current_ratio": null,
            "debt_ratio": null,
            "inventory_turnover_ratio": null,
            "account_receivable_turnover_ratio": null,
            "reinvestment_rate": null,
            "research_to_sale_ratio": null,
            "price_fair": 0,
            "eps_avg_yearly": 0,
            "eps_latest_yearly": 0,
            "eps_growth_yearly": 0
        },
        "20043": {
            "year_quarter": 20043,
            "year": 2004,
            "quarter": 3,
            "eps": null,
            "eps_growth_year": null,
            "eps_4q": null,
            "eps_4q_growth_year": null,
            "roe": null,
            "roe_4q": 0,
            "gross_profit": null,
            "gross_margin": null,
            "gross_margin_4q_avg": 0,
            "net_income": null,
            "revenue": null,
            "common_shares": null,
            "book_valuer_per_share": null,
            "book_valuer_per_share_4q_avg": 0,
            "equity": null,
            "current_ratio": null,
            "debt_ratio": null,
            "inventory_turnover_ratio": null,
            "account_receivable_turnover_ratio": null,
            "reinvestment_rate": null,
            "research_to_sale_ratio": null,
            "price_fair": 0,
            "eps_avg_yearly": 0,
            "eps_latest_yearly": 0,
            "eps_growth_yearly": 0
        },
        "20044": {
            "year_quarter": 20044,
            "year": 2004,
            "quarter": 4,
            "eps": null,
            "eps_growth_year": null,
            "eps_4q": null,
            "eps_4q_growth_year": null,
            "roe": null,
            "roe_4q": 0,
            "gross_profit": null,
            "gross_margin": null,
            "gross_margin_4q_avg": 0,
            "net_income": null,
            "revenue": null,
            "common_shares": null,
            "book_valuer_per_share": null,
            "book_valuer_per_share_4q_avg": 0,
            "equity": null,
            "current_ratio": null,
            "debt_ratio": null,
            "inventory_turnover_ratio": null,
            "account_receivable_turnover_ratio": null,
            "reinvestment_rate": null,
            "research_to_sale_ratio": null,
            "price_fair": 0,
            "eps_avg_yearly": 0,
            "eps_latest_yearly": 0,
            "eps_growth_yearly": 0
        },
        "20051": {
            "year_quarter": 20051,
            "year": 2005,
            "quarter": 1,
            "eps": null,
            "eps_growth_year": null,
            "eps_4q": null,
            "eps_4q_growth_year": null,
            "roe": null,
            "roe_4q": 0,
            "gross_profit": null,
            "gross_margin": null,
            "gross_margin_4q_avg": 0,
            "net_income": null,
            "revenue": null,
            "common_shares": null,
            "book_valuer_per_share": null,
            "book_valuer_per_share_4q_avg": 0,
            "equity": null,
            "current_ratio": null,
            "debt_ratio": null,
            "inventory_turnover_ratio": null,
            "account_receivable_turnover_ratio": null,
            "reinvestment_rate": null,
            "research_to_sale_ratio": null,
            "price_fair": 0,
            "eps_avg_yearly": 0,
            "eps_latest_yearly": 0,
            "eps_growth_yearly": 0
        },
        "20052": {
            "year_quarter": 20052,
            "year": 2005,
            "quarter": 2,
            "eps": null,
            "eps_growth_year": null,
            "eps_4q": null,
            "eps_4q_growth_year": null,
            "roe": null,
            "roe_4q": 0,
            "gross_profit": null,
            "gross_margin": null,
            "gross_margin_4q_avg": 0,
            "net_income": null,
            "revenue": null,
            "common_shares": null,
            "book_valuer_per_share": null,
            "book_valuer_per_share_4q_avg": 0,
            "equity": null,
            "current_ratio": null,
            "debt_ratio": null,
            "inventory_turnover_ratio": null,
            "account_receivable_turnover_ratio": null,
            "reinvestment_rate": null,
            "research_to_sale_ratio": null,
            "price_fair": 0,
            "eps_avg_yearly": 0,
            "eps_latest_yearly": 0,
            "eps_growth_yearly": 0
        },
        "20053": {
            "year_quarter": 20053,
            "year": 2005,
            "quarter": 3,
            "eps": null,
            "eps_growth_year": null,
            "eps_4q": null,
            "eps_4q_growth_year": null,
            "roe": null,
            "roe_4q": 0,
            "gross_profit": null,
            "gross_margin": null,
            "gross_margin_4q_avg": 0,
            "net_income": null,
            "revenue": null,
            "common_shares": null,
            "book_valuer_per_share": null,
            "book_valuer_per_share_4q_avg": 0,
            "equity": null,
            "current_ratio": null,
            "debt_ratio": null,
            "inventory_turnover_ratio": null,
            "account_receivable_turnover_ratio": null,
            "reinvestment_rate": null,
            "research_to_sale_ratio": null,
            "price_fair": 0,
            "eps_avg_yearly": 0,
            "eps_latest_yearly": 0,
            "eps_growth_yearly": 0
        },
        "20054": {
            "year_quarter": 20054,
            "year": 2005,
            "quarter": 4,
            "eps": null,
            "eps_growth_year": null,
            "eps_4q": null,
            "eps_4q_growth_year": null,
            "roe": null,
            "roe_4q": 0,
            "gross_profit": null,
            "gross_margin": null,
            "gross_margin_4q_avg": 0,
            "net_income": null,
            "revenue": null,
            "common_shares": null,
            "book_valuer_per_share": null,
            "book_valuer_per_share_4q_avg": 0,
            "equity": null,
            "current_ratio": null,
            "debt_ratio": null,
            "inventory_turnover_ratio": null,
            "account_receivable_turnover_ratio": null,
            "reinvestment_rate": null,
            "research_to_sale_ratio": null,
            "price_fair": 0,
            "eps_avg_yearly": 0,
            "eps_latest_yearly": 0,
            "eps_growth_yearly": 0
        },
        "20061": {
            "year_quarter": 20061,
            "year": 2006,
            "quarter": 1,
            "eps": null,
            "eps_growth_year": null,
            "eps_4q": null,
            "eps_4q_growth_year": null,
            "roe": null,
            "roe_4q": 0,
            "gross_profit": null,
            "gross_margin": null,
            "gross_margin_4q_avg": 0,
            "net_income": null,
            "revenue": null,
            "common_shares": null,
            "book_valuer_per_share": null,
            "book_valuer_per_share_4q_avg": 0,
            "equity": null,
            "current_ratio": null,
            "debt_ratio": null,
            "inventory_turnover_ratio": null,
            "account_receivable_turnover_ratio": null,
            "reinvestment_rate": null,
            "research_to_sale_ratio": null,
            "price_fair": 0,
            "eps_avg_yearly": 0,
            "eps_latest_yearly": 0,
            "eps_growth_yearly": 0
        },
        "20062": {
            "year_quarter": 20062,
            "year": 2006,
            "quarter": 2,
            "eps": null,
            "eps_growth_year": null,
            "eps_4q": null,
            "eps_4q_growth_year": null,
            "roe": null,
            "roe_4q": 0,
            "gross_profit": null,
            "gross_margin": null,
            "gross_margin_4q_avg": 0,
            "net_income": null,
            "revenue": null,
            "common_shares": null,
            "book_valuer_per_share": null,
            "book_valuer_per_share_4q_avg": 0,
            "equity": null,
            "current_ratio": null,
            "debt_ratio": null,
            "inventory_turnover_ratio": null,
            "account_receivable_turnover_ratio": null,
            "reinvestment_rate": null,
            "research_to_sale_ratio": null,
            "price_fair": 0,
            "eps_avg_yearly": 0,
            "eps_latest_yearly": 0,
            "eps_growth_yearly": 0
        },
        "20063": {
            "year_quarter": 20063,
            "year": 2006,
            "quarter": 3,
            "eps": null,
            "eps_growth_year": null,
            "eps_4q": null,
            "eps_4q_growth_year": null,
            "roe": null,
            "roe_4q": 0,
            "gross_profit": null,
            "gross_margin": null,
            "gross_margin_4q_avg": 0,
            "net_income": null,
            "revenue": null,
            "common_shares": null,
            "book_valuer_per_share": null,
            "book_valuer_per_share_4q_avg": 0,
            "equity": null,
            "current_ratio": null,
            "debt_ratio": null,
            "inventory_turnover_ratio": null,
            "account_receivable_turnover_ratio": null,
            "reinvestment_rate": null,
            "research_to_sale_ratio": null,
            "price_fair": 0,
            "eps_avg_yearly": 0,
            "eps_latest_yearly": 0,
            "eps_growth_yearly": 0
        },
        "20064": {
            "year_quarter": 20064,
            "year": 2006,
            "quarter": 4,
            "eps": null,
            "eps_growth_year": null,
            "eps_4q": null,
            "eps_4q_growth_year": null,
            "roe": null,
            "roe_4q": 0,
            "gross_profit": null,
            "gross_margin": null,
            "gross_margin_4q_avg": 0,
            "net_income": null,
            "revenue": null,
            "common_shares": null,
            "book_valuer_per_share": null,
            "book_valuer_per_share_4q_avg": 0,
            "equity": null,
            "current_ratio": null,
            "debt_ratio": null,
            "inventory_turnover_ratio": null,
            "account_receivable_turnover_ratio": null,
            "reinvestment_rate": null,
            "research_to_sale_ratio": null,
            "price_fair": 0,
            "eps_avg_yearly": 0,
            "eps_latest_yearly": 0,
            "eps_growth_yearly": 0
        },
        "20071": {
            "year_quarter": 20071,
            "year": 2007,
            "quarter": 1,
            "eps": null,
            "eps_growth_year": null,
            "eps_4q": null,
            "eps_4q_growth_year": null,
            "roe": null,
            "roe_4q": 0,
            "gross_profit": null,
            "gross_margin": null,
            "gross_margin_4q_avg": 0,
            "net_income": null,
            "revenue": null,
            "common_shares": null,
            "book_valuer_per_share": null,
            "book_valuer_per_share_4q_avg": 0,
            "equity": null,
            "current_ratio": null,
            "debt_ratio": null,
            "inventory_turnover_ratio": null,
            "account_receivable_turnover_ratio": null,
            "reinvestment_rate": null,
            "research_to_sale_ratio": null,
            "price_fair": 0,
            "eps_avg_yearly": 0,
            "eps_latest_yearly": 0,
            "eps_growth_yearly": 0
        },
        "20072": {
            "year_quarter": 20072,
            "year": 2007,
            "quarter": 2,
            "eps": null,
            "eps_growth_year": null,
            "eps_4q": null,
            "eps_4q_growth_year": null,
            "roe": null,
            "roe_4q": 0,
            "gross_profit": null,
            "gross_margin": null,
            "gross_margin_4q_avg": 0,
            "net_income": null,
            "revenue": null,
            "common_shares": null,
            "book_valuer_per_share": null,
            "book_valuer_per_share_4q_avg": 0,
            "equity": null,
            "current_ratio": null,
            "debt_ratio": null,
            "inventory_turnover_ratio": null,
            "account_receivable_turnover_ratio": null,
            "reinvestment_rate": null,
            "research_to_sale_ratio": null,
            "price_fair": 0,
            "eps_avg_yearly": 0,
            "eps_latest_yearly": 0,
            "eps_growth_yearly": 0
        },
        "20073": {
            "year_quarter": 20073,
            "year": 2007,
            "quarter": 3,
            "eps": null,
            "eps_growth_year": null,
            "eps_4q": null,
            "eps_4q_growth_year": null,
            "roe": null,
            "roe_4q": 0,
            "gross_profit": null,
            "gross_margin": null,
            "gross_margin_4q_avg": 0,
            "net_income": null,
            "revenue": null,
            "common_shares": null,
            "book_valuer_per_share": null,
            "book_valuer_per_share_4q_avg": 0,
            "equity": null,
            "current_ratio": null,
            "debt_ratio": null,
            "inventory_turnover_ratio": null,
            "account_receivable_turnover_ratio": null,
            "reinvestment_rate": null,
            "research_to_sale_ratio": null,
            "price_fair": 0,
            "eps_avg_yearly": 0,
            "eps_latest_yearly": 0,
            "eps_growth_yearly": 0
        },
        "20074": {
            "year_quarter": 20074,
            "year": 2007,
            "quarter": 4,
            "eps": null,
            "eps_growth_year": null,
            "eps_4q": null,
            "eps_4q_growth_year": null,
            "roe": null,
            "roe_4q": 0,
            "gross_profit": null,
            "gross_margin": null,
            "gross_margin_4q_avg": 0,
            "net_income": null,
            "revenue": null,
            "common_shares": null,
            "book_valuer_per_share": null,
            "book_valuer_per_share_4q_avg": 0,
            "equity": null,
            "current_ratio": null,
            "debt_ratio": null,
            "inventory_turnover_ratio": null,
            "account_receivable_turnover_ratio": null,
            "reinvestment_rate": null,
            "research_to_sale_ratio": null,
            "price_fair": 0,
            "eps_avg_yearly": 0,
            "eps_latest_yearly": 0,
            "eps_growth_yearly": 0
        },
        "20081": {
            "year_quarter": 20081,
            "year": 2008,
            "quarter": 1,
            "eps": null,
            "eps_growth_year": null,
            "eps_4q": null,
            "eps_4q_growth_year": null,
            "roe": null,
            "roe_4q": 0,
            "gross_profit": null,
            "gross_margin": null,
            "gross_margin_4q_avg": 0,
            "net_income": null,
            "revenue": null,
            "common_shares": null,
            "book_valuer_per_share": null,
            "book_valuer_per_share_4q_avg": 0,
            "equity": null,
            "current_ratio": null,
            "debt_ratio": null,
            "inventory_turnover_ratio": null,
            "account_receivable_turnover_ratio": null,
            "reinvestment_rate": null,
            "research_to_sale_ratio": null,
            "price_fair": 0,
            "eps_avg_yearly": 0,
            "eps_latest_yearly": 0,
            "eps_growth_yearly": 0
        },
        "20082": {
            "year_quarter": 20082,
            "year": 2008,
            "quarter": 2,
            "eps": null,
            "eps_growth_year": null,
            "eps_4q": null,
            "eps_4q_growth_year": null,
            "roe": null,
            "roe_4q": 0,
            "gross_profit": null,
            "gross_margin": null,
            "gross_margin_4q_avg": 0,
            "net_income": null,
            "revenue": null,
            "common_shares": null,
            "book_valuer_per_share": null,
            "book_valuer_per_share_4q_avg": 0,
            "equity": null,
            "current_ratio": null,
            "debt_ratio": null,
            "inventory_turnover_ratio": null,
            "account_receivable_turnover_ratio": null,
            "reinvestment_rate": null,
            "research_to_sale_ratio": null,
            "price_fair": 0,
            "eps_avg_yearly": 0,
            "eps_latest_yearly": 0,
            "eps_growth_yearly": 0
        },
        "20083": {
            "year_quarter": 20083,
            "year": 2008,
            "quarter": 3,
            "eps": null,
            "eps_growth_year": null,
            "eps_4q": null,
            "eps_4q_growth_year": null,
            "roe": null,
            "roe_4q": 0,
            "gross_profit": null,
            "gross_margin": null,
            "gross_margin_4q_avg": 0,
            "net_income": null,
            "revenue": null,
            "common_shares": null,
            "book_valuer_per_share": null,
            "book_valuer_per_share_4q_avg": 0,
            "equity": null,
            "current_ratio": null,
            "debt_ratio": null,
            "inventory_turnover_ratio": null,
            "account_receivable_turnover_ratio": null,
            "reinvestment_rate": null,
            "research_to_sale_ratio": null,
            "price_fair": 0,
            "eps_avg_yearly": 0,
            "eps_latest_yearly": 0,
            "eps_growth_yearly": 0
        },
        "20084": {
            "year_quarter": 20084,
            "year": 2008,
            "quarter": 4,
            "eps": null,
            "eps_growth_year": null,
            "eps_4q": null,
            "eps_4q_growth_year": null,
            "roe": null,
            "roe_4q": 0,
            "gross_profit": null,
            "gross_margin": null,
            "gross_margin_4q_avg": 0,
            "net_income": null,
            "revenue": null,
            "common_shares": 13988726,
            "book_valuer_per_share": null,
            "book_valuer_per_share_4q_avg": 0,
            "equity": 15634161,
            "current_ratio": null,
            "debt_ratio": null,
            "inventory_turnover_ratio": null,
            "account_receivable_turnover_ratio": null,
            "reinvestment_rate": null,
            "research_to_sale_ratio": null,
            "price_fair": 0,
            "eps_avg_yearly": 0,
            "eps_latest_yearly": 0,
            "eps_growth_yearly": 0
        },
        "20091": {
            "year_quarter": 20091,
            "year": 2009,
            "quarter": 1,
            "eps": null,
            "eps_growth_year": null,
            "eps_4q": null,
            "eps_4q_growth_year": null,
            "roe": null,
            "roe_4q": 0,
            "gross_profit": null,
            "gross_margin": null,
            "gross_margin_4q_avg": 0,
            "net_income": 183384,
            "revenue": 1869653,
            "common_shares": 13988726,
            "book_valuer_per_share": null,
            "book_valuer_per_share_4q_avg": 0,
            "equity": 15910539,
            "current_ratio": null,
            "debt_ratio": null,
            "inventory_turnover_ratio": null,
            "account_receivable_turnover_ratio": null,
            "reinvestment_rate": null,
            "research_to_sale_ratio": null,
            "price_fair": 0,
            "eps_avg_yearly": 0,
            "eps_latest_yearly": 0,
            "eps_growth_yearly": 0
        },
        "20092": {
            "year_quarter": 20092,
            "year": 2009,
            "quarter": 2,
            "eps": null,
            "eps_growth_year": null,
            "eps_4q": null,
            "eps_4q_growth_year": null,
            "roe": null,
            "roe_4q": 0,
            "gross_profit": null,
            "gross_margin": null,
            "gross_margin_4q_avg": 0,
            "net_income": 309466,
            "revenue": 5277793,
            "common_shares": 13903536,
            "book_valuer_per_share": null,
            "book_valuer_per_share_4q_avg": 0,
            "equity": 16390077,
            "current_ratio": null,
            "debt_ratio": null,
            "inventory_turnover_ratio": null,
            "account_receivable_turnover_ratio": null,
            "reinvestment_rate": null,
            "research_to_sale_ratio": null,
            "price_fair": 0,
            "eps_avg_yearly": 0,
            "eps_latest_yearly": 0,
            "eps_growth_yearly": 0
        },
        "20093": {
            "year_quarter": 20093,
            "year": 2009,
            "quarter": 3,
            "eps": null,
            "eps_growth_year": null,
            "eps_4q": null,
            "eps_4q_growth_year": null,
            "roe": null,
            "roe_4q": 0,
            "gross_profit": null,
            "gross_margin": null,
            "gross_margin_4q_avg": 0,
            "net_income": 456481,
            "revenue": 4002301,
            "common_shares": 13906869,
            "book_valuer_per_share": null,
            "book_valuer_per_share_4q_avg": 0,
            "equity": 16973000,
            "current_ratio": null,
            "debt_ratio": null,
            "inventory_turnover_ratio": null,
            "account_receivable_turnover_ratio": null,
            "reinvestment_rate": null,
            "research_to_sale_ratio": null,
            "price_fair": 0,
            "eps_avg_yearly": 0,
            "eps_latest_yearly": 0,
            "eps_growth_yearly": 0
        },
        "20094": {
            "year_quarter": 20094,
            "year": 2009,
            "quarter": 4,
            "eps": null,
            "eps_growth_year": null,
            "eps_4q": null,
            "eps_4q_growth_year": null,
            "roe": null,
            "roe_4q": 0,
            "gross_profit": null,
            "gross_margin": null,
            "gross_margin_4q_avg": 0,
            "net_income": 477242,
            "revenue": 2055909,
            "common_shares": 14147833,
            "book_valuer_per_share": 12.72,
            "book_valuer_per_share_4q_avg": 3.18,
            "equity": 17829864,
            "current_ratio": 130.27,
            "debt_ratio": 69.68,
            "inventory_turnover_ratio": null,
            "account_receivable_turnover_ratio": null,
            "reinvestment_rate": null,
            "research_to_sale_ratio": null,
            "price_fair": 0,
            "eps_avg_yearly": 0,
            "eps_latest_yearly": 0,
            "eps_growth_yearly": 0
        },
        "20101": {
            "year_quarter": 20101,
            "year": 2010,
            "quarter": 1,
            "eps": 0.22,
            "eps_growth_year": null,
            "eps_4q": 0.21,
            "eps_4q_growth_year": null,
            "roe": 1.7,
            "roe_4q": 1.7,
            "gross_profit": null,
            "gross_margin": null,
            "gross_margin_4q_avg": 0,
            "net_income": 313123,
            "revenue": 3775619,
            "common_shares": 14147833,
            "book_valuer_per_share": 13.4,
            "book_valuer_per_share_4q_avg": 6.53,
            "equity": 18941627,
            "current_ratio": 128.47,
            "debt_ratio": 71.61,
            "inventory_turnover_ratio": null,
            "account_receivable_turnover_ratio": 6.06,
            "reinvestment_rate": null,
            "research_to_sale_ratio": null,
            "price_fair": 0,
            "eps_avg_yearly": 0,
            "eps_latest_yearly": 0,
            "eps_growth_yearly": 0
        },
        "20102": {
            "year_quarter": 20102,
            "year": 2010,
            "quarter": 2,
            "eps": 0.14,
            "eps_growth_year": null,
            "eps_4q": 0.36,
            "eps_4q_growth_year": null,
            "roe": 1.13,
            "roe_4q": 2.83,
            "gross_profit": null,
            "gross_margin": null,
            "gross_margin_4q_avg": 0,
            "net_income": 208787,
            "revenue": 3895808,
            "common_shares": 14632217,
            "book_valuer_per_share": 12.4,
            "book_valuer_per_share_4q_avg": 9.63,
            "equity": 18140962,
            "current_ratio": 123.18,
            "debt_ratio": 75.09,
            "inventory_turnover_ratio": null,
            "account_receivable_turnover_ratio": 4.43,
            "reinvestment_rate": null,
            "research_to_sale_ratio": null,
            "price_fair": 1.68,
            "eps_avg_yearly": 0.56,
            "eps_latest_yearly": 0.56,
            "eps_growth_yearly": -145.45
        },
        "20103": {
            "year_quarter": 20103,
            "year": 2010,
            "quarter": 3,
            "eps": 0.41,
            "eps_growth_year": null,
            "eps_4q": 0.77,
            "eps_4q_growth_year": null,
            "roe": 3.28,
            "roe_4q": 6.11,
            "gross_profit": null,
            "gross_margin": null,
            "gross_margin_4q_avg": 0,
            "net_income": 606878,
            "revenue": 805408,
            "common_shares": 14632217,
            "book_valuer_per_share": 12.88,
            "book_valuer_per_share_4q_avg": 12.85,
            "equity": 18837527,
            "current_ratio": 123.15,
            "debt_ratio": 75.34,
            "inventory_turnover_ratio": null,
            "account_receivable_turnover_ratio": 0.88,
            "reinvestment_rate": null,
            "research_to_sale_ratio": null,
            "price_fair": 38.5,
            "eps_avg_yearly": 1.1,
            "eps_latest_yearly": 1.64,
            "eps_growth_yearly": 312.99
        },
        "20104": {
            "year_quarter": 20104,
            "year": 2010,
            "quarter": 4,
            "eps": 0.24,
            "eps_growth_year": null,
            "eps_4q": 1,
            "eps_4q_growth_year": null,
            "roe": 1.84,
            "roe_4q": 7.95,
            "gross_profit": null,
            "gross_margin": null,
            "gross_margin_4q_avg": 0,
            "net_income": 351579,
            "revenue": 1893963,
            "common_shares": 14664610,
            "book_valuer_per_share": 13.17,
            "book_valuer_per_share_4q_avg": 12.96,
            "equity": 19297561,
            "current_ratio": 121.3,
            "debt_ratio": 77.35,
            "inventory_turnover_ratio": null,
            "account_receivable_turnover_ratio": 2.27,
            "reinvestment_rate": null,
            "research_to_sale_ratio": null,
            "price_fair": 36.87,
            "eps_avg_yearly": 1.05,
            "eps_latest_yearly": 0.96,
            "eps_growth_yearly": 153.37
        },
        "20111": {
            "year_quarter": 20111,
            "year": 2011,
            "quarter": 1,
            "eps": 0.16,
            "eps_growth_year": -27.27,
            "eps_4q": 0.94,
            "eps_4q_growth_year": 336.82,
            "roe": 1.18,
            "roe_4q": 7.43,
            "gross_profit": null,
            "gross_margin": null,
            "gross_margin_4q_avg": 0,
            "net_income": 232773,
            "revenue": 3871028,
            "common_shares": 14762408,
            "book_valuer_per_share": 13.55,
            "book_valuer_per_share_4q_avg": 13,
            "equity": 20007144,
            "current_ratio": 129.1,
            "debt_ratio": 71.71,
            "inventory_turnover_ratio": null,
            "account_receivable_turnover_ratio": 4.71,
            "reinvestment_rate": null,
            "research_to_sale_ratio": null,
            "price_fair": 33.25,
            "eps_avg_yearly": 0.95,
            "eps_latest_yearly": 0.64,
            "eps_growth_yearly": 81.7
        },
        "20112": {
            "year_quarter": 20112,
            "year": 2011,
            "quarter": 2,
            "eps": 0.14,
            "eps_growth_year": -1.85,
            "eps_4q": 0.93,
            "eps_4q_growth_year": 159.25,
            "roe": 1.08,
            "roe_4q": 7.379999999999999,
            "gross_profit": null,
            "gross_margin": null,
            "gross_margin_4q_avg": 0,
            "net_income": 212610,
            "revenue": 3484671,
            "common_shares": 14965926,
            "book_valuer_per_share": 12.98,
            "book_valuer_per_share_4q_avg": 13.15,
            "equity": 19422322,
            "current_ratio": 127,
            "debt_ratio": 72.63,
            "inventory_turnover_ratio": null,
            "account_receivable_turnover_ratio": 4.05,
            "reinvestment_rate": null,
            "research_to_sale_ratio": null,
            "price_fair": 30.52,
            "eps_avg_yearly": 0.87,
            "eps_latest_yearly": 0.56,
            "eps_growth_yearly": 55.36
        },
        "20113": {
            "year_quarter": 20113,
            "year": 2011,
            "quarter": 3,
            "eps": 0.02,
            "eps_growth_year": -95.89,
            "eps_4q": 0.55,
            "eps_4q_growth_year": -28.77,
            "roe": 0.13,
            "roe_4q": 4.2299999999999995,
            "gross_profit": null,
            "gross_margin": null,
            "gross_margin_4q_avg": 0,
            "net_income": 25484,
            "revenue": 4017467,
            "common_shares": 15172685,
            "book_valuer_per_share": 12.81,
            "book_valuer_per_share_4q_avg": 13.13,
            "equity": 19054995,
            "current_ratio": 128.08,
            "debt_ratio": 72.21,
            "inventory_turnover_ratio": null,
            "account_receivable_turnover_ratio": 4.14,
            "reinvestment_rate": null,
            "research_to_sale_ratio": null,
            "price_fair": 2.22,
            "eps_avg_yearly": 0.74,
            "eps_latest_yearly": 0.08,
            "eps_growth_yearly": -11.01
        },
        "20114": {
            "year_quarter": 20114,
            "year": 2011,
            "quarter": 4,
            "eps": -0,
            "eps_growth_year": -100.85,
            "eps_4q": 0.31,
            "eps_4q_growth_year": -68.68,
            "roe": -0.02,
            "roe_4q": 2.37,
            "gross_profit": null,
            "gross_margin": null,
            "gross_margin_4q_avg": 0,
            "net_income": -2999,
            "revenue": 3112940,
            "common_shares": 15285724,
            "book_valuer_per_share": 12.7,
            "book_valuer_per_share_4q_avg": 13.01,
            "equity": 18925999,
            "current_ratio": 135.59,
            "debt_ratio": 66.94,
            "inventory_turnover_ratio": null,
            "account_receivable_turnover_ratio": 3.1,
            "reinvestment_rate": null,
            "research_to_sale_ratio": null,
            "price_fair": 2.22,
            "eps_avg_yearly": 0.74,
            "eps_latest_yearly": 0.08,
            "eps_growth_yearly": -11.01
        },
        "20121": {
            "year_quarter": 20121,
            "year": 2012,
            "quarter": 1,
            "eps": 0.26,
            "eps_growth_year": 62.5,
            "eps_4q": 0.42,
            "eps_4q_growth_year": -54.57,
            "roe": 2.07,
            "roe_4q": 3.26,
            "gross_profit": null,
            "gross_margin": null,
            "gross_margin_4q_avg": 0,
            "net_income": 398002,
            "revenue": 2082820,
            "common_shares": 15285724,
            "book_valuer_per_share": 13.07,
            "book_valuer_per_share_4q_avg": 12.89,
            "equity": 19467371,
            "current_ratio": 133.44,
            "debt_ratio": 68.94,
            "inventory_turnover_ratio": null,
            "account_receivable_turnover_ratio": 2.34,
            "reinvestment_rate": null,
            "research_to_sale_ratio": null,
            "price_fair": 2.22,
            "eps_avg_yearly": 0.74,
            "eps_latest_yearly": 0.08,
            "eps_growth_yearly": -11.01
        },
        "20122": {
            "year_quarter": 20122,
            "year": 2012,
            "quarter": 2,
            "eps": 0.01,
            "eps_growth_year": -91.75,
            "eps_4q": 0.29,
            "eps_4q_growth_year": -68.25,
            "roe": 0.09,
            "roe_4q": 2.2699999999999996,
            "gross_profit": null,
            "gross_margin": null,
            "gross_margin_4q_avg": 0,
            "net_income": 17222,
            "revenue": 3811349,
            "common_shares": 15285724,
            "book_valuer_per_share": 12.74,
            "book_valuer_per_share_4q_avg": 12.83,
            "equity": 18978500,
            "current_ratio": 130.6,
            "debt_ratio": 70.59,
            "inventory_turnover_ratio": null,
            "account_receivable_turnover_ratio": 4.53,
            "reinvestment_rate": null,
            "research_to_sale_ratio": null,
            "price_fair": 1.92,
            "eps_avg_yearly": 0.64,
            "eps_latest_yearly": 0.04,
            "eps_growth_yearly": -64.38
        },
        "20123": {
            "year_quarter": 20123,
            "year": 2012,
            "quarter": 3,
            "eps": 0.19,
            "eps_growth_year": 993.46,
            "eps_4q": 0.46,
            "eps_4q_growth_year": -15.71,
            "roe": 1.45,
            "roe_4q": 3.59,
            "gross_profit": null,
            "gross_margin": null,
            "gross_margin_4q_avg": 0,
            "net_income": 277100,
            "revenue": 3019797,
            "common_shares": 15285724,
            "book_valuer_per_share": 12.95,
            "book_valuer_per_share_4q_avg": 12.87,
            "equity": 19310039,
            "current_ratio": 126.89,
            "debt_ratio": 72.69,
            "inventory_turnover_ratio": null,
            "account_receivable_turnover_ratio": 3.42,
            "reinvestment_rate": null,
            "research_to_sale_ratio": null,
            "price_fair": 22.93,
            "eps_avg_yearly": 0.66,
            "eps_latest_yearly": 0.76,
            "eps_growth_yearly": 843.66
        },
        "20124": {
            "year_quarter": 20124,
            "year": 2012,
            "quarter": 4,
            "eps": 0.07,
            "eps_growth_year": null,
            "eps_4q": 0.54,
            "eps_4q_growth_year": 70.89,
            "roe": 0.56,
            "roe_4q": 4.17,
            "gross_profit": null,
            "gross_margin": null,
            "gross_margin_4q_avg": 0,
            "net_income": 107788,
            "revenue": 4453280,
            "common_shares": 15296593,
            "book_valuer_per_share": 13.06,
            "book_valuer_per_share_4q_avg": 12.96,
            "equity": 19472020,
            "current_ratio": 130.25,
            "debt_ratio": 70.62,
            "inventory_turnover_ratio": null,
            "account_receivable_turnover_ratio": 3.78,
            "reinvestment_rate": 3.88,
            "research_to_sale_ratio": null,
            "price_fair": 21.47,
            "eps_avg_yearly": 0.61,
            "eps_latest_yearly": 0.28,
            "eps_growth_yearly": 721.85
        },
        "20131": {
            "year_quarter": 20131,
            "year": 2013,
            "quarter": 1,
            "eps": 0.21,
            "eps_growth_year": -19.23,
            "eps_4q": 0.48,
            "eps_4q_growth_year": 13.72,
            "roe": 1.63,
            "roe_4q": 3.7299999999999995,
            "gross_profit": null,
            "gross_margin": null,
            "gross_margin_4q_avg": 0,
            "net_income": 320101,
            "revenue": 1220740,
            "common_shares": 15296593,
            "book_valuer_per_share": 13.26,
            "book_valuer_per_share_4q_avg": 13,
            "equity": 19768365,
            "current_ratio": 132.8,
            "debt_ratio": 69.36,
            "inventory_turnover_ratio": null,
            "account_receivable_turnover_ratio": 0.32,
            "reinvestment_rate": 25.76,
            "research_to_sale_ratio": null,
            "price_fair": 22.26,
            "eps_avg_yearly": 0.64,
            "eps_latest_yearly": 0.84,
            "eps_growth_yearly": 729.67
        },
        "20132": {
            "year_quarter": 20132,
            "year": 2013,
            "quarter": 2,
            "eps": 0.03,
            "eps_growth_year": 159.52,
            "eps_4q": 0.5,
            "eps_4q_growth_year": 70.19,
            "roe": 0.26,
            "roe_4q": 3.9000000000000004,
            "gross_profit": null,
            "gross_margin": null,
            "gross_margin_4q_avg": 0,
            "net_income": 51743,
            "revenue": 954079,
            "common_shares": 15340506,
            "book_valuer_per_share": 12.9,
            "book_valuer_per_share_4q_avg": 13.04,
            "equity": 19526679,
            "current_ratio": 130.58,
            "debt_ratio": 70.72,
            "inventory_turnover_ratio": null,
            "account_receivable_turnover_ratio": 0.13,
            "reinvestment_rate": 29.94,
            "research_to_sale_ratio": null,
            "price_fair": 20.62,
            "eps_avg_yearly": 0.59,
            "eps_latest_yearly": 0.12,
            "eps_growth_yearly": 632.17
        },
        "20133": {
            "year_quarter": 20133,
            "year": 2013,
            "quarter": 3,
            "eps": 0.12,
            "eps_growth_year": -35.44,
            "eps_4q": 0.44,
            "eps_4q_growth_year": -5.35,
            "roe": 0.95,
            "roe_4q": 3.4,
            "gross_profit": null,
            "gross_margin": null,
            "gross_margin_4q_avg": 0,
            "net_income": 186305,
            "revenue": 1115290,
            "common_shares": 15604309,
            "book_valuer_per_share": 13.04,
            "book_valuer_per_share_4q_avg": 13.07,
            "equity": 19836293,
            "current_ratio": 129.09,
            "debt_ratio": 71.65,
            "inventory_turnover_ratio": null,
            "account_receivable_turnover_ratio": 0.13,
            "reinvestment_rate": 31.46,
            "research_to_sale_ratio": null,
            "price_fair": 20.3,
            "eps_avg_yearly": 0.58,
            "eps_latest_yearly": 0.48,
            "eps_growth_yearly": 679.49
        },
        "20134": {
            "year_quarter": 20134,
            "year": 2013,
            "quarter": 4,
            "eps": 0.19,
            "eps_growth_year": 156.89,
            "eps_4q": 0.55,
            "eps_4q_growth_year": 2.96,
            "roe": 1.41,
            "roe_4q": 4.25,
            "gross_profit": null,
            "gross_margin": null,
            "gross_margin_4q_avg": 0,
            "net_income": 282612,
            "revenue": 1284296,
            "common_shares": 15604309,
            "book_valuer_per_share": 13.26,
            "book_valuer_per_share_4q_avg": 13.12,
            "equity": 20169890,
            "current_ratio": 126.55,
            "debt_ratio": 73.54,
            "inventory_turnover_ratio": null,
            "account_receivable_turnover_ratio": 0.13,
            "reinvestment_rate": 32.54,
            "research_to_sale_ratio": null,
            "price_fair": 20.78,
            "eps_avg_yearly": 0.59,
            "eps_latest_yearly": 0.76,
            "eps_growth_yearly": 645.17
        },
        "20141": {
            "year_quarter": 20141,
            "year": 2014,
            "quarter": 1,
            "eps": 0.21,
            "eps_growth_year": 0,
            "eps_4q": 0.55,
            "eps_4q_growth_year": 14.67,
            "roe": 1.59,
            "roe_4q": 4.21,
            "gross_profit": null,
            "gross_margin": null,
            "gross_margin_4q_avg": 0,
            "net_income": 322539,
            "revenue": 1272775,
            "common_shares": 15604309,
            "book_valuer_per_share": 13.48,
            "book_valuer_per_share_4q_avg": 13.17,
            "equity": 20513380,
            "current_ratio": 125.5,
            "debt_ratio": 74.42,
            "inventory_turnover_ratio": null,
            "account_receivable_turnover_ratio": 0.13,
            "reinvestment_rate": 31.19,
            "research_to_sale_ratio": null,
            "price_fair": 21.4,
            "eps_avg_yearly": 0.61,
            "eps_latest_yearly": 0.84,
            "eps_growth_yearly": 602.09
        },
        "20142": {
            "year_quarter": 20142,
            "year": 2014,
            "quarter": 2,
            "eps": 0.39,
            "eps_growth_year": 1200,
            "eps_4q": 0.9,
            "eps_4q_growth_year": 80.41,
            "roe": 2.9,
            "roe_4q": 6.8500000000000005,
            "gross_profit": null,
            "gross_margin": null,
            "gross_margin_4q_avg": 0,
            "net_income": 597755,
            "revenue": 1700717,
            "common_shares": 15604309,
            "book_valuer_per_share": 13.62,
            "book_valuer_per_share_4q_avg": 13.35,
            "equity": 20718989,
            "current_ratio": 123.59,
            "debt_ratio": 75.7,
            "inventory_turnover_ratio": null,
            "account_receivable_turnover_ratio": 0.16,
            "reinvestment_rate": 28.68,
            "research_to_sale_ratio": null,
            "price_fair": 23.9,
            "eps_avg_yearly": 0.68,
            "eps_latest_yearly": 1.56,
            "eps_growth_yearly": 636.97
        },
        "20143": {
            "year_quarter": 20143,
            "year": 2014,
            "quarter": 3,
            "eps": 0.07,
            "eps_growth_year": -41.67,
            "eps_4q": 0.85,
            "eps_4q_growth_year": 93.67,
            "roe": 0.49,
            "roe_4q": 6.39,
            "gross_profit": null,
            "gross_margin": null,
            "gross_margin_4q_avg": 0,
            "net_income": 102318,
            "revenue": 1120440,
            "common_shares": 15786905,
            "book_valuer_per_share": 13.61,
            "book_valuer_per_share_4q_avg": 13.49,
            "equity": 20957805,
            "current_ratio": 125.31,
            "debt_ratio": 74.64,
            "inventory_turnover_ratio": null,
            "account_receivable_turnover_ratio": 0.1,
            "reinvestment_rate": 30.34,
            "research_to_sale_ratio": null,
            "price_fair": 20.5,
            "eps_avg_yearly": 0.59,
            "eps_latest_yearly": 0.28,
            "eps_growth_yearly": 558.42
        },
        "20144": {
            "year_quarter": 20144,
            "year": 2014,
            "quarter": 4,
            "eps": 0.31,
            "eps_growth_year": 66.05,
            "eps_4q": 0.97,
            "eps_4q_growth_year": 76,
            "roe": 2.24,
            "roe_4q": 7.220000000000001,
            "gross_profit": null,
            "gross_margin": null,
            "gross_margin_4q_avg": 0,
            "net_income": 474912,
            "revenue": 1233694,
            "common_shares": 15398905,
            "book_valuer_per_share": 13.92,
            "book_valuer_per_share_4q_avg": 13.66,
            "equity": 21436653,
            "current_ratio": 127.24,
            "debt_ratio": 73.43,
            "inventory_turnover_ratio": null,
            "account_receivable_turnover_ratio": 0.13,
            "reinvestment_rate": 29.06,
            "research_to_sale_ratio": null,
            "price_fair": 21.2,
            "eps_avg_yearly": 0.61,
            "eps_latest_yearly": 1.24,
            "eps_growth_yearly": 668.23
        },
        "20151": {
            "year_quarter": 20151,
            "year": 2015,
            "quarter": 1,
            "eps": 0.23,
            "eps_growth_year": 9.52,
            "eps_4q": 0.99,
            "eps_4q_growth_year": 78.49,
            "roe": 1.62,
            "roe_4q": 7.25,
            "gross_profit": null,
            "gross_margin": null,
            "gross_margin_4q_avg": 0,
            "net_income": 348112,
            "revenue": 1326377,
            "common_shares": 15398905,
            "book_valuer_per_share": 14.01,
            "book_valuer_per_share_4q_avg": 13.79,
            "equity": 21578581,
            "current_ratio": 126.05,
            "debt_ratio": 74.44,
            "inventory_turnover_ratio": null,
            "account_receivable_turnover_ratio": 0.14,
            "reinvestment_rate": 29.16,
            "research_to_sale_ratio": null,
            "price_fair": 21.9,
            "eps_avg_yearly": 0.63,
            "eps_latest_yearly": 0.92,
            "eps_growth_yearly": 670.38
        },
        "20152": {
            "year_quarter": 20152,
            "year": 2015,
            "quarter": 2,
            "eps": 0.09,
            "eps_growth_year": -76.92,
            "eps_4q": 0.68,
            "eps_4q_growth_year": -25.05,
            "roe": 0.64,
            "roe_4q": 4.99,
            "gross_profit": null,
            "gross_margin": null,
            "gross_margin_4q_avg": 0,
            "net_income": 136657,
            "revenue": 1153609,
            "common_shares": 15398905,
            "book_valuer_per_share": 13.55,
            "book_valuer_per_share_4q_avg": 13.77,
            "equity": 20872351,
            "current_ratio": 125.45,
            "debt_ratio": 74.88,
            "inventory_turnover_ratio": null,
            "account_receivable_turnover_ratio": 0.12,
            "reinvestment_rate": 26.39,
            "research_to_sale_ratio": null,
            "price_fair": 21.4,
            "eps_avg_yearly": 0.61,
            "eps_latest_yearly": 0.36,
            "eps_growth_yearly": 656.56
        },
        "20153": {
            "year_quarter": 20153,
            "year": 2015,
            "quarter": 3,
            "eps": 0.09,
            "eps_growth_year": 28.57,
            "eps_4q": 0.71,
            "eps_4q_growth_year": -16.75,
            "roe": 0.69,
            "roe_4q": 5.19,
            "gross_profit": null,
            "gross_margin": null,
            "gross_margin_4q_avg": 0,
            "net_income": 145001,
            "revenue": 1381305,
            "common_shares": 15706883,
            "book_valuer_per_share": 13.45,
            "book_valuer_per_share_4q_avg": 13.73,
            "equity": 21062967,
            "current_ratio": 125.5,
            "debt_ratio": 74.8,
            "inventory_turnover_ratio": null,
            "account_receivable_turnover_ratio": 0.15,
            "reinvestment_rate": 24.72,
            "research_to_sale_ratio": null,
            "price_fair": 22.1,
            "eps_avg_yearly": 0.63,
            "eps_latest_yearly": 0.36,
            "eps_growth_yearly": 681.05
        },
        "20154": {
            "year_quarter": 20154,
            "year": 2015,
            "quarter": 4,
            "eps": 0.6,
            "eps_growth_year": 95.4,
            "eps_4q": 1.01,
            "eps_4q_growth_year": 4.08,
            "roe": 4.31,
            "roe_4q": 7.26,
            "gross_profit": null,
            "gross_margin": null,
            "gross_margin_4q_avg": 0,
            "net_income": 926714,
            "revenue": 2268758,
            "common_shares": 15706883,
            "book_valuer_per_share": 14.26,
            "book_valuer_per_share_4q_avg": 13.82,
            "equity": 21921576,
            "current_ratio": 122.04,
            "debt_ratio": 77.99,
            "inventory_turnover_ratio": null,
            "account_receivable_turnover_ratio": 0.27,
            "reinvestment_rate": 20.35,
            "research_to_sale_ratio": null,
            "price_fair": 26.23,
            "eps_avg_yearly": 0.75,
            "eps_latest_yearly": 2.4,
            "eps_growth_yearly": 786.76
        },
        "20161": {
            "year_quarter": 20161,
            "year": 2016,
            "quarter": 1,
            "eps": 0.04,
            "eps_growth_year": -82.61,
            "eps_4q": 0.83,
            "eps_4q_growth_year": -16.18,
            "roe": 0.3,
            "roe_4q": 5.939999999999999,
            "gross_profit": null,
            "gross_margin": null,
            "gross_margin_4q_avg": 0,
            "net_income": 66466,
            "revenue": 1001893,
            "common_shares": 15706883,
            "book_valuer_per_share": 14.12,
            "book_valuer_per_share_4q_avg": 13.85,
            "equity": 21709087,
            "current_ratio": 122.73,
            "debt_ratio": 77.28,
            "inventory_turnover_ratio": null,
            "account_receivable_turnover_ratio": 0.12,
            "reinvestment_rate": 24.16,
            "research_to_sale_ratio": null,
            "price_fair": 24.94,
            "eps_avg_yearly": 0.71,
            "eps_latest_yearly": 0.16,
            "eps_growth_yearly": 714.25
        },
        "20162": {
            "year_quarter": 20162,
            "year": 2016,
            "quarter": 2,
            "eps": 0.28,
            "eps_growth_year": 211.11,
            "eps_4q": 0.99,
            "eps_4q_growth_year": 46.75,
            "roe": 2.04,
            "roe_4q": 7.34,
            "gross_profit": null,
            "gross_margin": null,
            "gross_margin_4q_avg": 0,
            "net_income": 441031,
            "revenue": 1348589,
            "common_shares": 15706883,
            "book_valuer_per_share": 14.01,
            "book_valuer_per_share_4q_avg": 13.96,
            "equity": 21546684,
            "current_ratio": 119.85,
            "debt_ratio": 79.41,
            "inventory_turnover_ratio": null,
            "account_receivable_turnover_ratio": 0.13,
            "reinvestment_rate": 21.61,
            "research_to_sale_ratio": null,
            "price_fair": 27.3,
            "eps_avg_yearly": 0.78,
            "eps_latest_yearly": 1.12,
            "eps_growth_yearly": 888.29
        },
        "20163": {
            "year_quarter": 20163,
            "year": 2016,
            "quarter": 3,
            "eps": 0.2,
            "eps_growth_year": 122.22,
            "eps_4q": 1.1,
            "eps_4q_growth_year": 55.46,
            "roe": 1.44,
            "roe_4q": 8.09,
            "gross_profit": null,
            "gross_margin": null,
            "gross_margin_4q_avg": 0,
            "net_income": 311806,
            "revenue": 1170493,
            "common_shares": 16245099,
            "book_valuer_per_share": 13.68,
            "book_valuer_per_share_4q_avg": 14.02,
            "equity": 21776911,
            "current_ratio": 121.02,
            "debt_ratio": 78.53,
            "inventory_turnover_ratio": null,
            "account_receivable_turnover_ratio": 0.12,
            "reinvestment_rate": 21.35,
            "research_to_sale_ratio": null,
            "price_fair": 27.39,
            "eps_avg_yearly": 0.78,
            "eps_latest_yearly": 0.8,
            "eps_growth_yearly": 431.15
        },
        "20164": {
            "year_quarter": 20164,
            "year": 2016,
            "quarter": 4,
            "eps": -0.26,
            "eps_growth_year": -143.34,
            "eps_4q": 0.26,
            "eps_4q_growth_year": -74.52,
            "roe": -1.92,
            "roe_4q": 1.86,
            "gross_profit": null,
            "gross_margin": null,
            "gross_margin_4q_avg": 0,
            "net_income": -412239,
            "revenue": 221388,
            "common_shares": 16245099,
            "book_valuer_per_share": 13.34,
            "book_valuer_per_share_4q_avg": 13.79,
            "equity": 21060881,
            "current_ratio": 125.47,
            "debt_ratio": 75.13,
            "inventory_turnover_ratio": null,
            "account_receivable_turnover_ratio": 0.03,
            "reinvestment_rate": 23.76,
            "research_to_sale_ratio": null,
            "price_fair": 28.56,
            "eps_avg_yearly": 0.82,
            "eps_latest_yearly": 0.8,
            "eps_growth_yearly": 476.73
        },
        "20171": {
            "year_quarter": 20171,
            "year": 2017,
            "quarter": 1,
            "eps": 0.09,
            "eps_growth_year": 125,
            "eps_4q": 0.31,
            "eps_4q_growth_year": -62.39,
            "roe": 0.7,
            "roe_4q": 2.26,
            "gross_profit": null,
            "gross_margin": null,
            "gross_margin_4q_avg": 0,
            "net_income": 147916,
            "revenue": 1035751,
            "common_shares": 15996099,
            "book_valuer_per_share": 13.45,
            "book_valuer_per_share_4q_avg": 13.62,
            "equity": 21065857,
            "current_ratio": 123.84,
            "debt_ratio": 76.27,
            "inventory_turnover_ratio": null,
            "account_receivable_turnover_ratio": 0.12,
            "reinvestment_rate": -0.93,
            "research_to_sale_ratio": null,
            "price_fair": 28.5,
            "eps_avg_yearly": 0.81,
            "eps_latest_yearly": 0.8,
            "eps_growth_yearly": 453.64
        },
        "20172": {
            "year_quarter": 20172,
            "year": 2017,
            "quarter": 2,
            "eps": 0.18,
            "eps_growth_year": -35.71,
            "eps_4q": 0.21,
            "eps_4q_growth_year": -79.28,
            "roe": 1.3,
            "roe_4q": 1.52,
            "gross_profit": null,
            "gross_margin": null,
            "gross_margin_4q_avg": 0,
            "net_income": 274587,
            "revenue": 1205014,
            "common_shares": 15996099,
            "book_valuer_per_share": 13.49,
            "book_valuer_per_share_4q_avg": 13.49,
            "equity": 21135818,
            "current_ratio": 122.17,
            "debt_ratio": 77.51,
            "inventory_turnover_ratio": null,
            "account_receivable_turnover_ratio": 0.12,
            "reinvestment_rate": -4.08,
            "research_to_sale_ratio": null,
            "price_fair": 30,
            "eps_avg_yearly": 0.86,
            "eps_latest_yearly": 0.72,
            "eps_growth_yearly": 506.7
        },
        "20173": {
            "year_quarter": 20173,
            "year": 2017,
            "quarter": 3,
            "eps": 0.18,
            "eps_growth_year": -10,
            "eps_4q": 0.19,
            "eps_4q_growth_year": -82.67,
            "roe": 1.35,
            "roe_4q": 1.4300000000000006,
            "gross_profit": null,
            "gross_margin": null,
            "gross_margin_4q_avg": 0,
            "net_income": 287560,
            "revenue": 1371271,
            "common_shares": 15996099,
            "book_valuer_per_share": 13.65,
            "book_valuer_per_share_4q_avg": 13.48,
            "equity": 21385306,
            "current_ratio": 120.96,
            "debt_ratio": 78.55,
            "inventory_turnover_ratio": null,
            "account_receivable_turnover_ratio": 0.14,
            "reinvestment_rate": -8.1,
            "research_to_sale_ratio": null,
            "price_fair": 30.6,
            "eps_avg_yearly": 0.87,
            "eps_latest_yearly": 0.72,
            "eps_growth_yearly": 420.99
        },
        "20174": {
            "year_quarter": 20174,
            "year": 2017,
            "quarter": 4,
            "eps": 0.15,
            "eps_growth_year": null,
            "eps_4q": 0.6,
            "eps_4q_growth_year": 133.22,
            "roe": 1.08,
            "roe_4q": 4.430000000000001,
            "gross_profit": null,
            "gross_margin": null,
            "gross_margin_4q_avg": 0,
            "net_income": 232241,
            "revenue": 1308097,
            "common_shares": 15996099,
            "book_valuer_per_share": 13.73,
            "book_valuer_per_share_4q_avg": 13.58,
            "equity": 21505388,
            "current_ratio": 122.32,
            "debt_ratio": 77.59,
            "inventory_turnover_ratio": null,
            "account_receivable_turnover_ratio": 0.13,
            "reinvestment_rate": -11.36,
            "research_to_sale_ratio": null,
            "price_fair": 30.2,
            "eps_avg_yearly": 0.86,
            "eps_latest_yearly": 0.6,
            "eps_growth_yearly": 399.56
        },
        "20181": {
            "year_quarter": 20181,
            "year": 2018,
            "quarter": 1,
            "eps": 0.24,
            "eps_growth_year": 166.67,
            "eps_4q": 0.75,
            "eps_4q_growth_year": 139.32,
            "roe": 1.69,
            "roe_4q": 5.42,
            "gross_profit": null,
            "gross_margin": null,
            "gross_margin_4q_avg": 0,
            "net_income": 374721,
            "revenue": 1556958,
            "common_shares": 15996099,
            "book_valuer_per_share": 14.5,
            "book_valuer_per_share_4q_avg": 13.84,
            "equity": 22714225,
            "current_ratio": 119.16,
            "debt_ratio": 79.55,
            "inventory_turnover_ratio": null,
            "account_receivable_turnover_ratio": 0.14,
            "reinvestment_rate": -25.98,
            "research_to_sale_ratio": null,
            "price_fair": 30.5,
            "eps_avg_yearly": 0.87,
            "eps_latest_yearly": 0.96,
            "eps_growth_yearly": 413.7
        },
        "20182": {
            "year_quarter": 20182,
            "year": 2018,
            "quarter": 2,
            "eps": 0.25,
            "eps_growth_year": 38.89,
            "eps_4q": 0.81,
            "eps_4q_growth_year": 295.94,
            "roe": 1.73,
            "roe_4q": 5.85,
            "gross_profit": null,
            "gross_margin": null,
            "gross_margin_4q_avg": 0,
            "net_income": 390866,
            "revenue": 1577798,
            "common_shares": 15996099,
            "book_valuer_per_share": 14.21,
            "book_valuer_per_share_4q_avg": 14.02,
            "equity": 22441900,
            "current_ratio": 117.83,
            "debt_ratio": 80.8,
            "inventory_turnover_ratio": null,
            "account_receivable_turnover_ratio": 0.12,
            "reinvestment_rate": -27.47,
            "research_to_sale_ratio": null,
            "price_fair": 29.1,
            "eps_avg_yearly": 0.83,
            "eps_latest_yearly": 1,
            "eps_growth_yearly": 390.4
        }
    },
    "months": {
        "2002-09": {
            "month": "2002-09",
            "price": "9.95",
            "revenue": 188607
        },
        "2002-10": {
            "month": "2002-10",
            "price": "10.02",
            "revenue": 292930
        },
        "2002-11": {
            "month": "2002-11",
            "price": "10.32",
            "revenue": 300950
        },
        "2002-12": {
            "month": "2002-12",
            "price": "10.10",
            "revenue": 466901
        },
        "2003-01": {
            "month": "2003-01",
            "price": "11.47",
            "revenue": 568913
        },
        "2003-02": {
            "month": "2003-02",
            "price": "10.82",
            "revenue": 389520
        },
        "2003-03": {
            "month": "2003-03",
            "price": "10.60",
            "revenue": 208276
        },
        "2003-04": {
            "month": "2003-04",
            "price": "10.15",
            "revenue": 230879
        },
        "2003-05": {
            "month": "2003-05",
            "price": "9.50",
            "revenue": 223503
        },
        "2003-06": {
            "month": "2003-06",
            "price": "10.91",
            "revenue": 430301
        },
        "2003-07": {
            "month": "2003-07",
            "price": "11.52",
            "revenue": 842486
        },
        "2003-08": {
            "month": "2003-08",
            "price": "10.92",
            "revenue": 445707
        },
        "2003-09": {
            "month": "2003-09",
            "price": "10.60",
            "revenue": 420719
        },
        "2003-10": {
            "month": "2003-10",
            "price": "11.05",
            "revenue": 638922
        },
        "2003-11": {
            "month": "2003-11",
            "price": "10.74",
            "revenue": 1009853
        },
        "2003-12": {
            "month": "2003-12",
            "price": "10.72",
            "revenue": 531387
        },
        "2004-01": {
            "month": "2004-01",
            "price": "12.87",
            "revenue": 726048
        },
        "2004-02": {
            "month": "2004-02",
            "price": "16.20",
            "revenue": 1078008
        },
        "2004-03": {
            "month": "2004-03",
            "price": "17.15",
            "revenue": 1019471
        },
        "2004-04": {
            "month": "2004-04",
            "price": "16.01",
            "revenue": 643855
        },
        "2004-05": {
            "month": "2004-05",
            "price": "12.80",
            "revenue": 464103
        },
        "2004-06": {
            "month": "2004-06",
            "price": "12.45",
            "revenue": 520838
        },
        "2004-07": {
            "month": "2004-07",
            "price": "11.72",
            "revenue": 400730
        },
        "2004-08": {
            "month": "2004-08",
            "price": "11.07",
            "revenue": 384528
        },
        "2004-09": {
            "month": "2004-09",
            "price": "12.13",
            "revenue": 344601
        },
        "2004-10": {
            "month": "2004-10",
            "price": "12.85",
            "revenue": 405243
        },
        "2004-11": {
            "month": "2004-11",
            "price": "12.92",
            "revenue": 353686
        },
        "2004-12": {
            "month": "2004-12",
            "price": "13.21",
            "revenue": 516862
        },
        "2005-01": {
            "month": "2005-01",
            "price": "12.84",
            "revenue": 584849
        },
        "2005-02": {
            "month": "2005-02",
            "price": "13.04",
            "revenue": 397485
        },
        "2005-03": {
            "month": "2005-03",
            "price": "13.13",
            "revenue": 632713
        },
        "2005-04": {
            "month": "2005-04",
            "price": "12.43",
            "revenue": 394719
        },
        "2005-05": {
            "month": "2005-05",
            "price": "12.05",
            "revenue": 431936
        },
        "2005-06": {
            "month": "2005-06",
            "price": "12.74",
            "revenue": 516882
        },
        "2005-07": {
            "month": "2005-07",
            "price": "13.30",
            "revenue": 476370
        },
        "2005-08": {
            "month": "2005-08",
            "price": "12.65",
            "revenue": 812707
        },
        "2005-09": {
            "month": "2005-09",
            "price": "11.96",
            "revenue": 376188
        },
        "2005-10": {
            "month": "2005-10",
            "price": "11.76",
            "revenue": 342030
        },
        "2005-11": {
            "month": "2005-11",
            "price": "12.24",
            "revenue": 341084
        },
        "2005-12": {
            "month": "2005-12",
            "price": "12.36",
            "revenue": 700255
        },
        "2006-01": {
            "month": "2006-01",
            "price": "12.73",
            "revenue": 692194
        },
        "2006-02": {
            "month": "2006-02",
            "price": "12.29",
            "revenue": 373999
        },
        "2006-03": {
            "month": "2006-03",
            "price": "12.11",
            "revenue": 613913
        },
        "2006-04": {
            "month": "2006-04",
            "price": "12.81",
            "revenue": 734391
        },
        "2006-05": {
            "month": "2006-05",
            "price": "13.38",
            "revenue": 600356
        },
        "2006-06": {
            "month": "2006-06",
            "price": "12.54",
            "revenue": 503681
        },
        "2006-07": {
            "month": "2006-07",
            "price": "12.63",
            "revenue": 605321
        },
        "2006-08": {
            "month": "2006-08",
            "price": "12.22",
            "revenue": 636481
        },
        "2006-09": {
            "month": "2006-09",
            "price": "12.12",
            "revenue": 648532
        },
        "2006-10": {
            "month": "2006-10",
            "price": "12.63",
            "revenue": 575025
        },
        "2006-11": {
            "month": "2006-11",
            "price": "12.82",
            "revenue": 908522
        },
        "2006-12": {
            "month": "2006-12",
            "price": "13.25",
            "revenue": 1054350
        },
        "2007-01": {
            "month": "2007-01",
            "price": "13.91",
            "revenue": 929351
        },
        "2007-02": {
            "month": "2007-02",
            "price": "13.77",
            "revenue": 562435
        },
        "2007-03": {
            "month": "2007-03",
            "price": "13.23",
            "revenue": 865841
        },
        "2007-04": {
            "month": "2007-04",
            "price": "13.28",
            "revenue": 804163
        },
        "2007-05": {
            "month": "2007-05",
            "price": "13.09",
            "revenue": 951642
        },
        "2007-06": {
            "month": "2007-06",
            "price": "13.70",
            "revenue": 1606858
        },
        "2007-07": {
            "month": "2007-07",
            "price": "16.71",
            "revenue": 2879989
        },
        "2007-08": {
            "month": "2007-08",
            "price": "15.90",
            "revenue": 1034668
        },
        "2007-09": {
            "month": "2007-09",
            "price": "16.30",
            "revenue": 695498
        },
        "2007-10": {
            "month": "2007-10",
            "price": "16.67",
            "revenue": 968656
        },
        "2007-11": {
            "month": "2007-11",
            "price": "14.71",
            "revenue": 1309467
        },
        "2007-12": {
            "month": "2007-12",
            "price": "12.67",
            "revenue": 1122190
        },
        "2008-01": {
            "month": "2008-01",
            "price": "12.77",
            "revenue": 1619508
        },
        "2008-02": {
            "month": "2008-02",
            "price": "13.41",
            "revenue": 776453
        },
        "2008-03": {
            "month": "2008-03",
            "price": "14.48",
            "revenue": 1239955
        },
        "2008-04": {
            "month": "2008-04",
            "price": "17.22",
            "revenue": 1664850
        },
        "2008-05": {
            "month": "2008-05",
            "price": "16.10",
            "revenue": 1944403
        },
        "2008-06": {
            "month": "2008-06",
            "price": "13.27",
            "revenue": 2481141392
        },
        "2008-07": {
            "month": "2008-07",
            "price": "11.12",
            "revenue": 1255548
        },
        "2008-08": {
            "month": "2008-08",
            "price": "11.20",
            "revenue": 1184787
        },
        "2008-09": {
            "month": "2008-09",
            "price": "9.05",
            "revenue": 2360718
        },
        "2008-10": {
            "month": "2008-10",
            "price": "6.15",
            "revenue": 1093223
        },
        "2008-11": {
            "month": "2008-11",
            "price": "6.54",
            "revenue": 496552
        },
        "2008-12": {
            "month": "2008-12",
            "price": "7.75",
            "revenue": 482077
        },
        "2009-01": {
            "month": "2009-01",
            "price": "7.11",
            "revenue": 560916
        },
        "2009-02": {
            "month": "2009-02",
            "price": "6.44",
            "revenue": 660514
        },
        "2009-03": {
            "month": "2009-03",
            "price": "7.24",
            "revenue": 1115823
        },
        "2009-04": {
            "month": "2009-04",
            "price": "8.74",
            "revenue": 2789898
        },
        "2009-05": {
            "month": "2009-05",
            "price": "12.07",
            "revenue": 4194122
        },
        "2009-06": {
            "month": "2009-06",
            "price": "11.69",
            "revenue": 2521409
        },
        "2009-07": {
            "month": "2009-07",
            "price": "12.17",
            "revenue": 3381019
        },
        "2009-08": {
            "month": "2009-08",
            "price": "11.95",
            "revenue": 2213496
        },
        "2009-09": {
            "month": "2009-09",
            "price": "12.44",
            "revenue": 2348102
        },
        "2009-10": {
            "month": "2009-10",
            "price": "13.48",
            "revenue": 2023071
        },
        "2009-11": {
            "month": "2009-11",
            "price": "13.08",
            "revenue": 1619775
        },
        "2009-12": {
            "month": "2009-12",
            "price": "12.89",
            "revenue": 2132817
        },
        "2010-01": {
            "month": "2010-01",
            "price": "13.90",
            "revenue": 2520938
        },
        "2010-02": {
            "month": "2010-02",
            "price": "12.56",
            "revenue": 1459608
        },
        "2010-03": {
            "month": "2010-03",
            "price": "13.03",
            "revenue": 1699715
        },
        "2010-04": {
            "month": "2010-04",
            "price": "12.85",
            "revenue": 1836012
        },
        "2010-05": {
            "month": "2010-05",
            "price": "11.52",
            "revenue": 2326592
        },
        "2010-06": {
            "month": "2010-06",
            "price": "10.97",
            "revenue": 1481277
        },
        "2010-07": {
            "month": "2010-07",
            "price": "11.89",
            "revenue": 2403738
        },
        "2010-08": {
            "month": "2010-08",
            "price": "12.40",
            "revenue": 2562057
        },
        "2010-09": {
            "month": "2010-09",
            "price": "12.13",
            "revenue": 3306071
        },
        "2010-10": {
            "month": "2010-10",
            "price": "12.27",
            "revenue": 2649644
        },
        "2010-11": {
            "month": "2010-11",
            "price": "12.18",
            "revenue": 2609274
        },
        "2010-12": {
            "month": "2010-12",
            "price": "12.88",
            "revenue": 3303224
        },
        "2011-01": {
            "month": "2011-01",
            "price": "13.36",
            "revenue": 3415919
        },
        "2011-02": {
            "month": "2011-02",
            "price": "12.85",
            "revenue": 3489731
        },
        "2011-03": {
            "month": "2011-03",
            "price": "12.48",
            "revenue": 2841286
        },
        "2011-04": {
            "month": "2011-04",
            "price": "12.75",
            "revenue": 3627665
        },
        "2011-05": {
            "month": "2011-05",
            "price": "12.83",
            "revenue": 3209901
        },
        "2011-06": {
            "month": "2011-06",
            "price": "12.85",
            "revenue": 3562316
        },
        "2011-07": {
            "month": "2011-07",
            "price": "12.64",
            "revenue": 4829567
        },
        "2011-08": {
            "month": "2011-08",
            "price": "11.62",
            "revenue": 5385463
        },
        "2011-09": {
            "month": "2011-09",
            "price": "10.85",
            "revenue": 3412364
        },
        "2011-10": {
            "month": "2011-10",
            "price": "10.56",
            "revenue": 2102865
        },
        "2011-11": {
            "month": "2011-11",
            "price": "10.36",
            "revenue": 2997177
        },
        "2011-12": {
            "month": "2011-12",
            "price": "9.64",
            "revenue": 1253296
        },
        "2012-01": {
            "month": "2012-01",
            "price": "9.09",
            "revenue": 1452199
        },
        "2012-02": {
            "month": "2012-02",
            "price": "10.60",
            "revenue": 1676907
        },
        "2012-03": {
            "month": "2012-03",
            "price": "10.61",
            "revenue": 1214767
        },
        "2012-04": {
            "month": "2012-04",
            "price": "9.88",
            "revenue": 1973026
        },
        "2012-05": {
            "month": "2012-05",
            "price": "9.06",
            "revenue": 1789676
        },
        "2012-06": {
            "month": "2012-06",
            "price": "8.85",
            "revenue": 1712162
        },
        "2012-07": {
            "month": "2012-07",
            "price": "8.96",
            "revenue": 2695898
        },
        "2012-08": {
            "month": "2012-08",
            "price": "9.18",
            "revenue": 2926276
        },
        "2012-09": {
            "month": "2012-09",
            "price": "9.30",
            "revenue": 1756891
        },
        "2012-10": {
            "month": "2012-10",
            "price": "8.90",
            "revenue": 2821602
        },
        "2012-11": {
            "month": "2012-11",
            "price": "8.50",
            "revenue": 2151430
        },
        "2012-12": {
            "month": "2012-12",
            "price": "9.23",
            "revenue": 1583843
        },
        "2013-01": {
            "month": "2013-01",
            "price": "9.34",
            "revenue": 512074
        },
        "2013-02": {
            "month": "2013-02",
            "price": "9.78",
            "revenue": 531388
        },
        "2013-03": {
            "month": "2013-03",
            "price": "9.58",
            "revenue": 175421
        },
        "2013-04": {
            "month": "2013-04",
            "price": "9.22",
            "revenue": 289701
        },
        "2013-05": {
            "month": "2013-05",
            "price": "9.83",
            "revenue": 509462
        },
        "2013-06": {
            "month": "2013-06",
            "price": "10.17",
            "revenue": 156304
        },
        "2013-07": {
            "month": "2013-07",
            "price": "9.93",
            "revenue": 382794
        },
        "2013-08": {
            "month": "2013-08",
            "price": "9.32",
            "revenue": 268360
        },
        "2013-09": {
            "month": "2013-09",
            "price": "9.61",
            "revenue": 465116
        },
        "2013-10": {
            "month": "2013-10",
            "price": "9.79",
            "revenue": 632997
        },
        "2013-11": {
            "month": "2013-11",
            "price": "9.60",
            "revenue": 225392
        },
        "2013-12": {
            "month": "2013-12",
            "price": "9.82",
            "revenue": 430353
        },
        "2014-01": {
            "month": "2014-01",
            "price": "10.58",
            "revenue": 349546
        },
        "2014-02": {
            "month": "2014-02",
            "price": "10.07",
            "revenue": 486099
        },
        "2014-03": {
            "month": "2014-03",
            "price": "10.20",
            "revenue": 431774
        },
        "2014-04": {
            "month": "2014-04",
            "price": "10.09",
            "revenue": 375427
        },
        "2014-05": {
            "month": "2014-05",
            "price": "9.99",
            "revenue": 819165
        },
        "2014-06": {
            "month": "2014-06",
            "price": "10.39",
            "revenue": 509028
        },
        "2014-07": {
            "month": "2014-07",
            "price": "10.75",
            "revenue": 390060
        },
        "2014-08": {
            "month": "2014-08",
            "price": "10.18",
            "revenue": 241033
        },
        "2014-09": {
            "month": "2014-09",
            "price": "10.11",
            "revenue": 489490
        },
        "2014-10": {
            "month": "2014-10",
            "price": "9.71",
            "revenue": 130638
        },
        "2014-11": {
            "month": "2014-11",
            "price": "9.54",
            "revenue": 231609
        },
        "2014-12": {
            "month": "2014-12",
            "price": "9.88",
            "revenue": 878512
        },
        "2015-01": {
            "month": "2015-01",
            "price": "10.15",
            "revenue": 348967
        },
        "2015-02": {
            "month": "2015-02",
            "price": "10.38",
            "revenue": 422303
        },
        "2015-03": {
            "month": "2015-03",
            "price": "10.32",
            "revenue": 556131
        },
        "2015-04": {
            "month": "2015-04",
            "price": "10.84",
            "revenue": 496591
        },
        "2015-05": {
            "month": "2015-05",
            "price": "11.01",
            "revenue": 417601
        },
        "2015-06": {
            "month": "2015-06",
            "price": "10.25",
            "revenue": 250539
        },
        "2015-07": {
            "month": "2015-07",
            "price": "9.77",
            "revenue": 205308
        },
        "2015-08": {
            "month": "2015-08",
            "price": "8.58",
            "revenue": 210736
        },
        "2015-09": {
            "month": "2015-09",
            "price": "8.46",
            "revenue": 955802
        },
        "2015-10": {
            "month": "2015-10",
            "price": "9.09",
            "revenue": 548907
        },
        "2015-11": {
            "month": "2015-11",
            "price": "9.39",
            "revenue": 1069983
        },
        "2015-12": {
            "month": "2015-12",
            "price": "9.24",
            "revenue": 1056568
        },
        "2016-01": {
            "month": "2016-01",
            "price": "8.87",
            "revenue": 598980
        },
        "2016-02": {
            "month": "2016-02",
            "price": "8.87",
            "revenue": 152650
        },
        "2016-03": {
            "month": "2016-03",
            "price": "9.25",
            "revenue": 251449
        },
        "2016-04": {
            "month": "2016-04",
            "price": "9.03",
            "revenue": 240339
        },
        "2016-05": {
            "month": "2016-05",
            "price": "8.66",
            "revenue": 810695
        },
        "2016-06": {
            "month": "2016-06",
            "price": "8.72",
            "revenue": 304806
        },
        "2016-07": {
            "month": "2016-07",
            "price": "8.93",
            "revenue": 545056
        },
        "2016-08": {
            "month": "2016-08",
            "price": "8.57",
            "revenue": 324943
        },
        "2016-09": {
            "month": "2016-09",
            "price": "8.31",
            "revenue": 300490
        },
        "2016-10": {
            "month": "2016-10",
            "price": "8.14",
            "revenue": 149
        },
        "2016-11": {
            "month": "2016-11",
            "price": "8.11",
            "revenue": -22678
        },
        "2016-12": {
            "month": "2016-12",
            "price": "8.49",
            "revenue": 245163
        },
        "2017-01": {
            "month": "2017-01",
            "price": "8.67",
            "revenue": 260918
        },
        "2017-02": {
            "month": "2017-02",
            "price": "9.03",
            "revenue": 549906
        },
        "2017-03": {
            "month": "2017-03",
            "price": "8.96",
            "revenue": 225302
        },
        "2017-04": {
            "month": "2017-04",
            "price": "8.50",
            "revenue": 335523
        },
        "2017-05": {
            "month": "2017-05",
            "price": "8.28",
            "revenue": 402072
        },
        "2017-06": {
            "month": "2017-06",
            "price": "8.16",
            "revenue": 467707
        },
        "2017-07": {
            "month": "2017-07",
            "price": "8.17",
            "revenue": 456727
        },
        "2017-08": {
            "month": "2017-08",
            "price": "8.14",
            "revenue": 482677
        },
        "2017-09": {
            "month": "2017-09",
            "price": "8.42",
            "revenue": 433416
        },
        "2017-10": {
            "month": "2017-10",
            "price": "8.45",
            "revenue": 433073
        },
        "2017-11": {
            "month": "2017-11",
            "price": "8.50",
            "revenue": 431949
        },
        "2017-12": {
            "month": "2017-12",
            "price": "8.65",
            "revenue": 444358
        },
        "2018-01": {
            "month": "2018-01",
            "price": "8.89",
            "revenue": 679792
        },
        "2018-02": {
            "month": "2018-02",
            "price": "8.83",
            "revenue": 220592
        },
        "2018-03": {
            "month": "2018-03",
            "price": "9.33",
            "revenue": 657936
        },
        "2018-04": {
            "month": "2018-04",
            "price": "9.94",
            "revenue": 439627
        },
        "2018-05": {
            "month": "2018-05",
            "price": "11.08",
            "revenue": 625325
        },
        "2018-06": {
            "month": "2018-06",
            "price": "11.00",
            "revenue": 514836
        },
        "2018-07": {
            "month": "2018-07",
            "price": "10.40",
            "revenue": 657531
        },
        "2018-08": {
            "month": "2018-08",
            "price": "10.69",
            "revenue": 391719
        },
        "2018-09": {
            "month": "2018-09",
            "price": "11.27",
            "revenue": 198877
        }
    }
}
