{
    "summary": {
        "stock_name": "三商壽",
        "stock_id": "2867",
        "category": "金融",
        "main_business": "經營人身保險業務",
        "website_url": "http://www.mli.com.tw",
        "ceo": "陳宏昇",
        "pe_ratio": -2,
        "report_year_from": 2001,
        "report_year_to": 2023,
        "age": 23,
        "eps_negative_percentage": 25,
        "eps_growth_avg": {
            "last_all": -29.42,
            "last_2y": -61.02,
            "last_4y": -65.42,
            "last_8y": -43.08,
            "last_12y": null,
            "last_16y": null,
            "last_20y": null,
            "at_2006_last_3y": null,
            "at_2007_last_3y": null,
            "at_2008_last_3y": null,
            "at_2009_last_3y": null,
            "at_2010_last_3y": null,
            "at_2011_last_3y": null,
            "at_2012_last_3y": null,
            "at_2013_last_3y": null,
            "at_2014_last_3y": null,
            "at_2015_last_3y": null,
            "at_2016_last_3y": 10.3,
            "at_2017_last_3y": -4.35,
            "at_2018_last_3y": -26.33,
            "at_2019_last_3y": -40.78,
            "at_2020_last_3y": -61.3,
            "at_2021_last_3y": -65.42,
            "at_2022_last_3y": -65.42,
            "at_2023_last_3y": -65.42,
            "at_2024_last_3y": -65.42,
            "at_2006_last_all": null,
            "at_2007_last_all": null,
            "at_2008_last_all": null,
            "at_2009_last_all": null,
            "at_2010_last_all": null,
            "at_2011_last_all": null,
            "at_2012_last_all": null,
            "at_2013_last_all": null,
            "at_2014_last_all": 18.42,
            "at_2015_last_all": 17.96,
            "at_2016_last_all": 10.3,
            "at_2017_last_all": 6.3,
            "at_2018_last_all": -11.41,
            "at_2019_last_all": -11.41,
            "at_2020_last_all": -20.39,
            "at_2021_last_all": -20.59,
            "at_2022_last_all": -29.42,
            "at_2023_last_all": -29.42,
            "at_2024_last_all": -29.42
        },
        "latest_eps": -2.19,
        "latest_price": 4.98,
        "latest_roe": -30.82,
        "latest_gross_margin": null,
        "latest_equity": 38256190,
        "latest_revenue": 34283110,
        "latest_gross_profit": null,
        "latest_net_income": 2581778,
        "latest_debt_ratio": 97.52,
        "latest_current_ratio": null,
        "latest_account_receivable_turnover_ratio": 723.55,
        "latest_inventory_turnover_ratio": null,
        "latest_reinvestment_rate": null,
        "latest_research_to_sale_ratio": null
    },
    "eps_dividends": {
        "2001": {
            "cash": 0,
            "stock": 0,
            "eps": 0
        },
        "2002": {
            "cash": 0,
            "stock": 0,
            "eps": 0
        },
        "2003": {
            "cash": 0,
            "stock": 0,
            "eps": 0
        },
        "2004": {
            "cash": 0,
            "stock": 0,
            "eps": 0
        },
        "2005": {
            "cash": 0,
            "stock": 0,
            "eps": 0
        },
        "2006": {
            "cash": 0,
            "stock": 0,
            "eps": 0
        },
        "2007": {
            "cash": 0,
            "stock": 0,
            "eps": 0
        },
        "2008": {
            "cash": 0,
            "stock": 5.73,
            "eps": 0
        },
        "2009": {
            "cash": 0,
            "stock": 0,
            "eps": 0
        },
        "2010": {
            "cash": 0,
            "stock": 2.2,
            "eps": 0
        },
        "2011": {
            "cash": 0.22,
            "stock": 0.21,
            "eps": 0
        },
        "2012": {
            "cash": 0,
            "stock": 0,
            "eps": 1.39
        },
        "2013": {
            "cash": 0,
            "stock": 0.6,
            "eps": 2.07
        },
        "2014": {
            "cash": 0,
            "stock": 0.52,
            "eps": 1.82
        },
        "2015": {
            "cash": 0.3,
            "stock": 1,
            "eps": 2.13
        },
        "2016": {
            "cash": 0,
            "stock": 0.5,
            "eps": 1.86
        },
        "2017": {
            "cash": 0,
            "stock": 0.92,
            "eps": 1.68
        },
        "2018": {
            "cash": 0,
            "stock": 1.57,
            "eps": -0.18
        },
        "2019": {
            "cash": 0,
            "stock": 0,
            "eps": 2.29
        },
        "2020": {
            "cash": 0,
            "stock": 0,
            "eps": 0.59
        },
        "2021": {
            "cash": 0,
            "stock": 0.15,
            "eps": 0.46
        },
        "2022": {
            "cash": 0,
            "stock": 0,
            "eps": -3.93
        },
        "2023": {
            "cash": 0,
            "stock": 0,
            "eps": -0.51
        }
    },
    "dividends": {
        "2008-04-01": {
            "cash": 0,
            "stock": 5.73
        },
        "2010-04-23": {
            "cash": 0,
            "stock": 2.2
        },
        "2011-04-11": {
            "cash": 0.22,
            "stock": 0.21
        },
        "2013-04-16": {
            "cash": 0,
            "stock": 0.6
        },
        "2014-06-27": {
            "cash": 0,
            "stock": 0.52
        },
        "2015-08-28": {
            "cash": 0.3,
            "stock": 1
        },
        "2016-05-10": {
            "cash": 0,
            "stock": 0.5
        },
        "2017-03-21": {
            "cash": 0,
            "stock": 0.92
        },
        "2018-04-19": {
            "cash": 0,
            "stock": 1.57
        },
        "2021-05-05": {
            "cash": 0,
            "stock": 0.15
        }
    },
    "prices": {
        "200101": "無",
        "200102": "無",
        "200103": "無",
        "200104": "無",
        "200105": "無",
        "200106": "無",
        "200107": "無",
        "200108": "無",
        "200109": "無",
        "200110": "無",
        "200111": "無",
        "200112": "無",
        "200201": "無",
        "200202": "無",
        "200203": "無",
        "200204": "無",
        "200205": "無",
        "200206": "無",
        "200207": "無",
        "200208": "無",
        "200209": "無",
        "200210": "無",
        "200211": "無",
        "200212": "無",
        "200301": "無",
        "200302": "無",
        "200303": "無",
        "200304": "無",
        "200305": "無",
        "200306": "無",
        "200307": "無",
        "200308": "無",
        "200309": "無",
        "200310": "無",
        "200311": "無",
        "200312": "無",
        "200401": "無",
        "200402": "無",
        "200403": "無",
        "200404": "無",
        "200405": "無",
        "200406": "無",
        "200407": "無",
        "200408": "無",
        "200409": "無",
        "200410": "無",
        "200411": "無",
        "200412": "無",
        "200501": "無",
        "200502": "無",
        "200503": "無",
        "200504": "無",
        "200505": "無",
        "200506": "無",
        "200507": "無",
        "200508": "無",
        "200509": "無",
        "200510": "無",
        "200511": "無",
        "200512": "無",
        "200601": "無",
        "200602": "無",
        "200603": "無",
        "200604": "無",
        "200605": "無",
        "200606": "無",
        "200607": "無",
        "200608": "無",
        "200609": "無",
        "200610": "無",
        "200611": "無",
        "200612": "無",
        "200701": "無",
        "200702": "無",
        "200703": "無",
        "200704": "無",
        "200705": "無",
        "200706": "無",
        "200707": "無",
        "200708": "無",
        "200709": "無",
        "200710": "無",
        "200711": "無",
        "200712": "無",
        "200801": "無",
        "200802": "無",
        "200803": "無",
        "200804": "無",
        "200805": "無",
        "200806": "無",
        "200807": "無",
        "200808": "無",
        "200809": "無",
        "200810": "無",
        "200811": "無",
        "200812": "無",
        "200901": "無",
        "200902": "無",
        "200903": "無",
        "200904": "無",
        "200905": "無",
        "200906": "無",
        "200907": "無",
        "200908": "無",
        "200909": "無",
        "200910": "無",
        "200911": "無",
        "200912": "無",
        "201001": "無",
        "201002": "無",
        "201003": "無",
        "201004": "無",
        "201005": "無",
        "201006": "無",
        "201007": "無",
        "201008": "無",
        "201009": "無",
        "201010": "無",
        "201011": "無",
        "201012": "無",
        "201101": "無",
        "201102": "無",
        "201103": "無",
        "201104": "無",
        "201105": "無",
        "201106": "無",
        "201107": "無",
        "201108": "無",
        "201109": "無",
        "201110": "無",
        "201111": "無",
        "201112": "無",
        "201201": "無",
        "201202": "19.23",
        "201203": "18.30",
        "201204": "17.78",
        "201205": "16.32",
        "201206": "15.51",
        "201207": "15.16",
        "201208": "16.15",
        "201209": "17.92",
        "201210": "17.45",
        "201211": "17.71",
        "201212": "18.34",
        "201301": "18.45",
        "201302": "18.59",
        "201303": "17.75",
        "201304": "16.52",
        "201305": "16.49",
        "201306": "15.98",
        "201307": "17.34",
        "201308": "17.30",
        "201309": "17.62",
        "201310": "19.53",
        "201311": "20.56",
        "201312": "21.01",
        "201401": "20.49",
        "201402": "19.63",
        "201403": "18.75",
        "201404": "17.89",
        "201405": "16.87",
        "201406": "17.17",
        "201407": "18.10",
        "201408": "18.07",
        "201409": "18.16",
        "201410": "17.19",
        "201411": "16.84",
        "201412": "16.78",
        "201501": "16.96",
        "201502": "17.10",
        "201503": "17.43",
        "201504": "18.13",
        "201505": "18.16",
        "201506": "18.17",
        "201507": "18.60",
        "201508": "17.81",
        "201509": "18.61",
        "201510": "19.73",
        "201511": "19.46",
        "201512": "18.53",
        "201601": "17.06",
        "201602": "16.95",
        "201603": "16.75",
        "201604": "15.69",
        "201605": "14.88",
        "201606": "14.74",
        "201607": "15.24",
        "201608": "15.87",
        "201609": "14.92",
        "201610": "15.06",
        "201611": "15.93",
        "201612": "17.22",
        "201701": "17.16",
        "201702": "16.84",
        "201703": "16.77",
        "201704": "15.78",
        "201705": "15.56",
        "201706": "15.65",
        "201707": "15.85",
        "201708": "15.73",
        "201709": "15.62",
        "201710": "15.66",
        "201711": "16.17",
        "201712": "16.39",
        "201801": "16.30",
        "201802": "15.59",
        "201803": "15.60",
        "201804": "15.67",
        "201805": "16.32",
        "201806": "16.46",
        "201807": "16.42",
        "201808": "16.07",
        "201809": "15.88",
        "201810": "14.62",
        "201811": "13.56",
        "201812": "12.26",
        "201901": "11.16",
        "201902": "11.30",
        "201903": "11.56",
        "201904": "11.13",
        "201905": "10.60",
        "201906": "10.69",
        "201907": "10.92",
        "201908": "10.47",
        "201909": "10.74",
        "201910": "10.79",
        "201911": "11.39",
        "201912": "11.71",
        "202001": "11.71",
        "202002": "12.24",
        "202003": "9.54",
        "202004": "9.25",
        "202005": "9.41",
        "202006": "9.90",
        "202007": "9.91",
        "202008": "9.55",
        "202009": "9.27",
        "202010": "8.90",
        "202011": "8.59",
        "202012": "8.37",
        "202101": "8.37",
        "202102": "8.25",
        "202103": "8.58",
        "202104": "9.69",
        "202105": "9.39",
        "202106": "9.36",
        "202107": "9.33",
        "202108": "9.12",
        "202109": "9.26",
        "202110": "9.24",
        "202111": "9.27",
        "202112": "9.19",
        "202201": "9.46",
        "202202": "9.29",
        "202203": "8.48",
        "202204": "8.22",
        "202205": "7.24",
        "202206": "7.21",
        "202207": "6.61",
        "202208": "6.46",
        "202209": "6.56",
        "202210": "5.91",
        "202211": "5.54",
        "202212": "5.77",
        "202301": "5.46",
        "202302": "5.53",
        "202303": "5.20",
        "202304": "5.15",
        "202305": "5.17",
        "202306": "5.34",
        "202307": "5.30",
        "202308": "5.15",
        "202309": "5.16",
        "202310": "5.07",
        "202311": "5.08",
        "202312": "5.07"
    },
    "quarters": {
        "20011": {
            "year_quarter": 20011,
            "year": 2001,
            "quarter": 1,
            "eps": null,
            "eps_growth_year": null,
            "eps_4q": null,
            "eps_4q_growth_year": null,
            "roe": null,
            "roe_4q": 0,
            "gross_profit": null,
            "gross_margin": null,
            "gross_margin_4q_avg": 0,
            "net_income": null,
            "net_income_4q": null,
            "revenue": null,
            "revenue_4q": null,
            "common_shares": null,
            "book_valuer_per_share": null,
            "book_valuer_per_share_4q_avg": 0,
            "equity": null,
            "current_ratio": null,
            "debt_ratio": null,
            "inventory_turnover_ratio": null,
            "account_receivable_turnover_ratio": null,
            "reinvestment_rate": null,
            "research_to_sale_ratio": null,
            "price_fair": 0,
            "eps_avg_yearly": 0,
            "eps_latest_yearly": 0,
            "eps_growth_yearly": 0
        },
        "20012": {
            "year_quarter": 20012,
            "year": 2001,
            "quarter": 2,
            "eps": null,
            "eps_growth_year": null,
            "eps_4q": null,
            "eps_4q_growth_year": null,
            "roe": null,
            "roe_4q": 0,
            "gross_profit": null,
            "gross_margin": null,
            "gross_margin_4q_avg": 0,
            "net_income": null,
            "net_income_4q": null,
            "revenue": null,
            "revenue_4q": null,
            "common_shares": null,
            "book_valuer_per_share": null,
            "book_valuer_per_share_4q_avg": 0,
            "equity": null,
            "current_ratio": null,
            "debt_ratio": null,
            "inventory_turnover_ratio": null,
            "account_receivable_turnover_ratio": null,
            "reinvestment_rate": null,
            "research_to_sale_ratio": null,
            "price_fair": 0,
            "eps_avg_yearly": 0,
            "eps_latest_yearly": 0,
            "eps_growth_yearly": 0
        },
        "20013": {
            "year_quarter": 20013,
            "year": 2001,
            "quarter": 3,
            "eps": null,
            "eps_growth_year": null,
            "eps_4q": null,
            "eps_4q_growth_year": null,
            "roe": null,
            "roe_4q": 0,
            "gross_profit": null,
            "gross_margin": null,
            "gross_margin_4q_avg": 0,
            "net_income": null,
            "net_income_4q": null,
            "revenue": null,
            "revenue_4q": null,
            "common_shares": null,
            "book_valuer_per_share": null,
            "book_valuer_per_share_4q_avg": 0,
            "equity": null,
            "current_ratio": null,
            "debt_ratio": null,
            "inventory_turnover_ratio": null,
            "account_receivable_turnover_ratio": null,
            "reinvestment_rate": null,
            "research_to_sale_ratio": null,
            "price_fair": 0,
            "eps_avg_yearly": 0,
            "eps_latest_yearly": 0,
            "eps_growth_yearly": 0
        },
        "20014": {
            "year_quarter": 20014,
            "year": 2001,
            "quarter": 4,
            "eps": null,
            "eps_growth_year": null,
            "eps_4q": null,
            "eps_4q_growth_year": null,
            "roe": null,
            "roe_4q": 0,
            "gross_profit": null,
            "gross_margin": null,
            "gross_margin_4q_avg": 0,
            "net_income": null,
            "net_income_4q": null,
            "revenue": null,
            "revenue_4q": null,
            "common_shares": null,
            "book_valuer_per_share": null,
            "book_valuer_per_share_4q_avg": 0,
            "equity": null,
            "current_ratio": null,
            "debt_ratio": null,
            "inventory_turnover_ratio": null,
            "account_receivable_turnover_ratio": null,
            "reinvestment_rate": null,
            "research_to_sale_ratio": null,
            "price_fair": 0,
            "eps_avg_yearly": 0,
            "eps_latest_yearly": 0,
            "eps_growth_yearly": 0
        },
        "20021": {
            "year_quarter": 20021,
            "year": 2002,
            "quarter": 1,
            "eps": null,
            "eps_growth_year": null,
            "eps_4q": null,
            "eps_4q_growth_year": null,
            "roe": null,
            "roe_4q": 0,
            "gross_profit": null,
            "gross_margin": null,
            "gross_margin_4q_avg": 0,
            "net_income": null,
            "net_income_4q": null,
            "revenue": null,
            "revenue_4q": null,
            "common_shares": null,
            "book_valuer_per_share": null,
            "book_valuer_per_share_4q_avg": 0,
            "equity": null,
            "current_ratio": null,
            "debt_ratio": null,
            "inventory_turnover_ratio": null,
            "account_receivable_turnover_ratio": null,
            "reinvestment_rate": null,
            "research_to_sale_ratio": null,
            "price_fair": 0,
            "eps_avg_yearly": 0,
            "eps_latest_yearly": 0,
            "eps_growth_yearly": 0
        },
        "20022": {
            "year_quarter": 20022,
            "year": 2002,
            "quarter": 2,
            "eps": null,
            "eps_growth_year": null,
            "eps_4q": null,
            "eps_4q_growth_year": null,
            "roe": null,
            "roe_4q": 0,
            "gross_profit": null,
            "gross_margin": null,
            "gross_margin_4q_avg": 0,
            "net_income": null,
            "net_income_4q": null,
            "revenue": null,
            "revenue_4q": null,
            "common_shares": null,
            "book_valuer_per_share": null,
            "book_valuer_per_share_4q_avg": 0,
            "equity": null,
            "current_ratio": null,
            "debt_ratio": null,
            "inventory_turnover_ratio": null,
            "account_receivable_turnover_ratio": null,
            "reinvestment_rate": null,
            "research_to_sale_ratio": null,
            "price_fair": 0,
            "eps_avg_yearly": 0,
            "eps_latest_yearly": 0,
            "eps_growth_yearly": 0
        },
        "20023": {
            "year_quarter": 20023,
            "year": 2002,
            "quarter": 3,
            "eps": null,
            "eps_growth_year": null,
            "eps_4q": null,
            "eps_4q_growth_year": null,
            "roe": null,
            "roe_4q": 0,
            "gross_profit": null,
            "gross_margin": null,
            "gross_margin_4q_avg": 0,
            "net_income": null,
            "net_income_4q": null,
            "revenue": null,
            "revenue_4q": null,
            "common_shares": null,
            "book_valuer_per_share": null,
            "book_valuer_per_share_4q_avg": 0,
            "equity": null,
            "current_ratio": null,
            "debt_ratio": null,
            "inventory_turnover_ratio": null,
            "account_receivable_turnover_ratio": null,
            "reinvestment_rate": null,
            "research_to_sale_ratio": null,
            "price_fair": 0,
            "eps_avg_yearly": 0,
            "eps_latest_yearly": 0,
            "eps_growth_yearly": 0
        },
        "20024": {
            "year_quarter": 20024,
            "year": 2002,
            "quarter": 4,
            "eps": null,
            "eps_growth_year": null,
            "eps_4q": null,
            "eps_4q_growth_year": null,
            "roe": null,
            "roe_4q": 0,
            "gross_profit": null,
            "gross_margin": null,
            "gross_margin_4q_avg": 0,
            "net_income": null,
            "net_income_4q": null,
            "revenue": null,
            "revenue_4q": null,
            "common_shares": null,
            "book_valuer_per_share": null,
            "book_valuer_per_share_4q_avg": 0,
            "equity": null,
            "current_ratio": null,
            "debt_ratio": null,
            "inventory_turnover_ratio": null,
            "account_receivable_turnover_ratio": null,
            "reinvestment_rate": null,
            "research_to_sale_ratio": null,
            "price_fair": 0,
            "eps_avg_yearly": 0,
            "eps_latest_yearly": 0,
            "eps_growth_yearly": 0
        },
        "20031": {
            "year_quarter": 20031,
            "year": 2003,
            "quarter": 1,
            "eps": null,
            "eps_growth_year": null,
            "eps_4q": null,
            "eps_4q_growth_year": null,
            "roe": null,
            "roe_4q": 0,
            "gross_profit": null,
            "gross_margin": null,
            "gross_margin_4q_avg": 0,
            "net_income": null,
            "net_income_4q": null,
            "revenue": null,
            "revenue_4q": null,
            "common_shares": null,
            "book_valuer_per_share": null,
            "book_valuer_per_share_4q_avg": 0,
            "equity": null,
            "current_ratio": null,
            "debt_ratio": null,
            "inventory_turnover_ratio": null,
            "account_receivable_turnover_ratio": null,
            "reinvestment_rate": null,
            "research_to_sale_ratio": null,
            "price_fair": 0,
            "eps_avg_yearly": 0,
            "eps_latest_yearly": 0,
            "eps_growth_yearly": 0
        },
        "20032": {
            "year_quarter": 20032,
            "year": 2003,
            "quarter": 2,
            "eps": null,
            "eps_growth_year": null,
            "eps_4q": null,
            "eps_4q_growth_year": null,
            "roe": null,
            "roe_4q": 0,
            "gross_profit": null,
            "gross_margin": null,
            "gross_margin_4q_avg": 0,
            "net_income": null,
            "net_income_4q": null,
            "revenue": null,
            "revenue_4q": null,
            "common_shares": null,
            "book_valuer_per_share": null,
            "book_valuer_per_share_4q_avg": 0,
            "equity": null,
            "current_ratio": null,
            "debt_ratio": null,
            "inventory_turnover_ratio": null,
            "account_receivable_turnover_ratio": null,
            "reinvestment_rate": null,
            "research_to_sale_ratio": null,
            "price_fair": 0,
            "eps_avg_yearly": 0,
            "eps_latest_yearly": 0,
            "eps_growth_yearly": 0
        },
        "20033": {
            "year_quarter": 20033,
            "year": 2003,
            "quarter": 3,
            "eps": null,
            "eps_growth_year": null,
            "eps_4q": null,
            "eps_4q_growth_year": null,
            "roe": null,
            "roe_4q": 0,
            "gross_profit": null,
            "gross_margin": null,
            "gross_margin_4q_avg": 0,
            "net_income": null,
            "net_income_4q": null,
            "revenue": null,
            "revenue_4q": null,
            "common_shares": null,
            "book_valuer_per_share": null,
            "book_valuer_per_share_4q_avg": 0,
            "equity": null,
            "current_ratio": null,
            "debt_ratio": null,
            "inventory_turnover_ratio": null,
            "account_receivable_turnover_ratio": null,
            "reinvestment_rate": null,
            "research_to_sale_ratio": null,
            "price_fair": 0,
            "eps_avg_yearly": 0,
            "eps_latest_yearly": 0,
            "eps_growth_yearly": 0
        },
        "20034": {
            "year_quarter": 20034,
            "year": 2003,
            "quarter": 4,
            "eps": null,
            "eps_growth_year": null,
            "eps_4q": null,
            "eps_4q_growth_year": null,
            "roe": null,
            "roe_4q": 0,
            "gross_profit": null,
            "gross_margin": null,
            "gross_margin_4q_avg": 0,
            "net_income": null,
            "net_income_4q": null,
            "revenue": null,
            "revenue_4q": null,
            "common_shares": null,
            "book_valuer_per_share": null,
            "book_valuer_per_share_4q_avg": 0,
            "equity": null,
            "current_ratio": null,
            "debt_ratio": null,
            "inventory_turnover_ratio": null,
            "account_receivable_turnover_ratio": null,
            "reinvestment_rate": null,
            "research_to_sale_ratio": null,
            "price_fair": 0,
            "eps_avg_yearly": 0,
            "eps_latest_yearly": 0,
            "eps_growth_yearly": 0
        },
        "20041": {
            "year_quarter": 20041,
            "year": 2004,
            "quarter": 1,
            "eps": null,
            "eps_growth_year": null,
            "eps_4q": null,
            "eps_4q_growth_year": null,
            "roe": null,
            "roe_4q": 0,
            "gross_profit": null,
            "gross_margin": null,
            "gross_margin_4q_avg": 0,
            "net_income": null,
            "net_income_4q": null,
            "revenue": null,
            "revenue_4q": null,
            "common_shares": null,
            "book_valuer_per_share": null,
            "book_valuer_per_share_4q_avg": 0,
            "equity": null,
            "current_ratio": null,
            "debt_ratio": null,
            "inventory_turnover_ratio": null,
            "account_receivable_turnover_ratio": null,
            "reinvestment_rate": null,
            "research_to_sale_ratio": null,
            "price_fair": 0,
            "eps_avg_yearly": 0,
            "eps_latest_yearly": 0,
            "eps_growth_yearly": 0
        },
        "20042": {
            "year_quarter": 20042,
            "year": 2004,
            "quarter": 2,
            "eps": null,
            "eps_growth_year": null,
            "eps_4q": null,
            "eps_4q_growth_year": null,
            "roe": null,
            "roe_4q": 0,
            "gross_profit": null,
            "gross_margin": null,
            "gross_margin_4q_avg": 0,
            "net_income": null,
            "net_income_4q": null,
            "revenue": null,
            "revenue_4q": null,
            "common_shares": null,
            "book_valuer_per_share": null,
            "book_valuer_per_share_4q_avg": 0,
            "equity": null,
            "current_ratio": null,
            "debt_ratio": null,
            "inventory_turnover_ratio": null,
            "account_receivable_turnover_ratio": null,
            "reinvestment_rate": null,
            "research_to_sale_ratio": null,
            "price_fair": 0,
            "eps_avg_yearly": 0,
            "eps_latest_yearly": 0,
            "eps_growth_yearly": 0
        },
        "20043": {
            "year_quarter": 20043,
            "year": 2004,
            "quarter": 3,
            "eps": null,
            "eps_growth_year": null,
            "eps_4q": null,
            "eps_4q_growth_year": null,
            "roe": null,
            "roe_4q": 0,
            "gross_profit": null,
            "gross_margin": null,
            "gross_margin_4q_avg": 0,
            "net_income": null,
            "net_income_4q": null,
            "revenue": null,
            "revenue_4q": null,
            "common_shares": null,
            "book_valuer_per_share": null,
            "book_valuer_per_share_4q_avg": 0,
            "equity": null,
            "current_ratio": null,
            "debt_ratio": null,
            "inventory_turnover_ratio": null,
            "account_receivable_turnover_ratio": null,
            "reinvestment_rate": null,
            "research_to_sale_ratio": null,
            "price_fair": 0,
            "eps_avg_yearly": 0,
            "eps_latest_yearly": 0,
            "eps_growth_yearly": 0
        },
        "20044": {
            "year_quarter": 20044,
            "year": 2004,
            "quarter": 4,
            "eps": null,
            "eps_growth_year": null,
            "eps_4q": null,
            "eps_4q_growth_year": null,
            "roe": null,
            "roe_4q": 0,
            "gross_profit": null,
            "gross_margin": null,
            "gross_margin_4q_avg": 0,
            "net_income": null,
            "net_income_4q": null,
            "revenue": null,
            "revenue_4q": null,
            "common_shares": null,
            "book_valuer_per_share": null,
            "book_valuer_per_share_4q_avg": 0,
            "equity": null,
            "current_ratio": null,
            "debt_ratio": null,
            "inventory_turnover_ratio": null,
            "account_receivable_turnover_ratio": null,
            "reinvestment_rate": null,
            "research_to_sale_ratio": null,
            "price_fair": 0,
            "eps_avg_yearly": 0,
            "eps_latest_yearly": 0,
            "eps_growth_yearly": 0
        },
        "20051": {
            "year_quarter": 20051,
            "year": 2005,
            "quarter": 1,
            "eps": null,
            "eps_growth_year": null,
            "eps_4q": null,
            "eps_4q_growth_year": null,
            "roe": null,
            "roe_4q": 0,
            "gross_profit": null,
            "gross_margin": null,
            "gross_margin_4q_avg": 0,
            "net_income": null,
            "net_income_4q": null,
            "revenue": null,
            "revenue_4q": null,
            "common_shares": null,
            "book_valuer_per_share": null,
            "book_valuer_per_share_4q_avg": 0,
            "equity": null,
            "current_ratio": null,
            "debt_ratio": null,
            "inventory_turnover_ratio": null,
            "account_receivable_turnover_ratio": null,
            "reinvestment_rate": null,
            "research_to_sale_ratio": null,
            "price_fair": 0,
            "eps_avg_yearly": 0,
            "eps_latest_yearly": 0,
            "eps_growth_yearly": 0
        },
        "20052": {
            "year_quarter": 20052,
            "year": 2005,
            "quarter": 2,
            "eps": null,
            "eps_growth_year": null,
            "eps_4q": null,
            "eps_4q_growth_year": null,
            "roe": null,
            "roe_4q": 0,
            "gross_profit": null,
            "gross_margin": null,
            "gross_margin_4q_avg": 0,
            "net_income": null,
            "net_income_4q": null,
            "revenue": null,
            "revenue_4q": null,
            "common_shares": null,
            "book_valuer_per_share": null,
            "book_valuer_per_share_4q_avg": 0,
            "equity": null,
            "current_ratio": null,
            "debt_ratio": null,
            "inventory_turnover_ratio": null,
            "account_receivable_turnover_ratio": null,
            "reinvestment_rate": null,
            "research_to_sale_ratio": null,
            "price_fair": 0,
            "eps_avg_yearly": 0,
            "eps_latest_yearly": 0,
            "eps_growth_yearly": 0
        },
        "20053": {
            "year_quarter": 20053,
            "year": 2005,
            "quarter": 3,
            "eps": null,
            "eps_growth_year": null,
            "eps_4q": null,
            "eps_4q_growth_year": null,
            "roe": null,
            "roe_4q": 0,
            "gross_profit": null,
            "gross_margin": null,
            "gross_margin_4q_avg": 0,
            "net_income": null,
            "net_income_4q": null,
            "revenue": null,
            "revenue_4q": null,
            "common_shares": null,
            "book_valuer_per_share": null,
            "book_valuer_per_share_4q_avg": 0,
            "equity": null,
            "current_ratio": null,
            "debt_ratio": null,
            "inventory_turnover_ratio": null,
            "account_receivable_turnover_ratio": null,
            "reinvestment_rate": null,
            "research_to_sale_ratio": null,
            "price_fair": 0,
            "eps_avg_yearly": 0,
            "eps_latest_yearly": 0,
            "eps_growth_yearly": 0
        },
        "20054": {
            "year_quarter": 20054,
            "year": 2005,
            "quarter": 4,
            "eps": null,
            "eps_growth_year": null,
            "eps_4q": null,
            "eps_4q_growth_year": null,
            "roe": null,
            "roe_4q": 0,
            "gross_profit": null,
            "gross_margin": null,
            "gross_margin_4q_avg": 0,
            "net_income": null,
            "net_income_4q": null,
            "revenue": null,
            "revenue_4q": null,
            "common_shares": null,
            "book_valuer_per_share": null,
            "book_valuer_per_share_4q_avg": 0,
            "equity": null,
            "current_ratio": null,
            "debt_ratio": null,
            "inventory_turnover_ratio": null,
            "account_receivable_turnover_ratio": null,
            "reinvestment_rate": null,
            "research_to_sale_ratio": null,
            "price_fair": 0,
            "eps_avg_yearly": 0,
            "eps_latest_yearly": 0,
            "eps_growth_yearly": 0
        },
        "20061": {
            "year_quarter": 20061,
            "year": 2006,
            "quarter": 1,
            "eps": null,
            "eps_growth_year": null,
            "eps_4q": null,
            "eps_4q_growth_year": null,
            "roe": null,
            "roe_4q": 0,
            "gross_profit": null,
            "gross_margin": null,
            "gross_margin_4q_avg": 0,
            "net_income": null,
            "net_income_4q": null,
            "revenue": null,
            "revenue_4q": null,
            "common_shares": null,
            "book_valuer_per_share": null,
            "book_valuer_per_share_4q_avg": 0,
            "equity": null,
            "current_ratio": null,
            "debt_ratio": null,
            "inventory_turnover_ratio": null,
            "account_receivable_turnover_ratio": null,
            "reinvestment_rate": null,
            "research_to_sale_ratio": null,
            "price_fair": 0,
            "eps_avg_yearly": 0,
            "eps_latest_yearly": 0,
            "eps_growth_yearly": 0
        },
        "20062": {
            "year_quarter": 20062,
            "year": 2006,
            "quarter": 2,
            "eps": null,
            "eps_growth_year": null,
            "eps_4q": null,
            "eps_4q_growth_year": null,
            "roe": null,
            "roe_4q": 0,
            "gross_profit": null,
            "gross_margin": null,
            "gross_margin_4q_avg": 0,
            "net_income": null,
            "net_income_4q": null,
            "revenue": null,
            "revenue_4q": null,
            "common_shares": null,
            "book_valuer_per_share": null,
            "book_valuer_per_share_4q_avg": 0,
            "equity": null,
            "current_ratio": null,
            "debt_ratio": null,
            "inventory_turnover_ratio": null,
            "account_receivable_turnover_ratio": null,
            "reinvestment_rate": null,
            "research_to_sale_ratio": null,
            "price_fair": 0,
            "eps_avg_yearly": 0,
            "eps_latest_yearly": 0,
            "eps_growth_yearly": 0
        },
        "20063": {
            "year_quarter": 20063,
            "year": 2006,
            "quarter": 3,
            "eps": null,
            "eps_growth_year": null,
            "eps_4q": null,
            "eps_4q_growth_year": null,
            "roe": null,
            "roe_4q": 0,
            "gross_profit": null,
            "gross_margin": null,
            "gross_margin_4q_avg": 0,
            "net_income": null,
            "net_income_4q": null,
            "revenue": null,
            "revenue_4q": null,
            "common_shares": null,
            "book_valuer_per_share": null,
            "book_valuer_per_share_4q_avg": 0,
            "equity": null,
            "current_ratio": null,
            "debt_ratio": null,
            "inventory_turnover_ratio": null,
            "account_receivable_turnover_ratio": null,
            "reinvestment_rate": null,
            "research_to_sale_ratio": null,
            "price_fair": 0,
            "eps_avg_yearly": 0,
            "eps_latest_yearly": 0,
            "eps_growth_yearly": 0
        },
        "20064": {
            "year_quarter": 20064,
            "year": 2006,
            "quarter": 4,
            "eps": null,
            "eps_growth_year": null,
            "eps_4q": null,
            "eps_4q_growth_year": null,
            "roe": null,
            "roe_4q": 0,
            "gross_profit": null,
            "gross_margin": null,
            "gross_margin_4q_avg": 0,
            "net_income": null,
            "net_income_4q": null,
            "revenue": null,
            "revenue_4q": null,
            "common_shares": null,
            "book_valuer_per_share": null,
            "book_valuer_per_share_4q_avg": 0,
            "equity": null,
            "current_ratio": null,
            "debt_ratio": null,
            "inventory_turnover_ratio": null,
            "account_receivable_turnover_ratio": null,
            "reinvestment_rate": null,
            "research_to_sale_ratio": null,
            "price_fair": 0,
            "eps_avg_yearly": 0,
            "eps_latest_yearly": 0,
            "eps_growth_yearly": 0
        },
        "20071": {
            "year_quarter": 20071,
            "year": 2007,
            "quarter": 1,
            "eps": null,
            "eps_growth_year": null,
            "eps_4q": null,
            "eps_4q_growth_year": null,
            "roe": null,
            "roe_4q": 0,
            "gross_profit": null,
            "gross_margin": null,
            "gross_margin_4q_avg": 0,
            "net_income": null,
            "net_income_4q": null,
            "revenue": null,
            "revenue_4q": null,
            "common_shares": null,
            "book_valuer_per_share": null,
            "book_valuer_per_share_4q_avg": 0,
            "equity": null,
            "current_ratio": null,
            "debt_ratio": null,
            "inventory_turnover_ratio": null,
            "account_receivable_turnover_ratio": null,
            "reinvestment_rate": null,
            "research_to_sale_ratio": null,
            "price_fair": 0,
            "eps_avg_yearly": 0,
            "eps_latest_yearly": 0,
            "eps_growth_yearly": 0
        },
        "20072": {
            "year_quarter": 20072,
            "year": 2007,
            "quarter": 2,
            "eps": null,
            "eps_growth_year": null,
            "eps_4q": null,
            "eps_4q_growth_year": null,
            "roe": null,
            "roe_4q": 0,
            "gross_profit": null,
            "gross_margin": null,
            "gross_margin_4q_avg": 0,
            "net_income": null,
            "net_income_4q": null,
            "revenue": null,
            "revenue_4q": null,
            "common_shares": null,
            "book_valuer_per_share": null,
            "book_valuer_per_share_4q_avg": 0,
            "equity": null,
            "current_ratio": null,
            "debt_ratio": null,
            "inventory_turnover_ratio": null,
            "account_receivable_turnover_ratio": null,
            "reinvestment_rate": null,
            "research_to_sale_ratio": null,
            "price_fair": 0,
            "eps_avg_yearly": 0,
            "eps_latest_yearly": 0,
            "eps_growth_yearly": 0
        },
        "20073": {
            "year_quarter": 20073,
            "year": 2007,
            "quarter": 3,
            "eps": null,
            "eps_growth_year": null,
            "eps_4q": null,
            "eps_4q_growth_year": null,
            "roe": null,
            "roe_4q": 0,
            "gross_profit": null,
            "gross_margin": null,
            "gross_margin_4q_avg": 0,
            "net_income": null,
            "net_income_4q": null,
            "revenue": null,
            "revenue_4q": null,
            "common_shares": null,
            "book_valuer_per_share": null,
            "book_valuer_per_share_4q_avg": 0,
            "equity": null,
            "current_ratio": null,
            "debt_ratio": null,
            "inventory_turnover_ratio": null,
            "account_receivable_turnover_ratio": null,
            "reinvestment_rate": null,
            "research_to_sale_ratio": null,
            "price_fair": 0,
            "eps_avg_yearly": 0,
            "eps_latest_yearly": 0,
            "eps_growth_yearly": 0
        },
        "20074": {
            "year_quarter": 20074,
            "year": 2007,
            "quarter": 4,
            "eps": null,
            "eps_growth_year": null,
            "eps_4q": null,
            "eps_4q_growth_year": null,
            "roe": null,
            "roe_4q": 0,
            "gross_profit": null,
            "gross_margin": null,
            "gross_margin_4q_avg": 0,
            "net_income": null,
            "net_income_4q": null,
            "revenue": null,
            "revenue_4q": null,
            "common_shares": null,
            "book_valuer_per_share": null,
            "book_valuer_per_share_4q_avg": 0,
            "equity": null,
            "current_ratio": null,
            "debt_ratio": null,
            "inventory_turnover_ratio": null,
            "account_receivable_turnover_ratio": null,
            "reinvestment_rate": null,
            "research_to_sale_ratio": null,
            "price_fair": 0,
            "eps_avg_yearly": 0,
            "eps_latest_yearly": 0,
            "eps_growth_yearly": 0
        },
        "20081": {
            "year_quarter": 20081,
            "year": 2008,
            "quarter": 1,
            "eps": null,
            "eps_growth_year": null,
            "eps_4q": null,
            "eps_4q_growth_year": null,
            "roe": null,
            "roe_4q": 0,
            "gross_profit": null,
            "gross_margin": null,
            "gross_margin_4q_avg": 0,
            "net_income": null,
            "net_income_4q": null,
            "revenue": null,
            "revenue_4q": null,
            "common_shares": null,
            "book_valuer_per_share": null,
            "book_valuer_per_share_4q_avg": 0,
            "equity": null,
            "current_ratio": null,
            "debt_ratio": null,
            "inventory_turnover_ratio": null,
            "account_receivable_turnover_ratio": null,
            "reinvestment_rate": null,
            "research_to_sale_ratio": null,
            "price_fair": 0,
            "eps_avg_yearly": 0,
            "eps_latest_yearly": 0,
            "eps_growth_yearly": 0
        },
        "20082": {
            "year_quarter": 20082,
            "year": 2008,
            "quarter": 2,
            "eps": null,
            "eps_growth_year": null,
            "eps_4q": null,
            "eps_4q_growth_year": null,
            "roe": null,
            "roe_4q": 0,
            "gross_profit": null,
            "gross_margin": null,
            "gross_margin_4q_avg": 0,
            "net_income": null,
            "net_income_4q": null,
            "revenue": null,
            "revenue_4q": null,
            "common_shares": null,
            "book_valuer_per_share": null,
            "book_valuer_per_share_4q_avg": 0,
            "equity": null,
            "current_ratio": null,
            "debt_ratio": null,
            "inventory_turnover_ratio": null,
            "account_receivable_turnover_ratio": null,
            "reinvestment_rate": null,
            "research_to_sale_ratio": null,
            "price_fair": 0,
            "eps_avg_yearly": 0,
            "eps_latest_yearly": 0,
            "eps_growth_yearly": 0
        },
        "20083": {
            "year_quarter": 20083,
            "year": 2008,
            "quarter": 3,
            "eps": null,
            "eps_growth_year": null,
            "eps_4q": null,
            "eps_4q_growth_year": null,
            "roe": null,
            "roe_4q": 0,
            "gross_profit": null,
            "gross_margin": null,
            "gross_margin_4q_avg": 0,
            "net_income": null,
            "net_income_4q": null,
            "revenue": null,
            "revenue_4q": null,
            "common_shares": null,
            "book_valuer_per_share": null,
            "book_valuer_per_share_4q_avg": 0,
            "equity": null,
            "current_ratio": null,
            "debt_ratio": null,
            "inventory_turnover_ratio": null,
            "account_receivable_turnover_ratio": null,
            "reinvestment_rate": null,
            "research_to_sale_ratio": null,
            "price_fair": 0,
            "eps_avg_yearly": 0,
            "eps_latest_yearly": 0,
            "eps_growth_yearly": 0
        },
        "20084": {
            "year_quarter": 20084,
            "year": 2008,
            "quarter": 4,
            "eps": null,
            "eps_growth_year": null,
            "eps_4q": null,
            "eps_4q_growth_year": null,
            "roe": null,
            "roe_4q": 0,
            "gross_profit": null,
            "gross_margin": null,
            "gross_margin_4q_avg": 0,
            "net_income": null,
            "net_income_4q": null,
            "revenue": null,
            "revenue_4q": null,
            "common_shares": null,
            "book_valuer_per_share": null,
            "book_valuer_per_share_4q_avg": 0,
            "equity": null,
            "current_ratio": null,
            "debt_ratio": null,
            "inventory_turnover_ratio": null,
            "account_receivable_turnover_ratio": null,
            "reinvestment_rate": null,
            "research_to_sale_ratio": null,
            "price_fair": 0,
            "eps_avg_yearly": 0,
            "eps_latest_yearly": 0,
            "eps_growth_yearly": 0
        },
        "20091": {
            "year_quarter": 20091,
            "year": 2009,
            "quarter": 1,
            "eps": null,
            "eps_growth_year": null,
            "eps_4q": null,
            "eps_4q_growth_year": null,
            "roe": null,
            "roe_4q": 0,
            "gross_profit": null,
            "gross_margin": null,
            "gross_margin_4q_avg": 0,
            "net_income": null,
            "net_income_4q": null,
            "revenue": null,
            "revenue_4q": null,
            "common_shares": null,
            "book_valuer_per_share": null,
            "book_valuer_per_share_4q_avg": 0,
            "equity": null,
            "current_ratio": null,
            "debt_ratio": null,
            "inventory_turnover_ratio": null,
            "account_receivable_turnover_ratio": null,
            "reinvestment_rate": null,
            "research_to_sale_ratio": null,
            "price_fair": 0,
            "eps_avg_yearly": 0,
            "eps_latest_yearly": 0,
            "eps_growth_yearly": 0
        },
        "20092": {
            "year_quarter": 20092,
            "year": 2009,
            "quarter": 2,
            "eps": null,
            "eps_growth_year": null,
            "eps_4q": null,
            "eps_4q_growth_year": null,
            "roe": null,
            "roe_4q": 0,
            "gross_profit": null,
            "gross_margin": null,
            "gross_margin_4q_avg": 0,
            "net_income": null,
            "net_income_4q": null,
            "revenue": null,
            "revenue_4q": null,
            "common_shares": null,
            "book_valuer_per_share": null,
            "book_valuer_per_share_4q_avg": 0,
            "equity": null,
            "current_ratio": null,
            "debt_ratio": null,
            "inventory_turnover_ratio": null,
            "account_receivable_turnover_ratio": null,
            "reinvestment_rate": null,
            "research_to_sale_ratio": null,
            "price_fair": 0,
            "eps_avg_yearly": 0,
            "eps_latest_yearly": 0,
            "eps_growth_yearly": 0
        },
        "20093": {
            "year_quarter": 20093,
            "year": 2009,
            "quarter": 3,
            "eps": null,
            "eps_growth_year": null,
            "eps_4q": null,
            "eps_4q_growth_year": null,
            "roe": null,
            "roe_4q": 0,
            "gross_profit": null,
            "gross_margin": null,
            "gross_margin_4q_avg": 0,
            "net_income": null,
            "net_income_4q": null,
            "revenue": null,
            "revenue_4q": null,
            "common_shares": null,
            "book_valuer_per_share": null,
            "book_valuer_per_share_4q_avg": 0,
            "equity": null,
            "current_ratio": null,
            "debt_ratio": null,
            "inventory_turnover_ratio": null,
            "account_receivable_turnover_ratio": null,
            "reinvestment_rate": null,
            "research_to_sale_ratio": null,
            "price_fair": 0,
            "eps_avg_yearly": 0,
            "eps_latest_yearly": 0,
            "eps_growth_yearly": 0
        },
        "20094": {
            "year_quarter": 20094,
            "year": 2009,
            "quarter": 4,
            "eps": null,
            "eps_growth_year": null,
            "eps_4q": null,
            "eps_4q_growth_year": null,
            "roe": null,
            "roe_4q": 0,
            "gross_profit": null,
            "gross_margin": null,
            "gross_margin_4q_avg": 0,
            "net_income": null,
            "net_income_4q": null,
            "revenue": null,
            "revenue_4q": null,
            "common_shares": null,
            "book_valuer_per_share": null,
            "book_valuer_per_share_4q_avg": 0,
            "equity": null,
            "current_ratio": null,
            "debt_ratio": null,
            "inventory_turnover_ratio": null,
            "account_receivable_turnover_ratio": null,
            "reinvestment_rate": null,
            "research_to_sale_ratio": null,
            "price_fair": 0,
            "eps_avg_yearly": 0,
            "eps_latest_yearly": 0,
            "eps_growth_yearly": 0
        },
        "20101": {
            "year_quarter": 20101,
            "year": 2010,
            "quarter": 1,
            "eps": null,
            "eps_growth_year": null,
            "eps_4q": null,
            "eps_4q_growth_year": null,
            "roe": null,
            "roe_4q": 0,
            "gross_profit": null,
            "gross_margin": null,
            "gross_margin_4q_avg": 0,
            "net_income": null,
            "net_income_4q": null,
            "revenue": null,
            "revenue_4q": null,
            "common_shares": null,
            "book_valuer_per_share": null,
            "book_valuer_per_share_4q_avg": 0,
            "equity": null,
            "current_ratio": null,
            "debt_ratio": null,
            "inventory_turnover_ratio": null,
            "account_receivable_turnover_ratio": null,
            "reinvestment_rate": null,
            "research_to_sale_ratio": null,
            "price_fair": 0,
            "eps_avg_yearly": 0,
            "eps_latest_yearly": 0,
            "eps_growth_yearly": 0
        },
        "20102": {
            "year_quarter": 20102,
            "year": 2010,
            "quarter": 2,
            "eps": null,
            "eps_growth_year": null,
            "eps_4q": null,
            "eps_4q_growth_year": null,
            "roe": null,
            "roe_4q": 0,
            "gross_profit": null,
            "gross_margin": null,
            "gross_margin_4q_avg": 0,
            "net_income": null,
            "net_income_4q": null,
            "revenue": null,
            "revenue_4q": null,
            "common_shares": null,
            "book_valuer_per_share": null,
            "book_valuer_per_share_4q_avg": 0,
            "equity": null,
            "current_ratio": null,
            "debt_ratio": null,
            "inventory_turnover_ratio": null,
            "account_receivable_turnover_ratio": null,
            "reinvestment_rate": null,
            "research_to_sale_ratio": null,
            "price_fair": 0,
            "eps_avg_yearly": 0,
            "eps_latest_yearly": 0,
            "eps_growth_yearly": 0
        },
        "20103": {
            "year_quarter": 20103,
            "year": 2010,
            "quarter": 3,
            "eps": null,
            "eps_growth_year": null,
            "eps_4q": null,
            "eps_4q_growth_year": null,
            "roe": null,
            "roe_4q": 0,
            "gross_profit": null,
            "gross_margin": null,
            "gross_margin_4q_avg": 0,
            "net_income": null,
            "net_income_4q": null,
            "revenue": null,
            "revenue_4q": null,
            "common_shares": null,
            "book_valuer_per_share": null,
            "book_valuer_per_share_4q_avg": 0,
            "equity": null,
            "current_ratio": null,
            "debt_ratio": null,
            "inventory_turnover_ratio": null,
            "account_receivable_turnover_ratio": null,
            "reinvestment_rate": null,
            "research_to_sale_ratio": null,
            "price_fair": 0,
            "eps_avg_yearly": 0,
            "eps_latest_yearly": 0,
            "eps_growth_yearly": 0
        },
        "20104": {
            "year_quarter": 20104,
            "year": 2010,
            "quarter": 4,
            "eps": null,
            "eps_growth_year": null,
            "eps_4q": null,
            "eps_4q_growth_year": null,
            "roe": null,
            "roe_4q": 0,
            "gross_profit": null,
            "gross_margin": null,
            "gross_margin_4q_avg": 0,
            "net_income": null,
            "net_income_4q": null,
            "revenue": null,
            "revenue_4q": null,
            "common_shares": 10041805,
            "book_valuer_per_share": null,
            "book_valuer_per_share_4q_avg": 0,
            "equity": 16937354,
            "current_ratio": null,
            "debt_ratio": null,
            "inventory_turnover_ratio": null,
            "account_receivable_turnover_ratio": null,
            "reinvestment_rate": null,
            "research_to_sale_ratio": null,
            "price_fair": 0,
            "eps_avg_yearly": 0,
            "eps_latest_yearly": 0,
            "eps_growth_yearly": 0
        },
        "20111": {
            "year_quarter": 20111,
            "year": 2011,
            "quarter": 1,
            "eps": null,
            "eps_growth_year": null,
            "eps_4q": null,
            "eps_4q_growth_year": null,
            "roe": null,
            "roe_4q": 0,
            "gross_profit": null,
            "gross_margin": null,
            "gross_margin_4q_avg": 0,
            "net_income": 412548,
            "net_income_4q": null,
            "revenue": 412548,
            "revenue_4q": null,
            "common_shares": 10541805,
            "book_valuer_per_share": null,
            "book_valuer_per_share_4q_avg": 0,
            "equity": 16193863,
            "current_ratio": null,
            "debt_ratio": null,
            "inventory_turnover_ratio": null,
            "account_receivable_turnover_ratio": null,
            "reinvestment_rate": null,
            "research_to_sale_ratio": null,
            "price_fair": 0,
            "eps_avg_yearly": 0,
            "eps_latest_yearly": 0,
            "eps_growth_yearly": 0
        },
        "20112": {
            "year_quarter": 20112,
            "year": 2011,
            "quarter": 2,
            "eps": null,
            "eps_growth_year": null,
            "eps_4q": null,
            "eps_4q_growth_year": null,
            "roe": null,
            "roe_4q": 0,
            "gross_profit": null,
            "gross_margin": null,
            "gross_margin_4q_avg": 0,
            "net_income": 471609,
            "net_income_4q": null,
            "revenue": 471609,
            "revenue_4q": null,
            "common_shares": 10541805,
            "book_valuer_per_share": null,
            "book_valuer_per_share_4q_avg": 0,
            "equity": 15928173,
            "current_ratio": null,
            "debt_ratio": null,
            "inventory_turnover_ratio": null,
            "account_receivable_turnover_ratio": null,
            "reinvestment_rate": null,
            "research_to_sale_ratio": null,
            "price_fair": 0,
            "eps_avg_yearly": 0,
            "eps_latest_yearly": 0,
            "eps_growth_yearly": 0
        },
        "20113": {
            "year_quarter": 20113,
            "year": 2011,
            "quarter": 3,
            "eps": null,
            "eps_growth_year": null,
            "eps_4q": null,
            "eps_4q_growth_year": null,
            "roe": null,
            "roe_4q": 0,
            "gross_profit": null,
            "gross_margin": null,
            "gross_margin_4q_avg": 0,
            "net_income": 870546,
            "net_income_4q": null,
            "revenue": 870546,
            "revenue_4q": null,
            "common_shares": 10763184,
            "book_valuer_per_share": null,
            "book_valuer_per_share_4q_avg": 0,
            "equity": 12915795,
            "current_ratio": null,
            "debt_ratio": null,
            "inventory_turnover_ratio": null,
            "account_receivable_turnover_ratio": null,
            "reinvestment_rate": null,
            "research_to_sale_ratio": null,
            "price_fair": 0,
            "eps_avg_yearly": 0,
            "eps_latest_yearly": 0,
            "eps_growth_yearly": 0
        },
        "20114": {
            "year_quarter": 20114,
            "year": 2011,
            "quarter": 4,
            "eps": null,
            "eps_growth_year": null,
            "eps_4q": null,
            "eps_4q_growth_year": null,
            "roe": null,
            "roe_4q": 0,
            "gross_profit": null,
            "gross_margin": null,
            "gross_margin_4q_avg": 0,
            "net_income": -922481,
            "net_income_4q": null,
            "revenue": -922481,
            "revenue_4q": null,
            "common_shares": 10763184,
            "book_valuer_per_share": 11.07,
            "book_valuer_per_share_4q_avg": 2.77,
            "equity": 11916926,
            "current_ratio": null,
            "debt_ratio": 97.64,
            "inventory_turnover_ratio": null,
            "account_receivable_turnover_ratio": null,
            "reinvestment_rate": null,
            "research_to_sale_ratio": null,
            "price_fair": 0,
            "eps_avg_yearly": 0,
            "eps_latest_yearly": 0,
            "eps_growth_yearly": 0
        },
        "20121": {
            "year_quarter": 20121,
            "year": 2012,
            "quarter": 1,
            "eps": 0.07,
            "eps_growth_year": null,
            "eps_4q": 0.07,
            "eps_4q_growth_year": null,
            "roe": 0.59,
            "roe_4q": 0.59,
            "gross_profit": null,
            "gross_margin": null,
            "gross_margin_4q_avg": 0,
            "net_income": 79103,
            "net_income_4q": null,
            "revenue": 79103,
            "revenue_4q": null,
            "common_shares": 10763184,
            "book_valuer_per_share": 13.73,
            "book_valuer_per_share_4q_avg": 6.2,
            "equity": 14775020,
            "current_ratio": null,
            "debt_ratio": 97.18,
            "inventory_turnover_ratio": null,
            "account_receivable_turnover_ratio": 0.09,
            "reinvestment_rate": null,
            "research_to_sale_ratio": null,
            "price_fair": 0,
            "eps_avg_yearly": 0,
            "eps_latest_yearly": 0,
            "eps_growth_yearly": 0
        },
        "20122": {
            "year_quarter": 20122,
            "year": 2012,
            "quarter": 2,
            "eps": 0.54,
            "eps_growth_year": null,
            "eps_4q": 0.62,
            "eps_4q_growth_year": null,
            "roe": 4.21,
            "roe_4q": 4.8,
            "gross_profit": null,
            "gross_margin": null,
            "gross_margin_4q_avg": 0,
            "net_income": 584825,
            "net_income_4q": null,
            "revenue": 584825,
            "revenue_4q": null,
            "common_shares": 10763184,
            "book_valuer_per_share": 12.08,
            "book_valuer_per_share_4q_avg": 9.22,
            "equity": 13004237,
            "current_ratio": null,
            "debt_ratio": 97.57,
            "inventory_turnover_ratio": null,
            "account_receivable_turnover_ratio": 0.77,
            "reinvestment_rate": null,
            "research_to_sale_ratio": null,
            "price_fair": 75.6,
            "eps_avg_yearly": 2.16,
            "eps_latest_yearly": 2.16,
            "eps_growth_yearly": 2685.71
        },
        "20123": {
            "year_quarter": 20123,
            "year": 2012,
            "quarter": 3,
            "eps": 1.41,
            "eps_growth_year": null,
            "eps_4q": 1.99,
            "eps_4q_growth_year": null,
            "roe": 10.71,
            "roe_4q": 15.510000000000002,
            "gross_profit": null,
            "gross_margin": null,
            "gross_margin_4q_avg": 0,
            "net_income": 1600574,
            "net_income_4q": null,
            "revenue": 1600574,
            "revenue_4q": null,
            "common_shares": 11363184,
            "book_valuer_per_share": 14.86,
            "book_valuer_per_share_4q_avg": 12.94,
            "equity": 16889189,
            "current_ratio": null,
            "debt_ratio": 96.97,
            "inventory_turnover_ratio": null,
            "account_receivable_turnover_ratio": 2.27,
            "reinvestment_rate": null,
            "research_to_sale_ratio": null,
            "price_fair": 136.5,
            "eps_avg_yearly": 3.9,
            "eps_latest_yearly": 5.64,
            "eps_growth_yearly": 1665.08
        },
        "20124": {
            "year_quarter": 20124,
            "year": 2012,
            "quarter": 4,
            "eps": -0.63,
            "eps_growth_year": null,
            "eps_4q": 1.33,
            "eps_4q_growth_year": null,
            "roe": -3.54,
            "roe_4q": 11.97,
            "gross_profit": null,
            "gross_margin": null,
            "gross_margin_4q_avg": 0,
            "net_income": -726584,
            "net_income_4q": null,
            "revenue": -726584,
            "revenue_4q": null,
            "common_shares": 11585414,
            "book_valuer_per_share": 20.83,
            "book_valuer_per_share_4q_avg": 15.38,
            "equity": 24136130,
            "current_ratio": null,
            "debt_ratio": 95.95,
            "inventory_turnover_ratio": null,
            "account_receivable_turnover_ratio": -0.92,
            "reinvestment_rate": null,
            "research_to_sale_ratio": null,
            "price_fair": 136.5,
            "eps_avg_yearly": 3.9,
            "eps_latest_yearly": 5.64,
            "eps_growth_yearly": 1665.08
        },
        "20131": {
            "year_quarter": 20131,
            "year": 2013,
            "quarter": 1,
            "eps": 0.41,
            "eps_growth_year": 485.71,
            "eps_4q": 1.67,
            "eps_4q_growth_year": 2169.83,
            "roe": 1.94,
            "roe_4q": 13.32,
            "gross_profit": null,
            "gross_margin": null,
            "gross_margin_4q_avg": 0,
            "net_income": 473852,
            "net_income_4q": null,
            "revenue": 42187313,
            "revenue_4q": null,
            "common_shares": 11585414,
            "book_valuer_per_share": 21.26,
            "book_valuer_per_share_4q_avg": 17.26,
            "equity": 24632918,
            "current_ratio": null,
            "debt_ratio": 96.1,
            "inventory_turnover_ratio": null,
            "account_receivable_turnover_ratio": 50.85,
            "reinvestment_rate": null,
            "research_to_sale_ratio": null,
            "price_fair": 136.5,
            "eps_avg_yearly": 3.9,
            "eps_latest_yearly": 5.64,
            "eps_growth_yearly": 1665.08
        },
        "20132": {
            "year_quarter": 20132,
            "year": 2013,
            "quarter": 2,
            "eps": 0.91,
            "eps_growth_year": 67.48,
            "eps_4q": 1.96,
            "eps_4q_growth_year": 217.28,
            "roe": 4.55,
            "roe_4q": 13.66,
            "gross_profit": null,
            "gross_margin": null,
            "gross_margin_4q_avg": 0,
            "net_income": 1055647,
            "net_income_4q": null,
            "revenue": 26533923,
            "revenue_4q": null,
            "common_shares": 11585414,
            "book_valuer_per_share": 18.83,
            "book_valuer_per_share_4q_avg": 18.95,
            "equity": 21814778,
            "current_ratio": null,
            "debt_ratio": 96.61,
            "inventory_turnover_ratio": null,
            "account_receivable_turnover_ratio": 38.36,
            "reinvestment_rate": null,
            "research_to_sale_ratio": null,
            "price_fair": 133.47,
            "eps_avg_yearly": 3.81,
            "eps_latest_yearly": 3.64,
            "eps_growth_yearly": 1272.65
        },
        "20133": {
            "year_quarter": 20133,
            "year": 2013,
            "quarter": 3,
            "eps": 0.62,
            "eps_growth_year": -55.98,
            "eps_4q": 1.27,
            "eps_4q_growth_year": -36.32,
            "roe": 3.48,
            "roe_4q": 6.429999999999999,
            "gross_profit": null,
            "gross_margin": null,
            "gross_margin_4q_avg": 0,
            "net_income": 755626,
            "net_income_4q": null,
            "revenue": 37360059,
            "revenue_4q": null,
            "common_shares": 12280539,
            "book_valuer_per_share": 17.55,
            "book_valuer_per_share_4q_avg": 19.62,
            "equity": 21553894,
            "current_ratio": null,
            "debt_ratio": 96.76,
            "inventory_turnover_ratio": null,
            "account_receivable_turnover_ratio": 56.41,
            "reinvestment_rate": null,
            "research_to_sale_ratio": null,
            "price_fair": 121.8,
            "eps_avg_yearly": 3.48,
            "eps_latest_yearly": 2.48,
            "eps_growth_yearly": 922.62
        },
        "20134": {
            "year_quarter": 20134,
            "year": 2013,
            "quarter": 4,
            "eps": 0.13,
            "eps_growth_year": null,
            "eps_4q": 1.99,
            "eps_4q_growth_year": 50.2,
            "roe": 0.76,
            "roe_4q": 10.729999999999999,
            "gross_profit": null,
            "gross_margin": null,
            "gross_margin_4q_avg": 0,
            "net_income": 163487,
            "net_income_4q": null,
            "revenue": 44488488,
            "revenue_4q": null,
            "common_shares": 12280539,
            "book_valuer_per_share": 17.4,
            "book_valuer_per_share_4q_avg": 18.76,
            "equity": 21362891,
            "current_ratio": null,
            "debt_ratio": 96.95,
            "inventory_turnover_ratio": null,
            "account_receivable_turnover_ratio": 58.09,
            "reinvestment_rate": null,
            "research_to_sale_ratio": null,
            "price_fair": 101.08,
            "eps_avg_yearly": 2.89,
            "eps_latest_yearly": 0.52,
            "eps_growth_yearly": 674.87
        },
        "20141": {
            "year_quarter": 20141,
            "year": 2014,
            "quarter": 1,
            "eps": -0.51,
            "eps_growth_year": -224.39,
            "eps_4q": 1.1,
            "eps_4q_growth_year": -34.32,
            "roe": -2.86,
            "roe_4q": 5.93,
            "gross_profit": null,
            "gross_margin": null,
            "gross_margin_4q_avg": 0,
            "net_income": -629126,
            "net_income_4q": null,
            "revenue": 43878641,
            "revenue_4q": null,
            "common_shares": 12280539,
            "book_valuer_per_share": 18.37,
            "book_valuer_per_share_4q_avg": 18.04,
            "equity": 22564450,
            "current_ratio": null,
            "debt_ratio": 96.92,
            "inventory_turnover_ratio": null,
            "account_receivable_turnover_ratio": 58.81,
            "reinvestment_rate": null,
            "research_to_sale_ratio": null,
            "price_fair": 101.08,
            "eps_avg_yearly": 2.89,
            "eps_latest_yearly": 0.52,
            "eps_growth_yearly": 674.87
        },
        "20142": {
            "year_quarter": 20142,
            "year": 2014,
            "quarter": 2,
            "eps": 1.16,
            "eps_growth_year": 27.47,
            "eps_4q": 1.35,
            "eps_4q_growth_year": -30.85,
            "roe": 6.05,
            "roe_4q": 7.43,
            "gross_profit": null,
            "gross_margin": null,
            "gross_margin_4q_avg": 0,
            "net_income": 1453229,
            "net_income_4q": null,
            "revenue": 33385178,
            "revenue_4q": null,
            "common_shares": 12880539,
            "book_valuer_per_share": 19.78,
            "book_valuer_per_share_4q_avg": 18.28,
            "equity": 25472004,
            "current_ratio": null,
            "debt_ratio": 96.59,
            "inventory_turnover_ratio": null,
            "account_receivable_turnover_ratio": 54.4,
            "reinvestment_rate": null,
            "research_to_sale_ratio": null,
            "price_fair": 101.08,
            "eps_avg_yearly": 2.89,
            "eps_latest_yearly": 0.52,
            "eps_growth_yearly": 674.87
        },
        "20143": {
            "year_quarter": 20143,
            "year": 2014,
            "quarter": 3,
            "eps": 1,
            "eps_growth_year": 61.29,
            "eps_4q": 1.73,
            "eps_4q_growth_year": 36.65,
            "roe": 5.43,
            "roe_4q": 9.38,
            "gross_profit": null,
            "gross_margin": null,
            "gross_margin_4q_avg": 0,
            "net_income": 1357962,
            "net_income_4q": null,
            "revenue": 38637300,
            "revenue_4q": null,
            "common_shares": 13524566,
            "book_valuer_per_share": 18.16,
            "book_valuer_per_share_4q_avg": 18.43,
            "equity": 24564832,
            "current_ratio": null,
            "debt_ratio": 96.82,
            "inventory_turnover_ratio": null,
            "account_receivable_turnover_ratio": 71.39,
            "reinvestment_rate": null,
            "research_to_sale_ratio": null,
            "price_fair": 107.57,
            "eps_avg_yearly": 3.07,
            "eps_latest_yearly": 4,
            "eps_growth_yearly": 553.2
        },
        "20144": {
            "year_quarter": 20144,
            "year": 2014,
            "quarter": 4,
            "eps": 0.17,
            "eps_growth_year": 27.52,
            "eps_4q": 1.78,
            "eps_4q_growth_year": -10.57,
            "roe": 0.91,
            "roe_4q": 9.530000000000001,
            "gross_profit": null,
            "gross_margin": null,
            "gross_margin_4q_avg": 0,
            "net_income": 229607,
            "net_income_4q": null,
            "revenue": 38821815,
            "revenue_4q": null,
            "common_shares": 13524566,
            "book_valuer_per_share": 19.29,
            "book_valuer_per_share_4q_avg": 18.9,
            "equity": 26085191,
            "current_ratio": null,
            "debt_ratio": 96.75,
            "inventory_turnover_ratio": null,
            "account_receivable_turnover_ratio": 61.83,
            "reinvestment_rate": 75.99,
            "research_to_sale_ratio": null,
            "price_fair": 95.6,
            "eps_avg_yearly": 2.73,
            "eps_latest_yearly": 0.68,
            "eps_growth_yearly": 426.74
        },
        "20151": {
            "year_quarter": 20151,
            "year": 2015,
            "quarter": 1,
            "eps": 0.54,
            "eps_growth_year": null,
            "eps_4q": 2.79,
            "eps_4q_growth_year": 154.27,
            "roe": 2.7,
            "roe_4q": 15.09,
            "gross_profit": null,
            "gross_margin": null,
            "gross_margin_4q_avg": 0,
            "net_income": 727348,
            "net_income_4q": null,
            "revenue": 48679231,
            "revenue_4q": null,
            "common_shares": 13524566,
            "book_valuer_per_share": 20.49,
            "book_valuer_per_share_4q_avg": 19.43,
            "equity": 27717750,
            "current_ratio": null,
            "debt_ratio": 96.51,
            "inventory_turnover_ratio": null,
            "account_receivable_turnover_ratio": 75.2,
            "reinvestment_rate": 92.23,
            "research_to_sale_ratio": null,
            "price_fair": 93.1,
            "eps_avg_yearly": 2.66,
            "eps_latest_yearly": 2.16,
            "eps_growth_yearly": 482.22
        },
        "20152": {
            "year_quarter": 20152,
            "year": 2015,
            "quarter": 2,
            "eps": 1.47,
            "eps_growth_year": 26.72,
            "eps_4q": 2.89,
            "eps_4q_growth_year": 113.62,
            "roe": 7.3,
            "roe_4q": 16.34,
            "gross_profit": null,
            "gross_margin": null,
            "gross_margin_4q_avg": 0,
            "net_income": 1986240,
            "net_income_4q": null,
            "revenue": 34143654,
            "revenue_4q": null,
            "common_shares": 13524566,
            "book_valuer_per_share": 19.76,
            "book_valuer_per_share_4q_avg": 19.43,
            "equity": 26730441,
            "current_ratio": null,
            "debt_ratio": 96.67,
            "inventory_turnover_ratio": null,
            "account_receivable_turnover_ratio": 66.01,
            "reinvestment_rate": 76.15,
            "research_to_sale_ratio": null,
            "price_fair": 105.62,
            "eps_avg_yearly": 3.02,
            "eps_latest_yearly": 5.88,
            "eps_growth_yearly": 505.19
        },
        "20153": {
            "year_quarter": 20153,
            "year": 2015,
            "quarter": 3,
            "eps": 0.82,
            "eps_growth_year": -18,
            "eps_4q": 2.79,
            "eps_4q_growth_year": 61.12,
            "roe": 4.75,
            "roe_4q": 15.66,
            "gross_profit": null,
            "gross_margin": null,
            "gross_margin_4q_avg": 0,
            "net_income": 1213926,
            "net_income_4q": null,
            "revenue": 37463007,
            "revenue_4q": null,
            "common_shares": 14877023,
            "book_valuer_per_share": 16.36,
            "book_valuer_per_share_4q_avg": 18.98,
            "equity": 24334107,
            "current_ratio": null,
            "debt_ratio": 97.11,
            "inventory_turnover_ratio": null,
            "account_receivable_turnover_ratio": 78.27,
            "reinvestment_rate": 75.52,
            "research_to_sale_ratio": null,
            "price_fair": 106.54,
            "eps_avg_yearly": 3.04,
            "eps_latest_yearly": 3.28,
            "eps_growth_yearly": 436.98
        },
        "20154": {
            "year_quarter": 20154,
            "year": 2015,
            "quarter": 4,
            "eps": -0.7,
            "eps_growth_year": -515.26,
            "eps_4q": 1.77,
            "eps_4q_growth_year": -0.81,
            "roe": -4.35,
            "roe_4q": 10.4,
            "gross_profit": null,
            "gross_margin": null,
            "gross_margin_4q_avg": 0,
            "net_income": -1119308,
            "net_income_4q": null,
            "revenue": 41375987,
            "revenue_4q": null,
            "common_shares": 15877023,
            "book_valuer_per_share": 17.05,
            "book_valuer_per_share_4q_avg": 18.42,
            "equity": 27075972,
            "current_ratio": null,
            "debt_ratio": 96.85,
            "inventory_turnover_ratio": null,
            "account_receivable_turnover_ratio": 74.41,
            "reinvestment_rate": 63.89,
            "research_to_sale_ratio": null,
            "price_fair": 106.54,
            "eps_avg_yearly": 3.04,
            "eps_latest_yearly": 3.28,
            "eps_growth_yearly": 436.98
        },
        "20161": {
            "year_quarter": 20161,
            "year": 2016,
            "quarter": 1,
            "eps": 0.11,
            "eps_growth_year": -79.63,
            "eps_4q": 1.42,
            "eps_4q_growth_year": -48.9,
            "roe": 0.64,
            "roe_4q": 8.34,
            "gross_profit": null,
            "gross_margin": null,
            "gross_margin_4q_avg": 0,
            "net_income": 179598,
            "net_income_4q": null,
            "revenue": 48446079,
            "revenue_4q": null,
            "common_shares": 15877023,
            "book_valuer_per_share": 18.44,
            "book_valuer_per_share_4q_avg": 17.9,
            "equity": 29269808,
            "current_ratio": null,
            "debt_ratio": 96.68,
            "inventory_turnover_ratio": null,
            "account_receivable_turnover_ratio": 87.87,
            "reinvestment_rate": 66.55,
            "research_to_sale_ratio": null,
            "price_fair": 106.54,
            "eps_avg_yearly": 3.04,
            "eps_latest_yearly": 3.28,
            "eps_growth_yearly": 436.98
        },
        "20162": {
            "year_quarter": 20162,
            "year": 2016,
            "quarter": 2,
            "eps": 1.61,
            "eps_growth_year": 9.52,
            "eps_4q": 1.78,
            "eps_4q_growth_year": -38.45,
            "roe": 8.59,
            "roe_4q": 9.63,
            "gross_profit": null,
            "gross_margin": null,
            "gross_margin_4q_avg": 0,
            "net_income": 2551294,
            "net_income_4q": null,
            "revenue": 37116856,
            "revenue_4q": null,
            "common_shares": 15877023,
            "book_valuer_per_share": 18.99,
            "book_valuer_per_share_4q_avg": 17.71,
            "equity": 30151202,
            "current_ratio": null,
            "debt_ratio": 96.62,
            "inventory_turnover_ratio": null,
            "account_receivable_turnover_ratio": 86.86,
            "reinvestment_rate": 45.8,
            "research_to_sale_ratio": null,
            "price_fair": 121.52,
            "eps_avg_yearly": 3.47,
            "eps_latest_yearly": 6.44,
            "eps_growth_yearly": 713.86
        },
        "20163": {
            "year_quarter": 20163,
            "year": 2016,
            "quarter": 3,
            "eps": 0.85,
            "eps_growth_year": 3.66,
            "eps_4q": 1.81,
            "eps_4q_growth_year": -35.16,
            "roe": 4.48,
            "roe_4q": 9.360000000000001,
            "gross_profit": null,
            "gross_margin": null,
            "gross_margin_4q_avg": 0,
            "net_income": 1409032,
            "net_income_4q": null,
            "revenue": 44288783,
            "revenue_4q": null,
            "common_shares": 16670874,
            "book_valuer_per_share": 19.68,
            "book_valuer_per_share_4q_avg": 18.54,
            "equity": 32810642,
            "current_ratio": null,
            "debt_ratio": 96.42,
            "inventory_turnover_ratio": null,
            "account_receivable_turnover_ratio": 116.22,
            "reinvestment_rate": 57.86,
            "research_to_sale_ratio": null,
            "price_fair": 113.68,
            "eps_avg_yearly": 3.25,
            "eps_latest_yearly": 3.4,
            "eps_growth_yearly": 630.54
        },
        "20164": {
            "year_quarter": 20164,
            "year": 2016,
            "quarter": 4,
            "eps": -0.71,
            "eps_growth_year": null,
            "eps_4q": 1.78,
            "eps_4q_growth_year": 0.42,
            "roe": -3.68,
            "roe_4q": 10.030000000000001,
            "gross_profit": null,
            "gross_margin": null,
            "gross_margin_4q_avg": 0,
            "net_income": -1178927,
            "net_income_4q": null,
            "revenue": 44224583,
            "revenue_4q": null,
            "common_shares": 16670874,
            "book_valuer_per_share": 18.73,
            "book_valuer_per_share_4q_avg": 18.96,
            "equity": 31227991,
            "current_ratio": null,
            "debt_ratio": 96.71,
            "inventory_turnover_ratio": null,
            "account_receivable_turnover_ratio": 99.75,
            "reinvestment_rate": 56.11,
            "research_to_sale_ratio": null,
            "price_fair": 113.68,
            "eps_avg_yearly": 3.25,
            "eps_latest_yearly": 3.4,
            "eps_growth_yearly": 630.54
        },
        "20171": {
            "year_quarter": 20171,
            "year": 2017,
            "quarter": 1,
            "eps": -0.78,
            "eps_growth_year": -809.09,
            "eps_4q": 0.89,
            "eps_4q_growth_year": -37.37,
            "roe": -4.15,
            "roe_4q": 5.24,
            "gross_profit": null,
            "gross_margin": null,
            "gross_margin_4q_avg": 0,
            "net_income": -1294918,
            "net_income_4q": null,
            "revenue": 49446723,
            "revenue_4q": null,
            "common_shares": 16670874,
            "book_valuer_per_share": 18.66,
            "book_valuer_per_share_4q_avg": 19.02,
            "equity": 31115869,
            "current_ratio": null,
            "debt_ratio": 96.78,
            "inventory_turnover_ratio": null,
            "account_receivable_turnover_ratio": 116.37,
            "reinvestment_rate": 66.67,
            "research_to_sale_ratio": null,
            "price_fair": 113.68,
            "eps_avg_yearly": 3.25,
            "eps_latest_yearly": 3.4,
            "eps_growth_yearly": 630.54
        },
        "20172": {
            "year_quarter": 20172,
            "year": 2017,
            "quarter": 2,
            "eps": 2.05,
            "eps_growth_year": 27.33,
            "eps_4q": 1.46,
            "eps_4q_growth_year": -17.92,
            "roe": 11.04,
            "roe_4q": 7.6899999999999995,
            "gross_profit": null,
            "gross_margin": null,
            "gross_margin_4q_avg": 0,
            "net_income": 3724040,
            "net_income_4q": null,
            "revenue": 40146529,
            "revenue_4q": null,
            "common_shares": 16670874,
            "book_valuer_per_share": 21.8,
            "book_valuer_per_share_4q_avg": 19.72,
            "equity": 36337333,
            "current_ratio": null,
            "debt_ratio": 96.34,
            "inventory_turnover_ratio": null,
            "account_receivable_turnover_ratio": 123.65,
            "reinvestment_rate": 44.8,
            "research_to_sale_ratio": null,
            "price_fair": 112.16,
            "eps_avg_yearly": 3.2,
            "eps_latest_yearly": 3.4,
            "eps_growth_yearly": 646.4
        },
        "20173": {
            "year_quarter": 20173,
            "year": 2017,
            "quarter": 3,
            "eps": 0.97,
            "eps_growth_year": 14.12,
            "eps_4q": 1.61,
            "eps_4q_growth_year": -11.26,
            "roe": 4.83,
            "roe_4q": 8.04,
            "gross_profit": null,
            "gross_margin": null,
            "gross_margin_4q_avg": 0,
            "net_income": 1837638,
            "net_income_4q": null,
            "revenue": 49346059,
            "revenue_4q": null,
            "common_shares": 19204594,
            "book_valuer_per_share": 20.67,
            "book_valuer_per_share_4q_avg": 19.97,
            "equity": 39693790,
            "current_ratio": null,
            "debt_ratio": 96.14,
            "inventory_turnover_ratio": null,
            "account_receivable_turnover_ratio": 181.31,
            "reinvestment_rate": 32.76,
            "research_to_sale_ratio": null,
            "price_fair": 117.6,
            "eps_avg_yearly": 3.36,
            "eps_latest_yearly": 3.88,
            "eps_growth_yearly": 637.14
        },
        "20174": {
            "year_quarter": 20174,
            "year": 2017,
            "quarter": 4,
            "eps": -0.56,
            "eps_growth_year": null,
            "eps_4q": 1.66,
            "eps_4q_growth_year": -6.63,
            "roe": -2.74,
            "roe_4q": 8.979999999999999,
            "gross_profit": null,
            "gross_margin": null,
            "gross_margin_4q_avg": 0,
            "net_income": -1081808,
            "net_income_4q": null,
            "revenue": 46047902,
            "revenue_4q": null,
            "common_shares": 19204594,
            "book_valuer_per_share": 20.42,
            "book_valuer_per_share_4q_avg": 20.39,
            "equity": 39211891,
            "current_ratio": null,
            "debt_ratio": 96.28,
            "inventory_turnover_ratio": null,
            "account_receivable_turnover_ratio": 145.77,
            "reinvestment_rate": 33.64,
            "research_to_sale_ratio": null,
            "price_fair": 130.03,
            "eps_avg_yearly": 3.72,
            "eps_latest_yearly": 3.88,
            "eps_growth_yearly": 756.3
        },
        "20181": {
            "year_quarter": 20181,
            "year": 2018,
            "quarter": 1,
            "eps": -0.46,
            "eps_growth_year": null,
            "eps_4q": 1.88,
            "eps_4q_growth_year": 110.31,
            "roe": -2.35,
            "roe_4q": 10.78,
            "gross_profit": null,
            "gross_margin": null,
            "gross_margin_4q_avg": 0,
            "net_income": -878497,
            "net_income_4q": null,
            "revenue": 48202878,
            "revenue_4q": null,
            "common_shares": 19204594,
            "book_valuer_per_share": 18.46,
            "book_valuer_per_share_4q_avg": 20.34,
            "equity": 35460098,
            "current_ratio": null,
            "debt_ratio": 96.72,
            "inventory_turnover_ratio": null,
            "account_receivable_turnover_ratio": 156.73,
            "reinvestment_rate": 27.7,
            "research_to_sale_ratio": null,
            "price_fair": 130.03,
            "eps_avg_yearly": 3.72,
            "eps_latest_yearly": 3.88,
            "eps_growth_yearly": 756.3
        },
        "20182": {
            "year_quarter": 20182,
            "year": 2018,
            "quarter": 2,
            "eps": 1.46,
            "eps_growth_year": -28.78,
            "eps_4q": 1.4,
            "eps_4q_growth_year": -4.28,
            "roe": 8.93,
            "roe_4q": 8.67,
            "gross_profit": null,
            "gross_margin": null,
            "gross_margin_4q_avg": 0,
            "net_income": 3229634,
            "net_income_4q": null,
            "revenue": 40622467,
            "revenue_4q": null,
            "common_shares": 19204594,
            "book_valuer_per_share": 19.22,
            "book_valuer_per_share_4q_avg": 19.69,
            "equity": 36911554,
            "current_ratio": null,
            "debt_ratio": 96.71,
            "inventory_turnover_ratio": null,
            "account_receivable_turnover_ratio": 187.4,
            "reinvestment_rate": 23.32,
            "research_to_sale_ratio": null,
            "price_fair": 130.03,
            "eps_avg_yearly": 3.72,
            "eps_latest_yearly": 3.88,
            "eps_growth_yearly": 756.3
        },
        "20183": {
            "year_quarter": 20183,
            "year": 2018,
            "quarter": 3,
            "eps": -0.88,
            "eps_growth_year": -190.72,
            "eps_4q": -0.31,
            "eps_4q_growth_year": -119.32,
            "roe": -5.67,
            "roe_4q": -1.8300000000000005,
            "gross_profit": null,
            "gross_margin": null,
            "gross_margin_4q_avg": 0,
            "net_income": -1959435,
            "net_income_4q": null,
            "revenue": 40013592,
            "revenue_4q": null,
            "common_shares": 22219715,
            "book_valuer_per_share": 14.47,
            "book_valuer_per_share_4q_avg": 18.14,
            "equity": 32149253,
            "current_ratio": null,
            "debt_ratio": 97.18,
            "inventory_turnover_ratio": null,
            "account_receivable_turnover_ratio": 196.41,
            "reinvestment_rate": 28.13,
            "research_to_sale_ratio": null,
            "price_fair": 128.6,
            "eps_avg_yearly": 3.67,
            "eps_latest_yearly": 3.88,
            "eps_growth_yearly": 872.23
        },
        "20184": {
            "year_quarter": 20184,
            "year": 2018,
            "quarter": 4,
            "eps": -0.3,
            "eps_growth_year": null,
            "eps_4q": -0.13,
            "eps_4q_growth_year": -107.94,
            "roe": -2.42,
            "roe_4q": -1.5100000000000002,
            "gross_profit": null,
            "gross_margin": null,
            "gross_margin_4q_avg": 0,
            "net_income": -704115,
            "net_income_4q": null,
            "revenue": 39005552,
            "revenue_4q": null,
            "common_shares": 23719715,
            "book_valuer_per_share": 11,
            "book_valuer_per_share_4q_avg": 15.79,
            "equity": 26095652,
            "current_ratio": null,
            "debt_ratio": 97.72,
            "inventory_turnover_ratio": null,
            "account_receivable_turnover_ratio": 169.53,
            "reinvestment_rate": 25.34,
            "research_to_sale_ratio": null,
            "price_fair": 146.07,
            "eps_avg_yearly": 4.17,
            "eps_latest_yearly": 3.88,
            "eps_growth_yearly": 1072.93
        },
        "20191": {
            "year_quarter": 20191,
            "year": 2019,
            "quarter": 1,
            "eps": 0.01,
            "eps_growth_year": null,
            "eps_4q": 0.25,
            "eps_4q_growth_year": -86.9,
            "roe": 0.06,
            "roe_4q": 0.9000000000000004,
            "gross_profit": null,
            "gross_margin": null,
            "gross_margin_4q_avg": 0,
            "net_income": 16402,
            "net_income_4q": null,
            "revenue": 50478760,
            "revenue_4q": null,
            "common_shares": 23719715,
            "book_valuer_per_share": 14,
            "book_valuer_per_share_4q_avg": 14.67,
            "equity": 33218355,
            "current_ratio": null,
            "debt_ratio": 97.21,
            "inventory_turnover_ratio": null,
            "account_receivable_turnover_ratio": 236.71,
            "reinvestment_rate": 9.73,
            "research_to_sale_ratio": null,
            "price_fair": 160.16,
            "eps_avg_yearly": 4.58,
            "eps_latest_yearly": 3.88,
            "eps_growth_yearly": 1113.4
        },
        "20192": {
            "year_quarter": 20192,
            "year": 2019,
            "quarter": 2,
            "eps": 0.71,
            "eps_growth_year": -51.37,
            "eps_4q": -0.41,
            "eps_4q_growth_year": -129.09,
            "roe": 5.02,
            "roe_4q": -3.0100000000000007,
            "gross_profit": null,
            "gross_margin": null,
            "gross_margin_4q_avg": 0,
            "net_income": 1682297,
            "net_income_4q": null,
            "revenue": 41073989,
            "revenue_4q": null,
            "common_shares": 23719715,
            "book_valuer_per_share": 14.25,
            "book_valuer_per_share_4q_avg": 13.43,
            "equity": 33803494,
            "current_ratio": null,
            "debt_ratio": 97.22,
            "inventory_turnover_ratio": null,
            "account_receivable_turnover_ratio": 231.88,
            "reinvestment_rate": 8.5,
            "research_to_sale_ratio": null,
            "price_fair": 138.88,
            "eps_avg_yearly": 3.97,
            "eps_latest_yearly": 2.84,
            "eps_growth_yearly": 6575.62
        },
        "20193": {
            "year_quarter": 20193,
            "year": 2019,
            "quarter": 3,
            "eps": 0.76,
            "eps_growth_year": null,
            "eps_4q": 1.18,
            "eps_4q_growth_year": null,
            "roe": 5.14,
            "roe_4q": 7.800000000000001,
            "gross_profit": null,
            "gross_margin": null,
            "gross_margin_4q_avg": 0,
            "net_income": 1798866,
            "net_income_4q": null,
            "revenue": 42505792,
            "revenue_4q": null,
            "common_shares": 23719715,
            "book_valuer_per_share": 15.24,
            "book_valuer_per_share_4q_avg": 13.62,
            "equity": 36156282,
            "current_ratio": null,
            "debt_ratio": 97.09,
            "inventory_turnover_ratio": null,
            "account_receivable_turnover_ratio": 286.41,
            "reinvestment_rate": 5.83,
            "research_to_sale_ratio": null,
            "price_fair": 137.2,
            "eps_avg_yearly": 3.92,
            "eps_latest_yearly": 3.04,
            "eps_growth_yearly": 6616.63
        },
        "20194": {
            "year_quarter": 20194,
            "year": 2019,
            "quarter": 4,
            "eps": 0.81,
            "eps_growth_year": null,
            "eps_4q": 2.29,
            "eps_4q_growth_year": null,
            "roe": 5.04,
            "roe_4q": 15.26,
            "gross_profit": null,
            "gross_margin": null,
            "gross_margin_4q_avg": 0,
            "net_income": 1925881,
            "net_income_4q": null,
            "revenue": 45429691,
            "revenue_4q": null,
            "common_shares": 23719715,
            "book_valuer_per_share": 16.95,
            "book_valuer_per_share_4q_avg": 15.11,
            "equity": 40209100,
            "current_ratio": null,
            "debt_ratio": 96.81,
            "inventory_turnover_ratio": null,
            "account_receivable_turnover_ratio": 330.02,
            "reinvestment_rate": 4.5,
            "research_to_sale_ratio": null,
            "price_fair": 133.23,
            "eps_avg_yearly": 3.81,
            "eps_latest_yearly": 3.24,
            "eps_growth_yearly": 5518.25
        },
        "20201": {
            "year_quarter": 20201,
            "year": 2020,
            "quarter": 1,
            "eps": 0.27,
            "eps_growth_year": 2600,
            "eps_4q": 2.55,
            "eps_4q_growth_year": 938.9,
            "roe": 1.76,
            "roe_4q": 16.96,
            "gross_profit": null,
            "gross_margin": null,
            "gross_margin_4q_avg": 0,
            "net_income": 644370,
            "net_income_4q": null,
            "revenue": 34303306,
            "revenue_4q": null,
            "common_shares": 23719715,
            "book_valuer_per_share": 13.84,
            "book_valuer_per_share_4q_avg": 15.07,
            "equity": 32824496,
            "current_ratio": null,
            "debt_ratio": 97.41,
            "inventory_turnover_ratio": null,
            "account_receivable_turnover_ratio": 263.09,
            "reinvestment_rate": 1.63,
            "research_to_sale_ratio": null,
            "price_fair": 119.6,
            "eps_avg_yearly": 3.42,
            "eps_latest_yearly": 1.08,
            "eps_growth_yearly": 4691.83
        },
        "20202": {
            "year_quarter": 20202,
            "year": 2020,
            "quarter": 2,
            "eps": 0.34,
            "eps_growth_year": -52.11,
            "eps_4q": 2.18,
            "eps_4q_growth_year": null,
            "roe": 2.17,
            "roe_4q": 14.11,
            "gross_profit": null,
            "gross_margin": null,
            "gross_margin_4q_avg": 0,
            "net_income": 803977,
            "net_income_4q": null,
            "revenue": 41334161,
            "revenue_4q": null,
            "common_shares": 23719715,
            "book_valuer_per_share": 17.38,
            "book_valuer_per_share_4q_avg": 15.85,
            "equity": 41232446,
            "current_ratio": null,
            "debt_ratio": 96.82,
            "inventory_turnover_ratio": null,
            "account_receivable_turnover_ratio": 410.21,
            "reinvestment_rate": 0.44,
            "research_to_sale_ratio": null,
            "price_fair": 94.2,
            "eps_avg_yearly": 2.69,
            "eps_latest_yearly": 1.36,
            "eps_growth_yearly": 3927.42
        },
        "20203": {
            "year_quarter": 20203,
            "year": 2020,
            "quarter": 3,
            "eps": -0.46,
            "eps_growth_year": -160.53,
            "eps_4q": 0.96,
            "eps_4q_growth_year": -18.33,
            "roe": -2.75,
            "roe_4q": 6.22,
            "gross_profit": null,
            "gross_margin": null,
            "gross_margin_4q_avg": 0,
            "net_income": -1092703,
            "net_income_4q": null,
            "revenue": 36284056,
            "revenue_4q": null,
            "common_shares": 23719715,
            "book_valuer_per_share": 16.12,
            "book_valuer_per_share_4q_avg": 16.07,
            "equity": 38235089,
            "current_ratio": null,
            "debt_ratio": 97.09,
            "inventory_turnover_ratio": null,
            "account_receivable_turnover_ratio": 379,
            "reinvestment_rate": -2.73,
            "research_to_sale_ratio": null,
            "price_fair": 90.07,
            "eps_avg_yearly": 2.57,
            "eps_latest_yearly": 1.36,
            "eps_growth_yearly": 4613.47
        },
        "20204": {
            "year_quarter": 20204,
            "year": 2020,
            "quarter": 4,
            "eps": 0.44,
            "eps_growth_year": -46.4,
            "eps_4q": 0.58,
            "eps_4q_growth_year": -74.75,
            "roe": 2.71,
            "roe_4q": 3.8899999999999997,
            "gross_profit": null,
            "gross_margin": null,
            "gross_margin_4q_avg": 0,
            "net_income": 1088894,
            "net_income_4q": null,
            "revenue": 45310441,
            "revenue_4q": null,
            "common_shares": 25019715,
            "book_valuer_per_share": 16.83,
            "book_valuer_per_share_4q_avg": 16.04,
            "equity": 42111789,
            "current_ratio": null,
            "debt_ratio": 96.85,
            "inventory_turnover_ratio": null,
            "account_receivable_turnover_ratio": 402.51,
            "reinvestment_rate": -0.75,
            "research_to_sale_ratio": null,
            "price_fair": 90.07,
            "eps_avg_yearly": 2.57,
            "eps_latest_yearly": 1.36,
            "eps_growth_yearly": 4613.47
        },
        "20211": {
            "year_quarter": 20211,
            "year": 2021,
            "quarter": 1,
            "eps": 0.65,
            "eps_growth_year": 140.74,
            "eps_4q": 0.97,
            "eps_4q_growth_year": -61.85,
            "roe": 3.85,
            "roe_4q": 5.98,
            "gross_profit": null,
            "gross_margin": null,
            "gross_margin_4q_avg": 0,
            "net_income": 1635123,
            "net_income_4q": null,
            "revenue": 44217441,
            "revenue_4q": null,
            "common_shares": 25019715,
            "book_valuer_per_share": 17.16,
            "book_valuer_per_share_4q_avg": 16.87,
            "equity": 42922853,
            "current_ratio": null,
            "debt_ratio": 96.86,
            "inventory_turnover_ratio": null,
            "account_receivable_turnover_ratio": 392.69,
            "reinvestment_rate": -0.3,
            "research_to_sale_ratio": null,
            "price_fair": 90.2,
            "eps_avg_yearly": 2.58,
            "eps_latest_yearly": 2.6,
            "eps_growth_yearly": 3981.67
        },
        "20212": {
            "year_quarter": 20212,
            "year": 2021,
            "quarter": 2,
            "eps": 0.44,
            "eps_growth_year": 29.41,
            "eps_4q": 1.08,
            "eps_4q_growth_year": -50.46,
            "roe": 2.55,
            "roe_4q": 6.359999999999999,
            "gross_profit": null,
            "gross_margin": null,
            "gross_margin_4q_avg": 0,
            "net_income": 1112274,
            "net_income_4q": null,
            "revenue": 32701697,
            "revenue_4q": null,
            "common_shares": 25019715,
            "book_valuer_per_share": 17.66,
            "book_valuer_per_share_4q_avg": 16.94,
            "equity": 44187101,
            "current_ratio": null,
            "debt_ratio": 96.78,
            "inventory_turnover_ratio": null,
            "account_receivable_turnover_ratio": 433.21,
            "reinvestment_rate": -2.29,
            "research_to_sale_ratio": null,
            "price_fair": 86.63,
            "eps_avg_yearly": 2.48,
            "eps_latest_yearly": 1.76,
            "eps_growth_yearly": 3467.81
        },
        "20213": {
            "year_quarter": 20213,
            "year": 2021,
            "quarter": 3,
            "eps": -0.3,
            "eps_growth_year": null,
            "eps_4q": 1.14,
            "eps_4q_growth_year": 18.69,
            "roe": -1.84,
            "roe_4q": 7.27,
            "gross_profit": null,
            "gross_margin": null,
            "gross_margin_4q_avg": 0,
            "net_income": -788587,
            "net_income_4q": null,
            "revenue": 30009220,
            "revenue_4q": null,
            "common_shares": 26319715,
            "book_valuer_per_share": 15.79,
            "book_valuer_per_share_4q_avg": 16.86,
            "equity": 41555501,
            "current_ratio": null,
            "debt_ratio": 97,
            "inventory_turnover_ratio": null,
            "account_receivable_turnover_ratio": 486.11,
            "reinvestment_rate": 43.31,
            "research_to_sale_ratio": null,
            "price_fair": 79.6,
            "eps_avg_yearly": 2.27,
            "eps_latest_yearly": 1.76,
            "eps_growth_yearly": 3993.31
        },
        "20214": {
            "year_quarter": 20214,
            "year": 2021,
            "quarter": 4,
            "eps": -0.33,
            "eps_growth_year": -174.71,
            "eps_4q": 0.41,
            "eps_4q_growth_year": -29.23,
            "roe": -2.09,
            "roe_4q": 2.47,
            "gross_profit": null,
            "gross_margin": null,
            "gross_margin_4q_avg": 0,
            "net_income": -868012,
            "net_income_4q": null,
            "revenue": 36210189,
            "revenue_4q": null,
            "common_shares": 26695011,
            "book_valuer_per_share": 15.52,
            "book_valuer_per_share_4q_avg": 16.53,
            "equity": 41438390,
            "current_ratio": null,
            "debt_ratio": 97.04,
            "inventory_turnover_ratio": null,
            "account_receivable_turnover_ratio": 442.13,
            "reinvestment_rate": 45.33,
            "research_to_sale_ratio": null,
            "price_fair": 79.6,
            "eps_avg_yearly": 2.27,
            "eps_latest_yearly": 1.76,
            "eps_growth_yearly": 3993.31
        },
        "20221": {
            "year_quarter": 20221,
            "year": 2022,
            "quarter": 1,
            "eps": -1.22,
            "eps_growth_year": -287.69,
            "eps_4q": -1.25,
            "eps_4q_growth_year": -228.02,
            "roe": -8.19,
            "roe_4q": -9.57,
            "gross_profit": null,
            "gross_margin": null,
            "gross_margin_4q_avg": 0,
            "net_income": -3317994,
            "net_income_4q": null,
            "revenue": 31228587,
            "revenue_4q": null,
            "common_shares": 30995011,
            "book_valuer_per_share": 12.78,
            "book_valuer_per_share_4q_avg": 15.44,
            "equity": 39604378,
            "current_ratio": null,
            "debt_ratio": 97.25,
            "inventory_turnover_ratio": null,
            "account_receivable_turnover_ratio": 411.01,
            "reinvestment_rate": 69.74,
            "research_to_sale_ratio": null,
            "price_fair": 79.6,
            "eps_avg_yearly": 2.27,
            "eps_latest_yearly": 1.76,
            "eps_growth_yearly": 3993.31
        },
        "20222": {
            "year_quarter": 20222,
            "year": 2022,
            "quarter": 2,
            "eps": -1.1,
            "eps_growth_year": -350,
            "eps_4q": -2.7,
            "eps_4q_growth_year": -350.1,
            "roe": -10.34,
            "roe_4q": -22.46,
            "gross_profit": null,
            "gross_margin": null,
            "gross_margin_4q_avg": 0,
            "net_income": -3400327,
            "net_income_4q": null,
            "revenue": 21548839,
            "revenue_4q": null,
            "common_shares": 30995011,
            "book_valuer_per_share": 8.43,
            "book_valuer_per_share_4q_avg": 13.13,
            "equity": 26139323,
            "current_ratio": null,
            "debt_ratio": 98.18,
            "inventory_turnover_ratio": null,
            "account_receivable_turnover_ratio": 307.57,
            "reinvestment_rate": null,
            "research_to_sale_ratio": null,
            "price_fair": 79.6,
            "eps_avg_yearly": 2.27,
            "eps_latest_yearly": 1.76,
            "eps_growth_yearly": 3993.31
        },
        "20223": {
            "year_quarter": 20223,
            "year": 2022,
            "quarter": 3,
            "eps": 0.34,
            "eps_growth_year": null,
            "eps_4q": -2.11,
            "eps_4q_growth_year": -284.56,
            "roe": 3.97,
            "roe_4q": -16.65,
            "gross_profit": null,
            "gross_margin": null,
            "gross_margin_4q_avg": 0,
            "net_income": 1055326,
            "net_income_4q": null,
            "revenue": 30633481,
            "revenue_4q": null,
            "common_shares": 30995011,
            "book_valuer_per_share": 8.71,
            "book_valuer_per_share_4q_avg": 11.36,
            "equity": 26997463,
            "current_ratio": null,
            "debt_ratio": 98.18,
            "inventory_turnover_ratio": null,
            "account_receivable_turnover_ratio": 456.1,
            "reinvestment_rate": 352.18,
            "research_to_sale_ratio": null,
            "price_fair": 79.6,
            "eps_avg_yearly": 2.27,
            "eps_latest_yearly": 1.76,
            "eps_growth_yearly": 3993.31
        },
        "20224": {
            "year_quarter": 20224,
            "year": 2022,
            "quarter": 4,
            "eps": -1.95,
            "eps_growth_year": null,
            "eps_4q": -3.33,
            "eps_4q_growth_year": -915.39,
            "roe": -28.64,
            "roe_4q": -43.2,
            "gross_profit": null,
            "gross_margin": null,
            "gross_margin_4q_avg": 0,
            "net_income": -7995807,
            "net_income_4q": null,
            "revenue": 26236183,
            "revenue_4q": null,
            "common_shares": 40995011,
            "book_valuer_per_share": 7.04,
            "book_valuer_per_share_4q_avg": 9.24,
            "equity": 28848252,
            "current_ratio": null,
            "debt_ratio": 98.02,
            "inventory_turnover_ratio": null,
            "account_receivable_turnover_ratio": 453.7,
            "reinvestment_rate": null,
            "research_to_sale_ratio": null,
            "price_fair": 79.6,
            "eps_avg_yearly": 2.27,
            "eps_latest_yearly": 1.76,
            "eps_growth_yearly": 3993.31
        },
        "20231": {
            "year_quarter": 20231,
            "year": 2023,
            "quarter": 1,
            "eps": -0.7,
            "eps_growth_year": null,
            "eps_4q": -2.88,
            "eps_4q_growth_year": null,
            "roe": -8.68,
            "roe_4q": -43.69,
            "gross_profit": null,
            "gross_margin": null,
            "gross_margin_4q_avg": 0,
            "net_income": -2917904,
            "net_income_4q": null,
            "revenue": 31666850,
            "revenue_4q": null,
            "common_shares": 45995011,
            "book_valuer_per_share": 8.34,
            "book_valuer_per_share_4q_avg": 8.13,
            "equity": 38356834,
            "current_ratio": null,
            "debt_ratio": 97.4,
            "inventory_turnover_ratio": null,
            "account_receivable_turnover_ratio": 619.67,
            "reinvestment_rate": null,
            "research_to_sale_ratio": null,
            "price_fair": 79.6,
            "eps_avg_yearly": 2.27,
            "eps_latest_yearly": 1.76,
            "eps_growth_yearly": 3993.31
        },
        "20232": {
            "year_quarter": 20232,
            "year": 2023,
            "quarter": 2,
            "eps": -0.37,
            "eps_growth_year": null,
            "eps_4q": -2.52,
            "eps_4q_growth_year": null,
            "roe": -4.5,
            "roe_4q": -37.85,
            "gross_profit": null,
            "gross_margin": null,
            "gross_margin_4q_avg": 0,
            "net_income": -1723194,
            "net_income_4q": null,
            "revenue": 31171164,
            "revenue_4q": null,
            "common_shares": 45995011,
            "book_valuer_per_share": 8.31,
            "book_valuer_per_share_4q_avg": 8.1,
            "equity": 38233249,
            "current_ratio": null,
            "debt_ratio": 97.47,
            "inventory_turnover_ratio": null,
            "account_receivable_turnover_ratio": 672.23,
            "reinvestment_rate": null,
            "research_to_sale_ratio": null,
            "price_fair": 6.54,
            "eps_avg_yearly": 2.18,
            "eps_latest_yearly": 1.76,
            "eps_growth_yearly": -7.8
        },
        "20233": {
            "year_quarter": 20233,
            "year": 2023,
            "quarter": 3,
            "eps": 0.56,
            "eps_growth_year": 64.71,
            "eps_4q": -2.19,
            "eps_4q_growth_year": null,
            "roe": 6.75,
            "roe_4q": -35.07,
            "gross_profit": null,
            "gross_margin": null,
            "gross_margin_4q_avg": 0,
            "net_income": 2581778,
            "net_income_4q": null,
            "revenue": 34283110,
            "revenue_4q": null,
            "common_shares": 45995011,
            "book_valuer_per_share": 8.32,
            "book_valuer_per_share_4q_avg": 8,
            "equity": 38256190,
            "current_ratio": null,
            "debt_ratio": 97.52,
            "inventory_turnover_ratio": null,
            "account_receivable_turnover_ratio": 723.55,
            "reinvestment_rate": null,
            "research_to_sale_ratio": null,
            "price_fair": 6.02,
            "eps_avg_yearly": 2.01,
            "eps_latest_yearly": 1.76,
            "eps_growth_yearly": -14.99
        }
    },
    "months": {
        "2012-02": {
            "month": "2012-02",
            "price": "19.23",
            "revenue": 10018249
        },
        "2012-03": {
            "month": "2012-03",
            "price": "18.30",
            "revenue": 7670976
        },
        "2012-04": {
            "month": "2012-04",
            "price": "17.78",
            "revenue": 7771780
        },
        "2012-05": {
            "month": "2012-05",
            "price": "16.32",
            "revenue": 5090075
        },
        "2012-06": {
            "month": "2012-06",
            "price": "15.51",
            "revenue": 10389829
        },
        "2012-07": {
            "month": "2012-07",
            "price": "15.16",
            "revenue": 13142486
        },
        "2012-08": {
            "month": "2012-08",
            "price": "16.15",
            "revenue": 9319706
        },
        "2012-09": {
            "month": "2012-09",
            "price": "17.92",
            "revenue": 11554438
        },
        "2012-10": {
            "month": "2012-10",
            "price": "17.45",
            "revenue": 10060267
        },
        "2012-11": {
            "month": "2012-11",
            "price": "17.71",
            "revenue": 11085632
        },
        "2012-12": {
            "month": "2012-12",
            "price": "18.34",
            "revenue": 16433112
        },
        "2013-01": {
            "month": "2013-01",
            "price": "18.45",
            "revenue": 21291125
        },
        "2013-02": {
            "month": "2013-02",
            "price": "18.59",
            "revenue": 8332635
        },
        "2013-03": {
            "month": "2013-03",
            "price": "17.75",
            "revenue": 12563554
        },
        "2013-04": {
            "month": "2013-04",
            "price": "16.52",
            "revenue": 10732056
        },
        "2013-05": {
            "month": "2013-05",
            "price": "16.49",
            "revenue": 8668236
        },
        "2013-06": {
            "month": "2013-06",
            "price": "15.98",
            "revenue": 7133630
        },
        "2013-07": {
            "month": "2013-07",
            "price": "17.34",
            "revenue": 13613393
        },
        "2013-08": {
            "month": "2013-08",
            "price": "17.30",
            "revenue": 9031866
        },
        "2013-09": {
            "month": "2013-09",
            "price": "17.62",
            "revenue": 14714799
        },
        "2013-10": {
            "month": "2013-10",
            "price": "19.53",
            "revenue": 12675319
        },
        "2013-11": {
            "month": "2013-11",
            "price": "20.56",
            "revenue": 11906619
        },
        "2013-12": {
            "month": "2013-12",
            "price": "21.01",
            "revenue": 19906135
        },
        "2014-01": {
            "month": "2014-01",
            "price": "20.49",
            "revenue": 19609301
        },
        "2014-02": {
            "month": "2014-02",
            "price": "19.63",
            "revenue": 10634910
        },
        "2014-03": {
            "month": "2014-03",
            "price": "18.75",
            "revenue": 13634427
        },
        "2014-04": {
            "month": "2014-04",
            "price": "17.89",
            "revenue": 9212290
        },
        "2014-05": {
            "month": "2014-05",
            "price": "16.87",
            "revenue": 10991629
        },
        "2014-06": {
            "month": "2014-06",
            "price": "17.17",
            "revenue": 13181263
        },
        "2014-07": {
            "month": "2014-07",
            "price": "18.10",
            "revenue": 13107336
        },
        "2014-08": {
            "month": "2014-08",
            "price": "18.07",
            "revenue": 12406936
        },
        "2014-09": {
            "month": "2014-09",
            "price": "18.16",
            "revenue": 13123026
        },
        "2014-10": {
            "month": "2014-10",
            "price": "17.19",
            "revenue": 8608630
        },
        "2014-11": {
            "month": "2014-11",
            "price": "16.84",
            "revenue": 11687329
        },
        "2014-12": {
            "month": "2014-12",
            "price": "16.78",
            "revenue": 18525201
        },
        "2015-01": {
            "month": "2015-01",
            "price": "16.96",
            "revenue": 17831696
        },
        "2015-02": {
            "month": "2015-02",
            "price": "17.10",
            "revenue": 13650623
        },
        "2015-03": {
            "month": "2015-03",
            "price": "17.43",
            "revenue": 17196911
        },
        "2015-04": {
            "month": "2015-04",
            "price": "18.13",
            "revenue": 12329906
        },
        "2015-05": {
            "month": "2015-05",
            "price": "18.16",
            "revenue": 10379749
        },
        "2015-06": {
            "month": "2015-06",
            "price": "18.17",
            "revenue": 11433999
        },
        "2015-07": {
            "month": "2015-07",
            "price": "18.60",
            "revenue": 12770484
        },
        "2015-08": {
            "month": "2015-08",
            "price": "17.81",
            "revenue": 11495212
        },
        "2015-09": {
            "month": "2015-09",
            "price": "18.61",
            "revenue": 13063945
        },
        "2015-10": {
            "month": "2015-10",
            "price": "19.73",
            "revenue": 12892847
        },
        "2015-11": {
            "month": "2015-11",
            "price": "19.46",
            "revenue": 12467998
        },
        "2015-12": {
            "month": "2015-12",
            "price": "18.53",
            "revenue": 16139779
        },
        "2016-01": {
            "month": "2016-01",
            "price": "17.06",
            "revenue": 15767919
        },
        "2016-02": {
            "month": "2016-02",
            "price": "16.95",
            "revenue": 12631310
        },
        "2016-03": {
            "month": "2016-03",
            "price": "16.75",
            "revenue": 20046851
        },
        "2016-04": {
            "month": "2016-04",
            "price": "15.69",
            "revenue": 12199991
        },
        "2016-05": {
            "month": "2016-05",
            "price": "14.88",
            "revenue": 12588304
        },
        "2016-06": {
            "month": "2016-06",
            "price": "14.74",
            "revenue": 12325281
        },
        "2016-07": {
            "month": "2016-07",
            "price": "15.24",
            "revenue": 14297578
        },
        "2016-08": {
            "month": "2016-08",
            "price": "15.87",
            "revenue": 14958616
        },
        "2016-09": {
            "month": "2016-09",
            "price": "14.92",
            "revenue": 15035870
        },
        "2016-10": {
            "month": "2016-10",
            "price": "15.06",
            "revenue": 10000724
        },
        "2016-11": {
            "month": "2016-11",
            "price": "15.93",
            "revenue": 13980623
        },
        "2016-12": {
            "month": "2016-12",
            "price": "17.22",
            "revenue": 20483592
        },
        "2017-01": {
            "month": "2017-01",
            "price": "17.16",
            "revenue": 18795313
        },
        "2017-02": {
            "month": "2017-02",
            "price": "16.84",
            "revenue": 11516723
        },
        "2017-03": {
            "month": "2017-03",
            "price": "16.77",
            "revenue": 19134687
        },
        "2017-04": {
            "month": "2017-04",
            "price": "15.78",
            "revenue": 10721058
        },
        "2017-05": {
            "month": "2017-05",
            "price": "15.56",
            "revenue": 13507630
        },
        "2017-06": {
            "month": "2017-06",
            "price": "15.65",
            "revenue": 15917841
        },
        "2017-07": {
            "month": "2017-07",
            "price": "15.85",
            "revenue": 16168072
        },
        "2017-08": {
            "month": "2017-08",
            "price": "15.73",
            "revenue": 15460062
        },
        "2017-09": {
            "month": "2017-09",
            "price": "15.62",
            "revenue": 17717926
        },
        "2017-10": {
            "month": "2017-10",
            "price": "15.66",
            "revenue": 12650648
        },
        "2017-11": {
            "month": "2017-11",
            "price": "16.17",
            "revenue": 14331371
        },
        "2017-12": {
            "month": "2017-12",
            "price": "16.39",
            "revenue": 19068071
        },
        "2018-01": {
            "month": "2018-01",
            "price": "16.30",
            "revenue": 20053133
        },
        "2018-02": {
            "month": "2018-02",
            "price": "15.59",
            "revenue": 9452807
        },
        "2018-03": {
            "month": "2018-03",
            "price": "15.60",
            "revenue": 18696939
        },
        "2018-04": {
            "month": "2018-04",
            "price": "15.67",
            "revenue": 12650850
        },
        "2018-05": {
            "month": "2018-05",
            "price": "16.32",
            "revenue": 14623596
        },
        "2018-06": {
            "month": "2018-06",
            "price": "16.46",
            "revenue": 13348021
        },
        "2018-07": {
            "month": "2018-07",
            "price": "16.42",
            "revenue": 14284782
        },
        "2018-08": {
            "month": "2018-08",
            "price": "16.07",
            "revenue": 12427902
        },
        "2018-09": {
            "month": "2018-09",
            "price": "15.88",
            "revenue": 13300908
        },
        "2018-10": {
            "month": "2018-10",
            "price": "14.62",
            "revenue": 9218825
        },
        "2018-11": {
            "month": "2018-11",
            "price": "13.56",
            "revenue": 14255534
        },
        "2018-12": {
            "month": "2018-12",
            "price": "12.26",
            "revenue": 15530901
        },
        "2019-01": {
            "month": "2019-01",
            "price": "11.16",
            "revenue": 19788314
        },
        "2019-02": {
            "month": "2019-02",
            "price": "11.30",
            "revenue": 13101153
        },
        "2019-03": {
            "month": "2019-03",
            "price": "11.56",
            "revenue": 17589293
        },
        "2019-04": {
            "month": "2019-04",
            "price": "11.13",
            "revenue": 12842861
        },
        "2019-05": {
            "month": "2019-05",
            "price": "10.60",
            "revenue": 13446450
        },
        "2019-06": {
            "month": "2019-06",
            "price": "10.69",
            "revenue": 14784677
        },
        "2019-07": {
            "month": "2019-07",
            "price": "10.92",
            "revenue": 14559118
        },
        "2019-08": {
            "month": "2019-08",
            "price": "10.47",
            "revenue": 14239304
        },
        "2019-09": {
            "month": "2019-09",
            "price": "10.74",
            "revenue": 13707370
        },
        "2019-10": {
            "month": "2019-10",
            "price": "10.79",
            "revenue": 12833176
        },
        "2019-11": {
            "month": "2019-11",
            "price": "11.39",
            "revenue": 14224940
        },
        "2019-12": {
            "month": "2019-12",
            "price": "11.71",
            "revenue": 18368150
        },
        "2020-01": {
            "month": "2020-01",
            "price": "11.71",
            "revenue": 15805989
        },
        "2020-02": {
            "month": "2020-02",
            "price": "12.24",
            "revenue": 10559363
        },
        "2020-03": {
            "month": "2020-03",
            "price": "9.54",
            "revenue": 7937954
        },
        "2020-04": {
            "month": "2020-04",
            "price": "9.25",
            "revenue": 11265215
        },
        "2020-05": {
            "month": "2020-05",
            "price": "9.41",
            "revenue": 16390960
        },
        "2020-06": {
            "month": "2020-06",
            "price": "9.90",
            "revenue": 13677987
        },
        "2020-07": {
            "month": "2020-07",
            "price": "9.91",
            "revenue": 15218302
        },
        "2020-08": {
            "month": "2020-08",
            "price": "9.55",
            "revenue": 12875273
        },
        "2020-09": {
            "month": "2020-09",
            "price": "9.27",
            "revenue": 8190481
        },
        "2020-10": {
            "month": "2020-10",
            "price": "8.90",
            "revenue": 11248622
        },
        "2020-11": {
            "month": "2020-11",
            "price": "8.59",
            "revenue": 16822052
        },
        "2020-12": {
            "month": "2020-12",
            "price": "8.37",
            "revenue": 17237065
        },
        "2021-01": {
            "month": "2021-01",
            "price": "8.37",
            "revenue": 18615141
        },
        "2021-02": {
            "month": "2021-02",
            "price": "8.25",
            "revenue": 10531175
        },
        "2021-03": {
            "month": "2021-03",
            "price": "8.58",
            "revenue": 15064633
        },
        "2021-04": {
            "month": "2021-04",
            "price": "9.69",
            "revenue": 10681651
        },
        "2021-05": {
            "month": "2021-05",
            "price": "9.39",
            "revenue": 8786518
        },
        "2021-06": {
            "month": "2021-06",
            "price": "9.36",
            "revenue": 13236483
        },
        "2021-07": {
            "month": "2021-07",
            "price": "9.33",
            "revenue": 10412727
        },
        "2021-08": {
            "month": "2021-08",
            "price": "9.12",
            "revenue": 10964325
        },
        "2021-09": {
            "month": "2021-09",
            "price": "9.26",
            "revenue": 8635705
        },
        "2021-10": {
            "month": "2021-10",
            "price": "9.24",
            "revenue": 10320164
        },
        "2021-11": {
            "month": "2021-11",
            "price": "9.27",
            "revenue": 10451846
        },
        "2021-12": {
            "month": "2021-12",
            "price": "9.19",
            "revenue": 15432697
        },
        "2022-01": {
            "month": "2022-01",
            "price": "9.46",
            "revenue": 12380701
        },
        "2022-02": {
            "month": "2022-02",
            "price": "9.29",
            "revenue": 8105349
        },
        "2022-03": {
            "month": "2022-03",
            "price": "8.48",
            "revenue": 10742537
        },
        "2022-04": {
            "month": "2022-04",
            "price": "8.22",
            "revenue": 6887368
        },
        "2022-05": {
            "month": "2022-05",
            "price": "7.24",
            "revenue": 6540034
        },
        "2022-06": {
            "month": "2022-06",
            "price": "7.21",
            "revenue": 8121437
        },
        "2022-07": {
            "month": "2022-07",
            "price": "6.61",
            "revenue": 9493797
        },
        "2022-08": {
            "month": "2022-08",
            "price": "6.46",
            "revenue": 11384601
        },
        "2022-09": {
            "month": "2022-09",
            "price": "6.56",
            "revenue": 9755084
        },
        "2022-10": {
            "month": "2022-10",
            "price": "5.91",
            "revenue": 9327009
        },
        "2022-11": {
            "month": "2022-11",
            "price": "5.54",
            "revenue": 7767209
        },
        "2022-12": {
            "month": "2022-12",
            "price": "5.77",
            "revenue": 9139491
        },
        "2023-01": {
            "month": "2023-01",
            "price": "5.46",
            "revenue": 11638407
        },
        "2023-02": {
            "month": "2023-02",
            "price": "5.53",
            "revenue": 6746745
        },
        "2023-03": {
            "month": "2023-03",
            "price": "5.20",
            "revenue": 13281698
        },
        "2023-04": {
            "month": "2023-04",
            "price": "5.15",
            "revenue": 9016946
        },
        "2023-05": {
            "month": "2023-05",
            "price": "5.17",
            "revenue": 7967471
        },
        "2023-06": {
            "month": "2023-06",
            "price": "5.34",
            "revenue": 14186747
        },
        "2023-07": {
            "month": "2023-07",
            "price": "5.30",
            "revenue": 14587040
        },
        "2023-08": {
            "month": "2023-08",
            "price": "5.15",
            "revenue": 9991845
        },
        "2023-09": {
            "month": "2023-09",
            "price": "5.16",
            "revenue": 9704224
        },
        "2023-10": {
            "month": "2023-10",
            "price": "5.07",
            "revenue": 6431665
        },
        "2023-11": {
            "month": "2023-11",
            "price": "5.08",
            "revenue": 8169564
        },
        "2023-12": {
            "month": "2023-12",
            "price": "5.07",
            "revenue": 11548000
        }
    }
}
