{
    "summary": {
        "stock_name": "華南金",
        "stock_id": "2880",
        "category": "金融",
        "main_business": "金融控股公司業<br>投資經主管機關核准之事業<br>對被投資事業之管理",
        "website_url": "http://www.hnfhc.com.tw",
        "ceo": "李耀卿",
        "pe_ratio": 16,
        "report_year_from": 2001,
        "report_year_to": 2023,
        "age": 22,
        "eps_negative_percentage": 0,
        "eps_growth_avg": {
            "last_all": 7.38,
            "last_2y": 14.66,
            "last_4y": 12.93,
            "last_8y": 7.35,
            "last_12y": null,
            "last_16y": null,
            "last_20y": null,
            "at_2006_last_3y": null,
            "at_2007_last_3y": null,
            "at_2008_last_3y": null,
            "at_2009_last_3y": null,
            "at_2010_last_3y": null,
            "at_2011_last_3y": null,
            "at_2012_last_3y": null,
            "at_2013_last_3y": null,
            "at_2014_last_3y": 11.81,
            "at_2015_last_3y": 5.69,
            "at_2016_last_3y": 7.24,
            "at_2017_last_3y": 0.37,
            "at_2018_last_3y": -1.23,
            "at_2019_last_3y": -1.18,
            "at_2020_last_3y": -12.11,
            "at_2021_last_3y": 17.11,
            "at_2022_last_3y": 11.58,
            "at_2023_last_3y": 11.58,
            "at_2006_last_all": null,
            "at_2007_last_all": null,
            "at_2008_last_all": null,
            "at_2009_last_all": null,
            "at_2010_last_all": null,
            "at_2011_last_all": null,
            "at_2012_last_all": 7.42,
            "at_2013_last_all": 7.48,
            "at_2014_last_all": 11.81,
            "at_2015_last_all": 9.87,
            "at_2016_last_all": 7.3,
            "at_2017_last_all": 3.42,
            "at_2018_last_all": 5.29,
            "at_2019_last_all": 4.96,
            "at_2020_last_all": -0.46,
            "at_2021_last_all": 8.4,
            "at_2022_last_all": 7.38,
            "at_2023_last_all": 7.38
        },
        "latest_eps": 1.36,
        "latest_price": 22.35,
        "latest_roe": 9.52,
        "latest_gross_margin": null,
        "latest_equity": 192992865,
        "latest_revenue": 14269978,
        "latest_gross_profit": null,
        "latest_net_income": 5000071,
        "latest_debt_ratio": 94.75,
        "latest_current_ratio": null,
        "latest_account_receivable_turnover_ratio": null,
        "latest_inventory_turnover_ratio": null,
        "latest_reinvestment_rate": 1.19,
        "latest_research_to_sale_ratio": null
    },
    "eps_dividends": {
        "2001": {
            "cash": 0,
            "stock": 0,
            "eps": 0
        },
        "2002": {
            "cash": 0.2,
            "stock": 0.8,
            "eps": 0
        },
        "2003": {
            "cash": 0,
            "stock": 0,
            "eps": 0
        },
        "2004": {
            "cash": 0,
            "stock": 0,
            "eps": 0
        },
        "2005": {
            "cash": 0.7,
            "stock": 0.7,
            "eps": 0
        },
        "2006": {
            "cash": 1.4,
            "stock": 0,
            "eps": 0
        },
        "2007": {
            "cash": 1,
            "stock": 0,
            "eps": 0
        },
        "2008": {
            "cash": 1,
            "stock": 0.2,
            "eps": 0
        },
        "2009": {
            "cash": 0.7,
            "stock": 0.3,
            "eps": 0
        },
        "2010": {
            "cash": 0.2,
            "stock": 0.55,
            "eps": 0.94
        },
        "2011": {
            "cash": 0.8,
            "stock": 1.1,
            "eps": 1.19
        },
        "2012": {
            "cash": 0,
            "stock": 0,
            "eps": 1.05
        },
        "2013": {
            "cash": 0.5,
            "stock": 0.5,
            "eps": 1.13
        },
        "2014": {
            "cash": 0.7,
            "stock": 0.3,
            "eps": 1.41
        },
        "2015": {
            "cash": 0.62,
            "stock": 0.62,
            "eps": 1.44
        },
        "2016": {
            "cash": 0.63,
            "stock": 0.62,
            "eps": 1.36
        },
        "2017": {
            "cash": 0.7,
            "stock": 0.5,
            "eps": 1.09
        },
        "2018": {
            "cash": 0.5,
            "stock": 0.45,
            "eps": 1.29
        },
        "2019": {
            "cash": 0.55,
            "stock": 0.55,
            "eps": 1.32
        },
        "2020": {
            "cash": 0.56,
            "stock": 0.56,
            "eps": 0.67
        },
        "2021": {
            "cash": 0.27,
            "stock": 0.26,
            "eps": 1.32
        },
        "2022": {
            "cash": 0.78,
            "stock": 0.34,
            "eps": 1.27
        },
        "2023": {
            "cash": 0.59,
            "stock": 0,
            "eps": 0.37
        }
    },
    "dividends": {
        "2002-05-24": {
            "cash": 0.2,
            "stock": 0.8
        },
        "2005-04-25": {
            "cash": 0.7,
            "stock": 0.7
        },
        "2006-04-24": {
            "cash": 1.4,
            "stock": 0
        },
        "2007-04-27": {
            "cash": 1,
            "stock": 0
        },
        "2008-04-28": {
            "cash": 1,
            "stock": 0.2
        },
        "2009-04-27": {
            "cash": 0.7,
            "stock": 0.3
        },
        "2010-04-26": {
            "cash": 0.2,
            "stock": 0.55
        },
        "2011-01-01": {
            "cash": 0.5,
            "stock": 0.5
        },
        "2011-04-25": {
            "cash": 0.3,
            "stock": 0.6
        },
        "2013-04-29": {
            "cash": 0.5,
            "stock": 0.5
        },
        "2014-09-05": {
            "cash": 0.7,
            "stock": 0.3
        },
        "2015-09-04": {
            "cash": 0.62,
            "stock": 0.62
        },
        "2016-09-09": {
            "cash": 0.63,
            "stock": 0.62
        },
        "2017-09-15": {
            "cash": 0.7,
            "stock": 0.5
        },
        "2018-09-14": {
            "cash": 0.5,
            "stock": 0.45
        },
        "2019-09-12": {
            "cash": 0.55,
            "stock": 0.55
        },
        "2020-09-11": {
            "cash": 0.56,
            "stock": 0.56
        },
        "2021-10-08": {
            "cash": 0.27,
            "stock": 0.26
        },
        "2022-09-08": {
            "cash": 0.78,
            "stock": 0.34
        },
        "2023-04-27": {
            "cash": 0.59,
            "stock": 0
        }
    },
    "prices": {
        "200101": "無",
        "200102": "無",
        "200103": "無",
        "200104": "無",
        "200105": "無",
        "200106": "無",
        "200107": "無",
        "200108": "無",
        "200109": "無",
        "200110": "無",
        "200111": "無",
        "200112": "20.26",
        "200201": "19.92",
        "200202": "18.66",
        "200203": "18.36",
        "200204": "22.29",
        "200205": "23.94",
        "200206": "26.34",
        "200207": "23.43",
        "200208": "21.86",
        "200209": "17.30",
        "200210": "17.46",
        "200211": "21.94",
        "200212": "23.94",
        "200301": "26.97",
        "200302": "22.82",
        "200303": "21.15",
        "200304": "21.47",
        "200305": "20.59",
        "200306": "22.36",
        "200307": "22.82",
        "200308": "22.40",
        "200309": "23.55",
        "200310": "25.35",
        "200311": "24.72",
        "200312": "24.52",
        "200401": "27.36",
        "200402": "29.88",
        "200403": "30.50",
        "200404": "29.90",
        "200405": "27.91",
        "200406": "27.42",
        "200407": "26.61",
        "200408": "23.96",
        "200409": "25.05",
        "200410": "26.49",
        "200411": "27.15",
        "200412": "26.83",
        "200501": "26.58",
        "200502": "26.73",
        "200503": "25.75",
        "200504": "23.98",
        "200505": "24.19",
        "200506": "24.60",
        "200507": "24.53",
        "200508": "23.34",
        "200509": "21.84",
        "200510": "20.84",
        "200511": "20.89",
        "200512": "21.28",
        "200601": "22.08",
        "200602": "22.68",
        "200603": "22.27",
        "200604": "23.79",
        "200605": "23.75",
        "200606": "22.48",
        "200607": "22.56",
        "200608": "21.14",
        "200609": "21.07",
        "200610": "21.80",
        "200611": "22.12",
        "200612": "23.34",
        "200701": "24.42",
        "200702": "25.02",
        "200703": "23.97",
        "200704": "24.22",
        "200705": "23.01",
        "200706": "22.64",
        "200707": "23.90",
        "200708": "21.15",
        "200709": "21.86",
        "200710": "23.53",
        "200711": "22.12",
        "200712": "21.46",
        "200801": "22.51",
        "200802": "24.30",
        "200803": "26.63",
        "200804": "30.20",
        "200805": "30.45",
        "200806": "29.37",
        "200807": "24.89",
        "200808": "23.67",
        "200809": "21.95",
        "200810": "16.89",
        "200811": "16.05",
        "200812": "17.20",
        "200901": "17.08",
        "200902": "15.98",
        "200903": "17.13",
        "200904": "18.55",
        "200905": "20.24",
        "200906": "20.34",
        "200907": "20.39",
        "200908": "18.96",
        "200909": "19.48",
        "200910": "20.48",
        "200911": "19.86",
        "200912": "19.63",
        "201001": "19.66",
        "201002": "18.76",
        "201003": "19.65",
        "201004": "19.28",
        "201005": "17.70",
        "201006": "18.34",
        "201007": "19.68",
        "201008": "19.60",
        "201009": "19.70",
        "201010": "20.11",
        "201011": "20.02",
        "201012": "22.70",
        "201101": "23.31",
        "201102": "21.66",
        "201103": "21.19",
        "201104": "22.47",
        "201105": "22.56",
        "201106": "21.89",
        "201107": "22.49",
        "201108": "20.82",
        "201109": "18.45",
        "201110": "18.80",
        "201111": "17.71",
        "201112": "16.82",
        "201201": "16.26",
        "201202": "17.27",
        "201203": "17.24",
        "201204": "16.34",
        "201205": "16.15",
        "201206": "16.12",
        "201207": "16.59",
        "201208": "16.54",
        "201209": "16.28",
        "201210": "16.02",
        "201211": "15.58",
        "201212": "16.55",
        "201301": "16.83",
        "201302": "17.32",
        "201303": "17.21",
        "201304": "16.96",
        "201305": "17.31",
        "201306": "16.74",
        "201307": "17.14",
        "201308": "16.69",
        "201309": "16.90",
        "201310": "17.35",
        "201311": "17.00",
        "201312": "17.24",
        "201401": "17.35",
        "201402": "17.13",
        "201403": "17.18",
        "201404": "17.22",
        "201405": "17.45",
        "201406": "18.39",
        "201407": "18.88",
        "201408": "18.70",
        "201409": "18.43",
        "201410": "17.54",
        "201411": "17.76",
        "201412": "17.44",
        "201501": "17.46",
        "201502": "17.78",
        "201503": "17.74",
        "201504": "18.41",
        "201505": "18.62",
        "201506": "17.85",
        "201507": "17.90",
        "201508": "16.27",
        "201509": "15.51",
        "201510": "15.84",
        "201511": "15.67",
        "201512": "15.27",
        "201601": "14.45",
        "201602": "15.15",
        "201603": "15.82",
        "201604": "15.70",
        "201605": "15.78",
        "201606": "16.61",
        "201607": "17.17",
        "201608": "16.97",
        "201609": "16.22",
        "201610": "16.12",
        "201611": "15.85",
        "201612": "16.25",
        "201701": "16.41",
        "201702": "16.78",
        "201703": "16.92",
        "201704": "16.82",
        "201705": "17.18",
        "201706": "17.21",
        "201707": "17.70",
        "201708": "17.35",
        "201709": "16.56",
        "201710": "16.63",
        "201711": "16.54",
        "201712": "16.65",
        "201801": "17.29",
        "201802": "16.99",
        "201803": "17.39",
        "201804": "17.76",
        "201805": "17.84",
        "201806": "17.79",
        "201807": "17.80",
        "201808": "18.13",
        "201809": "18.10",
        "201810": "17.68",
        "201811": "17.65",
        "201812": "17.56",
        "201901": "18.04",
        "201902": "18.54",
        "201903": "19.04",
        "201904": "19.40",
        "201905": "20.23",
        "201906": "20.87",
        "201907": "21.25",
        "201908": "20.47",
        "201909": "20.79",
        "201910": "21.33",
        "201911": "21.96",
        "201912": "21.88",
        "202001": "22.03",
        "202002": "21.78",
        "202003": "19.18",
        "202004": "18.43",
        "202005": "19.20",
        "202006": "20.02",
        "202007": "20.13",
        "202008": "19.20",
        "202009": "17.91",
        "202010": "17.52",
        "202011": "18.16",
        "202012": "17.90",
        "202101": "17.83",
        "202102": "17.77",
        "202103": "18.30",
        "202104": "19.10",
        "202105": "18.25",
        "202106": "18.30",
        "202107": "18.98",
        "202108": "19.82",
        "202109": "20.70",
        "202110": "20.26",
        "202111": "20.64",
        "202112": "20.90",
        "202201": "21.94",
        "202202": "22.77",
        "202203": "23.01",
        "202204": "24.15",
        "202205": "22.80",
        "202206": "23.06",
        "202207": "22.17",
        "202208": "23.32",
        "202209": "22.88",
        "202210": "21.21",
        "202211": "21.87",
        "202212": "22.57",
        "202301": "22.99",
        "202302": "22.79",
        "202303": "22.30",
        "202304": "22.66",
        "202305": "22.22",
        "202306": "22.33"
    },
    "quarters": {
        "20011": {
            "year_quarter": 20011,
            "year": 2001,
            "quarter": 1,
            "eps": null,
            "eps_growth_year": null,
            "eps_4q": null,
            "eps_4q_growth_year": null,
            "roe": null,
            "roe_4q": 0,
            "gross_profit": null,
            "gross_margin": null,
            "gross_margin_4q_avg": 0,
            "net_income": null,
            "revenue": null,
            "common_shares": null,
            "book_valuer_per_share": null,
            "book_valuer_per_share_4q_avg": 0,
            "equity": null,
            "current_ratio": null,
            "debt_ratio": null,
            "inventory_turnover_ratio": null,
            "account_receivable_turnover_ratio": null,
            "reinvestment_rate": null,
            "research_to_sale_ratio": null,
            "price_fair": 0,
            "eps_avg_yearly": 0,
            "eps_latest_yearly": 0,
            "eps_growth_yearly": 0
        },
        "20012": {
            "year_quarter": 20012,
            "year": 2001,
            "quarter": 2,
            "eps": null,
            "eps_growth_year": null,
            "eps_4q": null,
            "eps_4q_growth_year": null,
            "roe": null,
            "roe_4q": 0,
            "gross_profit": null,
            "gross_margin": null,
            "gross_margin_4q_avg": 0,
            "net_income": null,
            "revenue": null,
            "common_shares": null,
            "book_valuer_per_share": null,
            "book_valuer_per_share_4q_avg": 0,
            "equity": null,
            "current_ratio": null,
            "debt_ratio": null,
            "inventory_turnover_ratio": null,
            "account_receivable_turnover_ratio": null,
            "reinvestment_rate": null,
            "research_to_sale_ratio": null,
            "price_fair": 0,
            "eps_avg_yearly": 0,
            "eps_latest_yearly": 0,
            "eps_growth_yearly": 0
        },
        "20013": {
            "year_quarter": 20013,
            "year": 2001,
            "quarter": 3,
            "eps": null,
            "eps_growth_year": null,
            "eps_4q": null,
            "eps_4q_growth_year": null,
            "roe": null,
            "roe_4q": 0,
            "gross_profit": null,
            "gross_margin": null,
            "gross_margin_4q_avg": 0,
            "net_income": null,
            "revenue": null,
            "common_shares": null,
            "book_valuer_per_share": null,
            "book_valuer_per_share_4q_avg": 0,
            "equity": null,
            "current_ratio": null,
            "debt_ratio": null,
            "inventory_turnover_ratio": null,
            "account_receivable_turnover_ratio": null,
            "reinvestment_rate": null,
            "research_to_sale_ratio": null,
            "price_fair": 0,
            "eps_avg_yearly": 0,
            "eps_latest_yearly": 0,
            "eps_growth_yearly": 0
        },
        "20014": {
            "year_quarter": 20014,
            "year": 2001,
            "quarter": 4,
            "eps": null,
            "eps_growth_year": null,
            "eps_4q": null,
            "eps_4q_growth_year": null,
            "roe": null,
            "roe_4q": 0,
            "gross_profit": null,
            "gross_margin": null,
            "gross_margin_4q_avg": 0,
            "net_income": null,
            "revenue": null,
            "common_shares": null,
            "book_valuer_per_share": null,
            "book_valuer_per_share_4q_avg": 0,
            "equity": null,
            "current_ratio": null,
            "debt_ratio": null,
            "inventory_turnover_ratio": null,
            "account_receivable_turnover_ratio": null,
            "reinvestment_rate": null,
            "research_to_sale_ratio": null,
            "price_fair": 0,
            "eps_avg_yearly": 0,
            "eps_latest_yearly": 0,
            "eps_growth_yearly": 0
        },
        "20021": {
            "year_quarter": 20021,
            "year": 2002,
            "quarter": 1,
            "eps": null,
            "eps_growth_year": null,
            "eps_4q": null,
            "eps_4q_growth_year": null,
            "roe": null,
            "roe_4q": 0,
            "gross_profit": null,
            "gross_margin": null,
            "gross_margin_4q_avg": 0,
            "net_income": null,
            "revenue": null,
            "common_shares": null,
            "book_valuer_per_share": null,
            "book_valuer_per_share_4q_avg": 0,
            "equity": null,
            "current_ratio": null,
            "debt_ratio": null,
            "inventory_turnover_ratio": null,
            "account_receivable_turnover_ratio": null,
            "reinvestment_rate": null,
            "research_to_sale_ratio": null,
            "price_fair": 0,
            "eps_avg_yearly": 0,
            "eps_latest_yearly": 0,
            "eps_growth_yearly": 0
        },
        "20022": {
            "year_quarter": 20022,
            "year": 2002,
            "quarter": 2,
            "eps": null,
            "eps_growth_year": null,
            "eps_4q": null,
            "eps_4q_growth_year": null,
            "roe": null,
            "roe_4q": 0,
            "gross_profit": null,
            "gross_margin": null,
            "gross_margin_4q_avg": 0,
            "net_income": null,
            "revenue": null,
            "common_shares": null,
            "book_valuer_per_share": null,
            "book_valuer_per_share_4q_avg": 0,
            "equity": null,
            "current_ratio": null,
            "debt_ratio": null,
            "inventory_turnover_ratio": null,
            "account_receivable_turnover_ratio": null,
            "reinvestment_rate": null,
            "research_to_sale_ratio": null,
            "price_fair": 0,
            "eps_avg_yearly": 0,
            "eps_latest_yearly": 0,
            "eps_growth_yearly": 0
        },
        "20023": {
            "year_quarter": 20023,
            "year": 2002,
            "quarter": 3,
            "eps": null,
            "eps_growth_year": null,
            "eps_4q": null,
            "eps_4q_growth_year": null,
            "roe": null,
            "roe_4q": 0,
            "gross_profit": null,
            "gross_margin": null,
            "gross_margin_4q_avg": 0,
            "net_income": null,
            "revenue": null,
            "common_shares": null,
            "book_valuer_per_share": null,
            "book_valuer_per_share_4q_avg": 0,
            "equity": null,
            "current_ratio": null,
            "debt_ratio": null,
            "inventory_turnover_ratio": null,
            "account_receivable_turnover_ratio": null,
            "reinvestment_rate": null,
            "research_to_sale_ratio": null,
            "price_fair": 0,
            "eps_avg_yearly": 0,
            "eps_latest_yearly": 0,
            "eps_growth_yearly": 0
        },
        "20024": {
            "year_quarter": 20024,
            "year": 2002,
            "quarter": 4,
            "eps": null,
            "eps_growth_year": null,
            "eps_4q": null,
            "eps_4q_growth_year": null,
            "roe": null,
            "roe_4q": 0,
            "gross_profit": null,
            "gross_margin": null,
            "gross_margin_4q_avg": 0,
            "net_income": null,
            "revenue": null,
            "common_shares": null,
            "book_valuer_per_share": null,
            "book_valuer_per_share_4q_avg": 0,
            "equity": null,
            "current_ratio": null,
            "debt_ratio": null,
            "inventory_turnover_ratio": null,
            "account_receivable_turnover_ratio": null,
            "reinvestment_rate": null,
            "research_to_sale_ratio": null,
            "price_fair": 0,
            "eps_avg_yearly": 0,
            "eps_latest_yearly": 0,
            "eps_growth_yearly": 0
        },
        "20031": {
            "year_quarter": 20031,
            "year": 2003,
            "quarter": 1,
            "eps": null,
            "eps_growth_year": null,
            "eps_4q": null,
            "eps_4q_growth_year": null,
            "roe": null,
            "roe_4q": 0,
            "gross_profit": null,
            "gross_margin": null,
            "gross_margin_4q_avg": 0,
            "net_income": null,
            "revenue": null,
            "common_shares": null,
            "book_valuer_per_share": null,
            "book_valuer_per_share_4q_avg": 0,
            "equity": null,
            "current_ratio": null,
            "debt_ratio": null,
            "inventory_turnover_ratio": null,
            "account_receivable_turnover_ratio": null,
            "reinvestment_rate": null,
            "research_to_sale_ratio": null,
            "price_fair": 0,
            "eps_avg_yearly": 0,
            "eps_latest_yearly": 0,
            "eps_growth_yearly": 0
        },
        "20032": {
            "year_quarter": 20032,
            "year": 2003,
            "quarter": 2,
            "eps": null,
            "eps_growth_year": null,
            "eps_4q": null,
            "eps_4q_growth_year": null,
            "roe": null,
            "roe_4q": 0,
            "gross_profit": null,
            "gross_margin": null,
            "gross_margin_4q_avg": 0,
            "net_income": null,
            "revenue": null,
            "common_shares": null,
            "book_valuer_per_share": null,
            "book_valuer_per_share_4q_avg": 0,
            "equity": null,
            "current_ratio": null,
            "debt_ratio": null,
            "inventory_turnover_ratio": null,
            "account_receivable_turnover_ratio": null,
            "reinvestment_rate": null,
            "research_to_sale_ratio": null,
            "price_fair": 0,
            "eps_avg_yearly": 0,
            "eps_latest_yearly": 0,
            "eps_growth_yearly": 0
        },
        "20033": {
            "year_quarter": 20033,
            "year": 2003,
            "quarter": 3,
            "eps": null,
            "eps_growth_year": null,
            "eps_4q": null,
            "eps_4q_growth_year": null,
            "roe": null,
            "roe_4q": 0,
            "gross_profit": null,
            "gross_margin": null,
            "gross_margin_4q_avg": 0,
            "net_income": null,
            "revenue": null,
            "common_shares": null,
            "book_valuer_per_share": null,
            "book_valuer_per_share_4q_avg": 0,
            "equity": null,
            "current_ratio": null,
            "debt_ratio": null,
            "inventory_turnover_ratio": null,
            "account_receivable_turnover_ratio": null,
            "reinvestment_rate": null,
            "research_to_sale_ratio": null,
            "price_fair": 0,
            "eps_avg_yearly": 0,
            "eps_latest_yearly": 0,
            "eps_growth_yearly": 0
        },
        "20034": {
            "year_quarter": 20034,
            "year": 2003,
            "quarter": 4,
            "eps": null,
            "eps_growth_year": null,
            "eps_4q": null,
            "eps_4q_growth_year": null,
            "roe": null,
            "roe_4q": 0,
            "gross_profit": null,
            "gross_margin": null,
            "gross_margin_4q_avg": 0,
            "net_income": null,
            "revenue": null,
            "common_shares": null,
            "book_valuer_per_share": null,
            "book_valuer_per_share_4q_avg": 0,
            "equity": null,
            "current_ratio": null,
            "debt_ratio": null,
            "inventory_turnover_ratio": null,
            "account_receivable_turnover_ratio": null,
            "reinvestment_rate": null,
            "research_to_sale_ratio": null,
            "price_fair": 0,
            "eps_avg_yearly": 0,
            "eps_latest_yearly": 0,
            "eps_growth_yearly": 0
        },
        "20041": {
            "year_quarter": 20041,
            "year": 2004,
            "quarter": 1,
            "eps": null,
            "eps_growth_year": null,
            "eps_4q": null,
            "eps_4q_growth_year": null,
            "roe": null,
            "roe_4q": 0,
            "gross_profit": null,
            "gross_margin": null,
            "gross_margin_4q_avg": 0,
            "net_income": null,
            "revenue": null,
            "common_shares": null,
            "book_valuer_per_share": null,
            "book_valuer_per_share_4q_avg": 0,
            "equity": null,
            "current_ratio": null,
            "debt_ratio": null,
            "inventory_turnover_ratio": null,
            "account_receivable_turnover_ratio": null,
            "reinvestment_rate": null,
            "research_to_sale_ratio": null,
            "price_fair": 0,
            "eps_avg_yearly": 0,
            "eps_latest_yearly": 0,
            "eps_growth_yearly": 0
        },
        "20042": {
            "year_quarter": 20042,
            "year": 2004,
            "quarter": 2,
            "eps": null,
            "eps_growth_year": null,
            "eps_4q": null,
            "eps_4q_growth_year": null,
            "roe": null,
            "roe_4q": 0,
            "gross_profit": null,
            "gross_margin": null,
            "gross_margin_4q_avg": 0,
            "net_income": null,
            "revenue": null,
            "common_shares": null,
            "book_valuer_per_share": null,
            "book_valuer_per_share_4q_avg": 0,
            "equity": null,
            "current_ratio": null,
            "debt_ratio": null,
            "inventory_turnover_ratio": null,
            "account_receivable_turnover_ratio": null,
            "reinvestment_rate": null,
            "research_to_sale_ratio": null,
            "price_fair": 0,
            "eps_avg_yearly": 0,
            "eps_latest_yearly": 0,
            "eps_growth_yearly": 0
        },
        "20043": {
            "year_quarter": 20043,
            "year": 2004,
            "quarter": 3,
            "eps": null,
            "eps_growth_year": null,
            "eps_4q": null,
            "eps_4q_growth_year": null,
            "roe": null,
            "roe_4q": 0,
            "gross_profit": null,
            "gross_margin": null,
            "gross_margin_4q_avg": 0,
            "net_income": null,
            "revenue": null,
            "common_shares": null,
            "book_valuer_per_share": null,
            "book_valuer_per_share_4q_avg": 0,
            "equity": null,
            "current_ratio": null,
            "debt_ratio": null,
            "inventory_turnover_ratio": null,
            "account_receivable_turnover_ratio": null,
            "reinvestment_rate": null,
            "research_to_sale_ratio": null,
            "price_fair": 0,
            "eps_avg_yearly": 0,
            "eps_latest_yearly": 0,
            "eps_growth_yearly": 0
        },
        "20044": {
            "year_quarter": 20044,
            "year": 2004,
            "quarter": 4,
            "eps": null,
            "eps_growth_year": null,
            "eps_4q": null,
            "eps_4q_growth_year": null,
            "roe": null,
            "roe_4q": 0,
            "gross_profit": null,
            "gross_margin": null,
            "gross_margin_4q_avg": 0,
            "net_income": null,
            "revenue": null,
            "common_shares": null,
            "book_valuer_per_share": null,
            "book_valuer_per_share_4q_avg": 0,
            "equity": null,
            "current_ratio": null,
            "debt_ratio": null,
            "inventory_turnover_ratio": null,
            "account_receivable_turnover_ratio": null,
            "reinvestment_rate": null,
            "research_to_sale_ratio": null,
            "price_fair": 0,
            "eps_avg_yearly": 0,
            "eps_latest_yearly": 0,
            "eps_growth_yearly": 0
        },
        "20051": {
            "year_quarter": 20051,
            "year": 2005,
            "quarter": 1,
            "eps": null,
            "eps_growth_year": null,
            "eps_4q": null,
            "eps_4q_growth_year": null,
            "roe": null,
            "roe_4q": 0,
            "gross_profit": null,
            "gross_margin": null,
            "gross_margin_4q_avg": 0,
            "net_income": null,
            "revenue": null,
            "common_shares": null,
            "book_valuer_per_share": null,
            "book_valuer_per_share_4q_avg": 0,
            "equity": null,
            "current_ratio": null,
            "debt_ratio": null,
            "inventory_turnover_ratio": null,
            "account_receivable_turnover_ratio": null,
            "reinvestment_rate": null,
            "research_to_sale_ratio": null,
            "price_fair": 0,
            "eps_avg_yearly": 0,
            "eps_latest_yearly": 0,
            "eps_growth_yearly": 0
        },
        "20052": {
            "year_quarter": 20052,
            "year": 2005,
            "quarter": 2,
            "eps": null,
            "eps_growth_year": null,
            "eps_4q": null,
            "eps_4q_growth_year": null,
            "roe": null,
            "roe_4q": 0,
            "gross_profit": null,
            "gross_margin": null,
            "gross_margin_4q_avg": 0,
            "net_income": null,
            "revenue": null,
            "common_shares": null,
            "book_valuer_per_share": null,
            "book_valuer_per_share_4q_avg": 0,
            "equity": null,
            "current_ratio": null,
            "debt_ratio": null,
            "inventory_turnover_ratio": null,
            "account_receivable_turnover_ratio": null,
            "reinvestment_rate": null,
            "research_to_sale_ratio": null,
            "price_fair": 0,
            "eps_avg_yearly": 0,
            "eps_latest_yearly": 0,
            "eps_growth_yearly": 0
        },
        "20053": {
            "year_quarter": 20053,
            "year": 2005,
            "quarter": 3,
            "eps": null,
            "eps_growth_year": null,
            "eps_4q": null,
            "eps_4q_growth_year": null,
            "roe": null,
            "roe_4q": 0,
            "gross_profit": null,
            "gross_margin": null,
            "gross_margin_4q_avg": 0,
            "net_income": null,
            "revenue": null,
            "common_shares": null,
            "book_valuer_per_share": null,
            "book_valuer_per_share_4q_avg": 0,
            "equity": null,
            "current_ratio": null,
            "debt_ratio": null,
            "inventory_turnover_ratio": null,
            "account_receivable_turnover_ratio": null,
            "reinvestment_rate": null,
            "research_to_sale_ratio": null,
            "price_fair": 0,
            "eps_avg_yearly": 0,
            "eps_latest_yearly": 0,
            "eps_growth_yearly": 0
        },
        "20054": {
            "year_quarter": 20054,
            "year": 2005,
            "quarter": 4,
            "eps": null,
            "eps_growth_year": null,
            "eps_4q": null,
            "eps_4q_growth_year": null,
            "roe": null,
            "roe_4q": 0,
            "gross_profit": null,
            "gross_margin": null,
            "gross_margin_4q_avg": 0,
            "net_income": null,
            "revenue": null,
            "common_shares": null,
            "book_valuer_per_share": null,
            "book_valuer_per_share_4q_avg": 0,
            "equity": null,
            "current_ratio": null,
            "debt_ratio": null,
            "inventory_turnover_ratio": null,
            "account_receivable_turnover_ratio": null,
            "reinvestment_rate": null,
            "research_to_sale_ratio": null,
            "price_fair": 0,
            "eps_avg_yearly": 0,
            "eps_latest_yearly": 0,
            "eps_growth_yearly": 0
        },
        "20061": {
            "year_quarter": 20061,
            "year": 2006,
            "quarter": 1,
            "eps": null,
            "eps_growth_year": null,
            "eps_4q": null,
            "eps_4q_growth_year": null,
            "roe": null,
            "roe_4q": 0,
            "gross_profit": null,
            "gross_margin": null,
            "gross_margin_4q_avg": 0,
            "net_income": null,
            "revenue": null,
            "common_shares": null,
            "book_valuer_per_share": null,
            "book_valuer_per_share_4q_avg": 0,
            "equity": null,
            "current_ratio": null,
            "debt_ratio": null,
            "inventory_turnover_ratio": null,
            "account_receivable_turnover_ratio": null,
            "reinvestment_rate": null,
            "research_to_sale_ratio": null,
            "price_fair": 0,
            "eps_avg_yearly": 0,
            "eps_latest_yearly": 0,
            "eps_growth_yearly": 0
        },
        "20062": {
            "year_quarter": 20062,
            "year": 2006,
            "quarter": 2,
            "eps": null,
            "eps_growth_year": null,
            "eps_4q": null,
            "eps_4q_growth_year": null,
            "roe": null,
            "roe_4q": 0,
            "gross_profit": null,
            "gross_margin": null,
            "gross_margin_4q_avg": 0,
            "net_income": null,
            "revenue": null,
            "common_shares": null,
            "book_valuer_per_share": null,
            "book_valuer_per_share_4q_avg": 0,
            "equity": null,
            "current_ratio": null,
            "debt_ratio": null,
            "inventory_turnover_ratio": null,
            "account_receivable_turnover_ratio": null,
            "reinvestment_rate": null,
            "research_to_sale_ratio": null,
            "price_fair": 0,
            "eps_avg_yearly": 0,
            "eps_latest_yearly": 0,
            "eps_growth_yearly": 0
        },
        "20063": {
            "year_quarter": 20063,
            "year": 2006,
            "quarter": 3,
            "eps": null,
            "eps_growth_year": null,
            "eps_4q": null,
            "eps_4q_growth_year": null,
            "roe": null,
            "roe_4q": 0,
            "gross_profit": null,
            "gross_margin": null,
            "gross_margin_4q_avg": 0,
            "net_income": null,
            "revenue": null,
            "common_shares": null,
            "book_valuer_per_share": null,
            "book_valuer_per_share_4q_avg": 0,
            "equity": null,
            "current_ratio": null,
            "debt_ratio": null,
            "inventory_turnover_ratio": null,
            "account_receivable_turnover_ratio": null,
            "reinvestment_rate": null,
            "research_to_sale_ratio": null,
            "price_fair": 0,
            "eps_avg_yearly": 0,
            "eps_latest_yearly": 0,
            "eps_growth_yearly": 0
        },
        "20064": {
            "year_quarter": 20064,
            "year": 2006,
            "quarter": 4,
            "eps": null,
            "eps_growth_year": null,
            "eps_4q": null,
            "eps_4q_growth_year": null,
            "roe": null,
            "roe_4q": 0,
            "gross_profit": null,
            "gross_margin": null,
            "gross_margin_4q_avg": 0,
            "net_income": null,
            "revenue": null,
            "common_shares": null,
            "book_valuer_per_share": null,
            "book_valuer_per_share_4q_avg": 0,
            "equity": null,
            "current_ratio": null,
            "debt_ratio": null,
            "inventory_turnover_ratio": null,
            "account_receivable_turnover_ratio": null,
            "reinvestment_rate": null,
            "research_to_sale_ratio": null,
            "price_fair": 0,
            "eps_avg_yearly": 0,
            "eps_latest_yearly": 0,
            "eps_growth_yearly": 0
        },
        "20071": {
            "year_quarter": 20071,
            "year": 2007,
            "quarter": 1,
            "eps": null,
            "eps_growth_year": null,
            "eps_4q": null,
            "eps_4q_growth_year": null,
            "roe": null,
            "roe_4q": 0,
            "gross_profit": null,
            "gross_margin": null,
            "gross_margin_4q_avg": 0,
            "net_income": null,
            "revenue": null,
            "common_shares": null,
            "book_valuer_per_share": null,
            "book_valuer_per_share_4q_avg": 0,
            "equity": null,
            "current_ratio": null,
            "debt_ratio": null,
            "inventory_turnover_ratio": null,
            "account_receivable_turnover_ratio": null,
            "reinvestment_rate": null,
            "research_to_sale_ratio": null,
            "price_fair": 0,
            "eps_avg_yearly": 0,
            "eps_latest_yearly": 0,
            "eps_growth_yearly": 0
        },
        "20072": {
            "year_quarter": 20072,
            "year": 2007,
            "quarter": 2,
            "eps": null,
            "eps_growth_year": null,
            "eps_4q": null,
            "eps_4q_growth_year": null,
            "roe": null,
            "roe_4q": 0,
            "gross_profit": null,
            "gross_margin": null,
            "gross_margin_4q_avg": 0,
            "net_income": null,
            "revenue": null,
            "common_shares": null,
            "book_valuer_per_share": null,
            "book_valuer_per_share_4q_avg": 0,
            "equity": null,
            "current_ratio": null,
            "debt_ratio": null,
            "inventory_turnover_ratio": null,
            "account_receivable_turnover_ratio": null,
            "reinvestment_rate": null,
            "research_to_sale_ratio": null,
            "price_fair": 0,
            "eps_avg_yearly": 0,
            "eps_latest_yearly": 0,
            "eps_growth_yearly": 0
        },
        "20073": {
            "year_quarter": 20073,
            "year": 2007,
            "quarter": 3,
            "eps": null,
            "eps_growth_year": null,
            "eps_4q": null,
            "eps_4q_growth_year": null,
            "roe": null,
            "roe_4q": 0,
            "gross_profit": null,
            "gross_margin": null,
            "gross_margin_4q_avg": 0,
            "net_income": null,
            "revenue": null,
            "common_shares": null,
            "book_valuer_per_share": null,
            "book_valuer_per_share_4q_avg": 0,
            "equity": null,
            "current_ratio": null,
            "debt_ratio": null,
            "inventory_turnover_ratio": null,
            "account_receivable_turnover_ratio": null,
            "reinvestment_rate": null,
            "research_to_sale_ratio": null,
            "price_fair": 0,
            "eps_avg_yearly": 0,
            "eps_latest_yearly": 0,
            "eps_growth_yearly": 0
        },
        "20074": {
            "year_quarter": 20074,
            "year": 2007,
            "quarter": 4,
            "eps": null,
            "eps_growth_year": null,
            "eps_4q": null,
            "eps_4q_growth_year": null,
            "roe": null,
            "roe_4q": 0,
            "gross_profit": null,
            "gross_margin": null,
            "gross_margin_4q_avg": 0,
            "net_income": null,
            "revenue": null,
            "common_shares": null,
            "book_valuer_per_share": null,
            "book_valuer_per_share_4q_avg": 0,
            "equity": null,
            "current_ratio": null,
            "debt_ratio": null,
            "inventory_turnover_ratio": null,
            "account_receivable_turnover_ratio": null,
            "reinvestment_rate": null,
            "research_to_sale_ratio": null,
            "price_fair": 0,
            "eps_avg_yearly": 0,
            "eps_latest_yearly": 0,
            "eps_growth_yearly": 0
        },
        "20081": {
            "year_quarter": 20081,
            "year": 2008,
            "quarter": 1,
            "eps": null,
            "eps_growth_year": null,
            "eps_4q": null,
            "eps_4q_growth_year": null,
            "roe": null,
            "roe_4q": 0,
            "gross_profit": null,
            "gross_margin": null,
            "gross_margin_4q_avg": 0,
            "net_income": null,
            "revenue": null,
            "common_shares": null,
            "book_valuer_per_share": null,
            "book_valuer_per_share_4q_avg": 0,
            "equity": null,
            "current_ratio": null,
            "debt_ratio": null,
            "inventory_turnover_ratio": null,
            "account_receivable_turnover_ratio": null,
            "reinvestment_rate": null,
            "research_to_sale_ratio": null,
            "price_fair": 0,
            "eps_avg_yearly": 0,
            "eps_latest_yearly": 0,
            "eps_growth_yearly": 0
        },
        "20082": {
            "year_quarter": 20082,
            "year": 2008,
            "quarter": 2,
            "eps": null,
            "eps_growth_year": null,
            "eps_4q": null,
            "eps_4q_growth_year": null,
            "roe": null,
            "roe_4q": 0,
            "gross_profit": null,
            "gross_margin": null,
            "gross_margin_4q_avg": 0,
            "net_income": null,
            "revenue": null,
            "common_shares": null,
            "book_valuer_per_share": null,
            "book_valuer_per_share_4q_avg": 0,
            "equity": null,
            "current_ratio": null,
            "debt_ratio": null,
            "inventory_turnover_ratio": null,
            "account_receivable_turnover_ratio": null,
            "reinvestment_rate": null,
            "research_to_sale_ratio": null,
            "price_fair": 0,
            "eps_avg_yearly": 0,
            "eps_latest_yearly": 0,
            "eps_growth_yearly": 0
        },
        "20083": {
            "year_quarter": 20083,
            "year": 2008,
            "quarter": 3,
            "eps": null,
            "eps_growth_year": null,
            "eps_4q": null,
            "eps_4q_growth_year": null,
            "roe": null,
            "roe_4q": 0,
            "gross_profit": null,
            "gross_margin": null,
            "gross_margin_4q_avg": 0,
            "net_income": null,
            "revenue": null,
            "common_shares": null,
            "book_valuer_per_share": null,
            "book_valuer_per_share_4q_avg": 0,
            "equity": null,
            "current_ratio": null,
            "debt_ratio": null,
            "inventory_turnover_ratio": null,
            "account_receivable_turnover_ratio": null,
            "reinvestment_rate": null,
            "research_to_sale_ratio": null,
            "price_fair": 0,
            "eps_avg_yearly": 0,
            "eps_latest_yearly": 0,
            "eps_growth_yearly": 0
        },
        "20084": {
            "year_quarter": 20084,
            "year": 2008,
            "quarter": 4,
            "eps": null,
            "eps_growth_year": null,
            "eps_4q": null,
            "eps_4q_growth_year": null,
            "roe": null,
            "roe_4q": 0,
            "gross_profit": null,
            "gross_margin": null,
            "gross_margin_4q_avg": 0,
            "net_income": null,
            "revenue": null,
            "common_shares": 60896128,
            "book_valuer_per_share": null,
            "book_valuer_per_share_4q_avg": 0,
            "equity": 89748015,
            "current_ratio": null,
            "debt_ratio": null,
            "inventory_turnover_ratio": null,
            "account_receivable_turnover_ratio": null,
            "reinvestment_rate": null,
            "research_to_sale_ratio": null,
            "price_fair": 0,
            "eps_avg_yearly": 0,
            "eps_latest_yearly": 0,
            "eps_growth_yearly": 0
        },
        "20091": {
            "year_quarter": 20091,
            "year": 2009,
            "quarter": 1,
            "eps": null,
            "eps_growth_year": null,
            "eps_4q": null,
            "eps_4q_growth_year": null,
            "roe": null,
            "roe_4q": 0,
            "gross_profit": null,
            "gross_margin": null,
            "gross_margin_4q_avg": 0,
            "net_income": 1770146,
            "revenue": 7899978,
            "common_shares": 60896128,
            "book_valuer_per_share": null,
            "book_valuer_per_share_4q_avg": 0,
            "equity": 90599962,
            "current_ratio": null,
            "debt_ratio": null,
            "inventory_turnover_ratio": null,
            "account_receivable_turnover_ratio": null,
            "reinvestment_rate": null,
            "research_to_sale_ratio": null,
            "price_fair": 0,
            "eps_avg_yearly": 0,
            "eps_latest_yearly": 0,
            "eps_growth_yearly": 0
        },
        "20092": {
            "year_quarter": 20092,
            "year": 2009,
            "quarter": 2,
            "eps": null,
            "eps_growth_year": null,
            "eps_4q": null,
            "eps_4q_growth_year": null,
            "roe": null,
            "roe_4q": 0,
            "gross_profit": null,
            "gross_margin": null,
            "gross_margin_4q_avg": 0,
            "net_income": 351366,
            "revenue": 7028811,
            "common_shares": 60896128,
            "book_valuer_per_share": null,
            "book_valuer_per_share_4q_avg": 0,
            "equity": 89472910,
            "current_ratio": null,
            "debt_ratio": null,
            "inventory_turnover_ratio": null,
            "account_receivable_turnover_ratio": null,
            "reinvestment_rate": null,
            "research_to_sale_ratio": null,
            "price_fair": 0,
            "eps_avg_yearly": 0,
            "eps_latest_yearly": 0,
            "eps_growth_yearly": 0
        },
        "20093": {
            "year_quarter": 20093,
            "year": 2009,
            "quarter": 3,
            "eps": null,
            "eps_growth_year": null,
            "eps_4q": null,
            "eps_4q_growth_year": null,
            "roe": null,
            "roe_4q": 0,
            "gross_profit": null,
            "gross_margin": null,
            "gross_margin_4q_avg": 0,
            "net_income": 803024,
            "revenue": 7583485,
            "common_shares": 62723012,
            "book_valuer_per_share": null,
            "book_valuer_per_share_4q_avg": 0,
            "equity": 91906559,
            "current_ratio": null,
            "debt_ratio": null,
            "inventory_turnover_ratio": null,
            "account_receivable_turnover_ratio": null,
            "reinvestment_rate": null,
            "research_to_sale_ratio": null,
            "price_fair": 0,
            "eps_avg_yearly": 0,
            "eps_latest_yearly": 0,
            "eps_growth_yearly": 0
        },
        "20094": {
            "year_quarter": 20094,
            "year": 2009,
            "quarter": 4,
            "eps": null,
            "eps_growth_year": null,
            "eps_4q": null,
            "eps_4q_growth_year": null,
            "roe": null,
            "roe_4q": 0,
            "gross_profit": null,
            "gross_margin": null,
            "gross_margin_4q_avg": 0,
            "net_income": 1524468,
            "revenue": 10968525,
            "common_shares": 62723012,
            "book_valuer_per_share": 14.94,
            "book_valuer_per_share_4q_avg": 3.74,
            "equity": 93735762,
            "current_ratio": null,
            "debt_ratio": 94.84,
            "inventory_turnover_ratio": null,
            "account_receivable_turnover_ratio": null,
            "reinvestment_rate": null,
            "research_to_sale_ratio": null,
            "price_fair": 0,
            "eps_avg_yearly": 0,
            "eps_latest_yearly": 0,
            "eps_growth_yearly": 0
        },
        "20101": {
            "year_quarter": 20101,
            "year": 2010,
            "quarter": 1,
            "eps": 0.21,
            "eps_growth_year": null,
            "eps_4q": 0.21,
            "eps_4q_growth_year": null,
            "roe": 1.39,
            "roe_4q": 1.39,
            "gross_profit": null,
            "gross_margin": null,
            "gross_margin_4q_avg": 0,
            "net_income": 1303097,
            "revenue": 7474025,
            "common_shares": 62723012,
            "book_valuer_per_share": 15.05,
            "book_valuer_per_share_4q_avg": 7.5,
            "equity": 94404679,
            "current_ratio": null,
            "debt_ratio": 94.67,
            "inventory_turnover_ratio": null,
            "account_receivable_turnover_ratio": null,
            "reinvestment_rate": null,
            "research_to_sale_ratio": null,
            "price_fair": 0,
            "eps_avg_yearly": 0,
            "eps_latest_yearly": 0,
            "eps_growth_yearly": 0
        },
        "20102": {
            "year_quarter": 20102,
            "year": 2010,
            "quarter": 2,
            "eps": 0.29,
            "eps_growth_year": null,
            "eps_4q": 0.48,
            "eps_4q_growth_year": null,
            "roe": 2,
            "roe_4q": 3.3899999999999997,
            "gross_profit": null,
            "gross_margin": null,
            "gross_margin_4q_avg": 0,
            "net_income": 1887534,
            "revenue": 7909961,
            "common_shares": 62723012,
            "book_valuer_per_share": 15.08,
            "book_valuer_per_share_4q_avg": 11.27,
            "equity": 94610448,
            "current_ratio": null,
            "debt_ratio": 94.72,
            "inventory_turnover_ratio": null,
            "account_receivable_turnover_ratio": null,
            "reinvestment_rate": null,
            "research_to_sale_ratio": null,
            "price_fair": 40.6,
            "eps_avg_yearly": 1.16,
            "eps_latest_yearly": 1.16,
            "eps_growth_yearly": 152.38
        },
        "20103": {
            "year_quarter": 20103,
            "year": 2010,
            "quarter": 3,
            "eps": 0.3,
            "eps_growth_year": null,
            "eps_4q": 0.78,
            "eps_4q_growth_year": null,
            "roe": 2.05,
            "roe_4q": 5.4399999999999995,
            "gross_profit": null,
            "gross_margin": null,
            "gross_margin_4q_avg": 0,
            "net_income": 1975417,
            "revenue": 8282887,
            "common_shares": 66172778,
            "book_valuer_per_share": 14.79,
            "book_valuer_per_share_4q_avg": 14.97,
            "equity": 97863930,
            "current_ratio": null,
            "debt_ratio": 94.68,
            "inventory_turnover_ratio": null,
            "account_receivable_turnover_ratio": null,
            "reinvestment_rate": null,
            "research_to_sale_ratio": null,
            "price_fair": 41.3,
            "eps_avg_yearly": 1.18,
            "eps_latest_yearly": 1.2,
            "eps_growth_yearly": 83.09
        },
        "20104": {
            "year_quarter": 20104,
            "year": 2010,
            "quarter": 4,
            "eps": 0.14,
            "eps_growth_year": null,
            "eps_4q": 0.92,
            "eps_4q_growth_year": null,
            "roe": 0.92,
            "roe_4q": 6.359999999999999,
            "gross_profit": null,
            "gross_margin": null,
            "gross_margin_4q_avg": 0,
            "net_income": 915297,
            "revenue": 8463303,
            "common_shares": 66172778,
            "book_valuer_per_share": 15.16,
            "book_valuer_per_share_4q_avg": 15.02,
            "equity": 100335566,
            "current_ratio": null,
            "debt_ratio": 94.66,
            "inventory_turnover_ratio": null,
            "account_receivable_turnover_ratio": null,
            "reinvestment_rate": null,
            "research_to_sale_ratio": null,
            "price_fair": 2.92,
            "eps_avg_yearly": 0.97,
            "eps_latest_yearly": 0.56,
            "eps_growth_yearly": -15.72
        },
        "20111": {
            "year_quarter": 20111,
            "year": 2011,
            "quarter": 1,
            "eps": 0.31,
            "eps_growth_year": 47.62,
            "eps_4q": 1.03,
            "eps_4q_growth_year": 395.65,
            "roe": 2.01,
            "roe_4q": 6.9799999999999995,
            "gross_profit": null,
            "gross_margin": null,
            "gross_margin_4q_avg": 0,
            "net_income": 2035762,
            "revenue": 7974785,
            "common_shares": 66172778,
            "book_valuer_per_share": 15.43,
            "book_valuer_per_share_4q_avg": 15.12,
            "equity": 102103239,
            "current_ratio": null,
            "debt_ratio": 94.5,
            "inventory_turnover_ratio": null,
            "account_receivable_turnover_ratio": null,
            "reinvestment_rate": null,
            "research_to_sale_ratio": null,
            "price_fair": 36.4,
            "eps_avg_yearly": 1.04,
            "eps_latest_yearly": 1.24,
            "eps_growth_yearly": 109.64
        },
        "20112": {
            "year_quarter": 20112,
            "year": 2011,
            "quarter": 2,
            "eps": 0.33,
            "eps_growth_year": 16.91,
            "eps_4q": 1.04,
            "eps_4q_growth_year": 114.83,
            "roe": 2.29,
            "roe_4q": 7.27,
            "gross_profit": null,
            "gross_margin": null,
            "gross_margin_4q_avg": 0,
            "net_income": 2339062,
            "revenue": 8419406,
            "common_shares": 66172778,
            "book_valuer_per_share": 15.4,
            "book_valuer_per_share_4q_avg": 15.2,
            "equity": 101919802,
            "current_ratio": null,
            "debt_ratio": 94.67,
            "inventory_turnover_ratio": null,
            "account_receivable_turnover_ratio": null,
            "reinvestment_rate": null,
            "research_to_sale_ratio": null,
            "price_fair": 38.36,
            "eps_avg_yearly": 1.1,
            "eps_latest_yearly": 1.32,
            "eps_growth_yearly": 92.87
        },
        "20113": {
            "year_quarter": 20113,
            "year": 2011,
            "quarter": 3,
            "eps": 0.3,
            "eps_growth_year": 0.73,
            "eps_4q": 1.05,
            "eps_4q_growth_year": 35.12,
            "roe": 2.07,
            "roe_4q": 7.289999999999999,
            "gross_profit": null,
            "gross_margin": null,
            "gross_margin_4q_avg": 0,
            "net_income": 2109346,
            "revenue": 8414807,
            "common_shares": 70143144,
            "book_valuer_per_share": 14.55,
            "book_valuer_per_share_4q_avg": 15.14,
            "equity": 102050109,
            "current_ratio": null,
            "debt_ratio": 94.78,
            "inventory_turnover_ratio": null,
            "account_receivable_turnover_ratio": null,
            "reinvestment_rate": null,
            "research_to_sale_ratio": null,
            "price_fair": 38.97,
            "eps_avg_yearly": 1.11,
            "eps_latest_yearly": 1.2,
            "eps_growth_yearly": 71.33
        },
        "20114": {
            "year_quarter": 20114,
            "year": 2011,
            "quarter": 4,
            "eps": 0.25,
            "eps_growth_year": 81.31,
            "eps_4q": 1.04,
            "eps_4q_growth_year": 13.18,
            "roe": 1.81,
            "roe_4q": 8.18,
            "gross_profit": null,
            "gross_margin": null,
            "gross_margin_4q_avg": 0,
            "net_income": 2060087,
            "revenue": 9225471,
            "common_shares": 82143144,
            "book_valuer_per_share": 15.28,
            "book_valuer_per_share_4q_avg": 15.17,
            "equity": 125515508,
            "current_ratio": null,
            "debt_ratio": 93.64,
            "inventory_turnover_ratio": null,
            "account_receivable_turnover_ratio": null,
            "reinvestment_rate": null,
            "research_to_sale_ratio": null,
            "price_fair": 38.4,
            "eps_avg_yearly": 1.1,
            "eps_latest_yearly": 1,
            "eps_growth_yearly": 51.62
        },
        "20121": {
            "year_quarter": 20121,
            "year": 2012,
            "quarter": 1,
            "eps": 0.33,
            "eps_growth_year": 6.45,
            "eps_4q": 1.12,
            "eps_4q_growth_year": 8.79,
            "roe": 2.11,
            "roe_4q": 8.280000000000001,
            "gross_profit": null,
            "gross_margin": null,
            "gross_margin_4q_avg": 0,
            "net_income": 2693894,
            "revenue": 8585078,
            "common_shares": 82143144,
            "book_valuer_per_share": 15.84,
            "book_valuer_per_share_4q_avg": 15.27,
            "equity": 130111485,
            "current_ratio": null,
            "debt_ratio": 93.46,
            "inventory_turnover_ratio": null,
            "account_receivable_turnover_ratio": null,
            "reinvestment_rate": null,
            "research_to_sale_ratio": null,
            "price_fair": 39.38,
            "eps_avg_yearly": 1.13,
            "eps_latest_yearly": 1.32,
            "eps_growth_yearly": 61.17
        },
        "20122": {
            "year_quarter": 20122,
            "year": 2012,
            "quarter": 2,
            "eps": 0.28,
            "eps_growth_year": -15.81,
            "eps_4q": 1.08,
            "eps_4q_growth_year": 3.93,
            "roe": 1.88,
            "roe_4q": 7.869999999999999,
            "gross_profit": null,
            "gross_margin": null,
            "gross_margin_4q_avg": 0,
            "net_income": 2421390,
            "revenue": 9069661,
            "common_shares": 82143144,
            "book_valuer_per_share": 15.58,
            "book_valuer_per_share_4q_avg": 15.31,
            "equity": 127982251,
            "current_ratio": null,
            "debt_ratio": 93.64,
            "inventory_turnover_ratio": null,
            "account_receivable_turnover_ratio": null,
            "reinvestment_rate": null,
            "research_to_sale_ratio": null,
            "price_fair": 39.36,
            "eps_avg_yearly": 1.12,
            "eps_latest_yearly": 1.12,
            "eps_growth_yearly": 47.64
        },
        "20123": {
            "year_quarter": 20123,
            "year": 2012,
            "quarter": 3,
            "eps": 0.27,
            "eps_growth_year": -11.65,
            "eps_4q": 1.1,
            "eps_4q_growth_year": 4.05,
            "roe": 1.77,
            "roe_4q": 7.57,
            "gross_profit": null,
            "gross_margin": null,
            "gross_margin_4q_avg": 0,
            "net_income": 2291657,
            "revenue": 9133078,
            "common_shares": 86250301,
            "book_valuer_per_share": 15.23,
            "book_valuer_per_share_4q_avg": 15.48,
            "equity": 131324016,
            "current_ratio": null,
            "debt_ratio": 93.48,
            "inventory_turnover_ratio": null,
            "account_receivable_turnover_ratio": null,
            "reinvestment_rate": null,
            "research_to_sale_ratio": null,
            "price_fair": 39.2,
            "eps_avg_yearly": 1.12,
            "eps_latest_yearly": 1.08,
            "eps_growth_yearly": 41.44
        },
        "20124": {
            "year_quarter": 20124,
            "year": 2012,
            "quarter": 4,
            "eps": 0.17,
            "eps_growth_year": -32.31,
            "eps_4q": 1.03,
            "eps_4q_growth_year": -1.12,
            "roe": 1.11,
            "roe_4q": 6.869999999999999,
            "gross_profit": null,
            "gross_margin": null,
            "gross_margin_4q_avg": 0,
            "net_income": 1464107,
            "revenue": 8521748,
            "common_shares": 86250301,
            "book_valuer_per_share": 15.39,
            "book_valuer_per_share_4q_avg": 15.51,
            "equity": 132780349,
            "current_ratio": null,
            "debt_ratio": 93.56,
            "inventory_turnover_ratio": null,
            "account_receivable_turnover_ratio": null,
            "reinvestment_rate": 115.17,
            "research_to_sale_ratio": null,
            "price_fair": 36.94,
            "eps_avg_yearly": 1.08,
            "eps_latest_yearly": 0.68,
            "eps_growth_yearly": 24.21
        },
        "20131": {
            "year_quarter": 20131,
            "year": 2013,
            "quarter": 1,
            "eps": 0.3,
            "eps_growth_year": -9.09,
            "eps_4q": 1.02,
            "eps_4q_growth_year": -9.2,
            "roe": 1.96,
            "roe_4q": 6.72,
            "gross_profit": null,
            "gross_margin": null,
            "gross_margin_4q_avg": 0,
            "net_income": 2596760,
            "revenue": 8861006,
            "common_shares": 86250301,
            "book_valuer_per_share": 15.37,
            "book_valuer_per_share_4q_avg": 15.39,
            "equity": 132594469,
            "current_ratio": null,
            "debt_ratio": 93.63,
            "inventory_turnover_ratio": null,
            "account_receivable_turnover_ratio": null,
            "reinvestment_rate": 112.53,
            "research_to_sale_ratio": null,
            "price_fair": 38.15,
            "eps_avg_yearly": 1.09,
            "eps_latest_yearly": 1.2,
            "eps_growth_yearly": 47.68
        },
        "20132": {
            "year_quarter": 20132,
            "year": 2013,
            "quarter": 2,
            "eps": 0.29,
            "eps_growth_year": 3.3,
            "eps_4q": 0.99,
            "eps_4q_growth_year": -8.2,
            "roe": 1.98,
            "roe_4q": 6.82,
            "gross_profit": null,
            "gross_margin": null,
            "gross_margin_4q_avg": 0,
            "net_income": 2597351,
            "revenue": 8878966,
            "common_shares": 86250301,
            "book_valuer_per_share": 15.06,
            "book_valuer_per_share_4q_avg": 15.26,
            "equity": 129877564,
            "current_ratio": null,
            "debt_ratio": 93.79,
            "inventory_turnover_ratio": null,
            "account_receivable_turnover_ratio": null,
            "reinvestment_rate": 105.26,
            "research_to_sale_ratio": null,
            "price_fair": 38.34,
            "eps_avg_yearly": 1.1,
            "eps_latest_yearly": 1.16,
            "eps_growth_yearly": 42.99
        },
        "20133": {
            "year_quarter": 20133,
            "year": 2013,
            "quarter": 3,
            "eps": 0.27,
            "eps_growth_year": 1.62,
            "eps_4q": 1,
            "eps_4q_growth_year": -8.7,
            "roe": 1.84,
            "roe_4q": 6.890000000000001,
            "gross_profit": null,
            "gross_margin": null,
            "gross_margin_4q_avg": 0,
            "net_income": 2416972,
            "revenue": 8802195,
            "common_shares": 90562816,
            "book_valuer_per_share": 14.62,
            "book_valuer_per_share_4q_avg": 15.11,
            "equity": 132421999,
            "current_ratio": null,
            "debt_ratio": 93.84,
            "inventory_turnover_ratio": null,
            "account_receivable_turnover_ratio": null,
            "reinvestment_rate": 97.94,
            "research_to_sale_ratio": null,
            "price_fair": 38.3,
            "eps_avg_yearly": 1.09,
            "eps_latest_yearly": 1.08,
            "eps_growth_yearly": 37.95
        },
        "20134": {
            "year_quarter": 20134,
            "year": 2013,
            "quarter": 4,
            "eps": 0.27,
            "eps_growth_year": 58.73,
            "eps_4q": 1.11,
            "eps_4q_growth_year": 7.91,
            "roe": 1.82,
            "roe_4q": 7.6000000000000005,
            "gross_profit": null,
            "gross_margin": null,
            "gross_margin_4q_avg": 0,
            "net_income": 2440179,
            "revenue": 8959525,
            "common_shares": 90562816,
            "book_valuer_per_share": 14.98,
            "book_valuer_per_share_4q_avg": 15.01,
            "equity": 135660750,
            "current_ratio": null,
            "debt_ratio": 93.73,
            "inventory_turnover_ratio": null,
            "account_receivable_turnover_ratio": null,
            "reinvestment_rate": 19.3,
            "research_to_sale_ratio": null,
            "price_fair": 38.27,
            "eps_avg_yearly": 1.09,
            "eps_latest_yearly": 1.08,
            "eps_growth_yearly": 35.42
        },
        "20141": {
            "year_quarter": 20141,
            "year": 2014,
            "quarter": 1,
            "eps": 0.33,
            "eps_growth_year": 10,
            "eps_4q": 1.16,
            "eps_4q_growth_year": 13.67,
            "roe": 2.2,
            "roe_4q": 7.84,
            "gross_profit": null,
            "gross_margin": null,
            "gross_margin_4q_avg": 0,
            "net_income": 3017773,
            "revenue": 9658757,
            "common_shares": 90562816,
            "book_valuer_per_share": 15.34,
            "book_valuer_per_share_4q_avg": 15,
            "equity": 138901717,
            "current_ratio": null,
            "debt_ratio": 93.61,
            "inventory_turnover_ratio": null,
            "account_receivable_turnover_ratio": null,
            "reinvestment_rate": 15.89,
            "research_to_sale_ratio": null,
            "price_fair": 38.76,
            "eps_avg_yearly": 1.11,
            "eps_latest_yearly": 1.32,
            "eps_growth_yearly": 38.76
        },
        "20142": {
            "year_quarter": 20142,
            "year": 2014,
            "quarter": 2,
            "eps": 0.35,
            "eps_growth_year": 20.69,
            "eps_4q": 1.2,
            "eps_4q_growth_year": 21.31,
            "roe": 2.41,
            "roe_4q": 8.270000000000001,
            "gross_profit": null,
            "gross_margin": null,
            "gross_margin_4q_avg": 0,
            "net_income": 3307689,
            "revenue": 9567784,
            "common_shares": 90562816,
            "book_valuer_per_share": 15.03,
            "book_valuer_per_share_4q_avg": 14.99,
            "equity": 136158600,
            "current_ratio": null,
            "debt_ratio": 93.74,
            "inventory_turnover_ratio": null,
            "account_receivable_turnover_ratio": null,
            "reinvestment_rate": 16.34,
            "research_to_sale_ratio": null,
            "price_fair": 39.29,
            "eps_avg_yearly": 1.12,
            "eps_latest_yearly": 1.4,
            "eps_growth_yearly": 30.75
        },
        "20143": {
            "year_quarter": 20143,
            "year": 2014,
            "quarter": 3,
            "eps": 0.37,
            "eps_growth_year": 37.04,
            "eps_4q": 1.31,
            "eps_4q_growth_year": 30.86,
            "roe": 2.51,
            "roe_4q": 8.94,
            "gross_profit": null,
            "gross_margin": null,
            "gross_margin_4q_avg": 0,
            "net_income": 3466169,
            "revenue": 10047468,
            "common_shares": 93279700,
            "book_valuer_per_share": 14.98,
            "book_valuer_per_share_4q_avg": 15.08,
            "equity": 139761732,
            "current_ratio": null,
            "debt_ratio": 93.71,
            "inventory_turnover_ratio": null,
            "account_receivable_turnover_ratio": null,
            "reinvestment_rate": 10.54,
            "research_to_sale_ratio": null,
            "price_fair": 39.9,
            "eps_avg_yearly": 1.14,
            "eps_latest_yearly": 1.48,
            "eps_growth_yearly": 31.32
        },
        "20144": {
            "year_quarter": 20144,
            "year": 2014,
            "quarter": 4,
            "eps": 0.36,
            "eps_growth_year": 32.86,
            "eps_4q": 1.41,
            "eps_4q_growth_year": 26.84,
            "roe": 2.35,
            "roe_4q": 9.469999999999999,
            "gross_profit": null,
            "gross_margin": null,
            "gross_margin_4q_avg": 0,
            "net_income": 3339390,
            "revenue": 9543029,
            "common_shares": 93279700,
            "book_valuer_per_share": 15.43,
            "book_valuer_per_share_4q_avg": 15.2,
            "equity": 143943777,
            "current_ratio": null,
            "debt_ratio": 93.63,
            "inventory_turnover_ratio": null,
            "account_receivable_turnover_ratio": null,
            "reinvestment_rate": 11.69,
            "research_to_sale_ratio": null,
            "price_fair": 41.83,
            "eps_avg_yearly": 1.2,
            "eps_latest_yearly": 1.44,
            "eps_growth_yearly": 43.97
        },
        "20151": {
            "year_quarter": 20151,
            "year": 2015,
            "quarter": 1,
            "eps": 0.39,
            "eps_growth_year": 18.18,
            "eps_4q": 1.48,
            "eps_4q_growth_year": 27.75,
            "roe": 2.51,
            "roe_4q": 9.78,
            "gross_profit": null,
            "gross_margin": null,
            "gross_margin_4q_avg": 0,
            "net_income": 3666274,
            "revenue": 9978298,
            "common_shares": 93279700,
            "book_valuer_per_share": 15.84,
            "book_valuer_per_share_4q_avg": 15.32,
            "equity": 147791488,
            "current_ratio": null,
            "debt_ratio": 93.47,
            "inventory_turnover_ratio": null,
            "account_receivable_turnover_ratio": null,
            "reinvestment_rate": 11.89,
            "research_to_sale_ratio": null,
            "price_fair": 31.23,
            "eps_avg_yearly": 1.22,
            "eps_latest_yearly": 1.56,
            "eps_growth_yearly": 15.7
        },
        "20152": {
            "year_quarter": 20152,
            "year": 2015,
            "quarter": 2,
            "eps": 0.4,
            "eps_growth_year": 14.29,
            "eps_4q": 1.45,
            "eps_4q_growth_year": 21.17,
            "roe": 2.67,
            "roe_4q": 10.04,
            "gross_profit": null,
            "gross_margin": null,
            "gross_margin_4q_avg": 0,
            "net_income": 3918660,
            "revenue": 10060686,
            "common_shares": 93279700,
            "book_valuer_per_share": 15.64,
            "book_valuer_per_share_4q_avg": 15.47,
            "equity": 145908806,
            "current_ratio": null,
            "debt_ratio": 93.57,
            "inventory_turnover_ratio": null,
            "account_receivable_turnover_ratio": null,
            "reinvestment_rate": 10.07,
            "research_to_sale_ratio": null,
            "price_fair": 30.48,
            "eps_avg_yearly": 1.23,
            "eps_latest_yearly": 1.6,
            "eps_growth_yearly": 14.73
        },
        "20153": {
            "year_quarter": 20153,
            "year": 2015,
            "quarter": 3,
            "eps": 0.3,
            "eps_growth_year": -18.92,
            "eps_4q": 1.41,
            "eps_4q_growth_year": 7.23,
            "roe": 2.03,
            "roe_4q": 9.559999999999999,
            "gross_profit": null,
            "gross_margin": null,
            "gross_margin_4q_avg": 0,
            "net_income": 3005447,
            "revenue": 10050419,
            "common_shares": 99063042,
            "book_valuer_per_share": 15.11,
            "book_valuer_per_share_4q_avg": 15.51,
            "equity": 149642661,
            "current_ratio": null,
            "debt_ratio": 93.61,
            "inventory_turnover_ratio": null,
            "account_receivable_turnover_ratio": null,
            "reinvestment_rate": 10.64,
            "research_to_sale_ratio": null,
            "price_fair": 25.58,
            "eps_avg_yearly": 1.23,
            "eps_latest_yearly": 1.2,
            "eps_growth_yearly": 10.75
        },
        "20154": {
            "year_quarter": 20154,
            "year": 2015,
            "quarter": 4,
            "eps": 0.35,
            "eps_growth_year": -1.58,
            "eps_4q": 1.42,
            "eps_4q_growth_year": 0.97,
            "roe": 2.31,
            "roe_4q": 9.52,
            "gross_profit": null,
            "gross_margin": null,
            "gross_margin_4q_avg": 0,
            "net_income": 3490280,
            "revenue": 9494378,
            "common_shares": 99063042,
            "book_valuer_per_share": 15.45,
            "book_valuer_per_share_4q_avg": 15.51,
            "equity": 153069327,
            "current_ratio": null,
            "debt_ratio": 93.49,
            "inventory_turnover_ratio": null,
            "account_receivable_turnover_ratio": null,
            "reinvestment_rate": 3.74,
            "research_to_sale_ratio": null,
            "price_fair": 36.57,
            "eps_avg_yearly": 1.26,
            "eps_latest_yearly": 1.4,
            "eps_growth_yearly": 19.08
        },
        "20161": {
            "year_quarter": 20161,
            "year": 2016,
            "quarter": 1,
            "eps": 0.37,
            "eps_growth_year": -5.13,
            "eps_4q": 1.42,
            "eps_4q_growth_year": -3.63,
            "roe": 2.38,
            "roe_4q": 9.389999999999999,
            "gross_profit": null,
            "gross_margin": null,
            "gross_margin_4q_avg": 0,
            "net_income": 3688664,
            "revenue": 10274854,
            "common_shares": 99063042,
            "book_valuer_per_share": 15.83,
            "book_valuer_per_share_4q_avg": 15.51,
            "equity": 156778671,
            "current_ratio": null,
            "debt_ratio": 93.45,
            "inventory_turnover_ratio": null,
            "account_receivable_turnover_ratio": null,
            "reinvestment_rate": 0.43,
            "research_to_sale_ratio": null,
            "price_fair": 28.54,
            "eps_avg_yearly": 1.27,
            "eps_latest_yearly": 1.48,
            "eps_growth_yearly": 12.51
        },
        "20162": {
            "year_quarter": 20162,
            "year": 2016,
            "quarter": 2,
            "eps": 0.38,
            "eps_growth_year": -5,
            "eps_4q": 1.35,
            "eps_4q_growth_year": -7.18,
            "roe": 2.56,
            "roe_4q": 9.28,
            "gross_profit": null,
            "gross_margin": null,
            "gross_margin_4q_avg": 0,
            "net_income": 4001403,
            "revenue": 10534689,
            "common_shares": 99063042,
            "book_valuer_per_share": 15.69,
            "book_valuer_per_share_4q_avg": 15.52,
            "equity": 155450738,
            "current_ratio": null,
            "debt_ratio": 93.78,
            "inventory_turnover_ratio": null,
            "account_receivable_turnover_ratio": null,
            "reinvestment_rate": 0.59,
            "research_to_sale_ratio": null,
            "price_fair": 34.87,
            "eps_avg_yearly": 1.29,
            "eps_latest_yearly": 1.52,
            "eps_growth_yearly": 16.98
        },
        "20163": {
            "year_quarter": 20163,
            "year": 2016,
            "quarter": 3,
            "eps": 0.27,
            "eps_growth_year": -10,
            "eps_4q": 1.33,
            "eps_4q_growth_year": -5.33,
            "roe": 1.81,
            "roe_4q": 9.06,
            "gross_profit": null,
            "gross_margin": null,
            "gross_margin_4q_avg": 0,
            "net_income": 2825000,
            "revenue": 10979924,
            "common_shares": 105204951,
            "book_valuer_per_share": 14.94,
            "book_valuer_per_share_4q_avg": 15.48,
            "equity": 157138576,
            "current_ratio": null,
            "debt_ratio": 93.79,
            "inventory_turnover_ratio": null,
            "account_receivable_turnover_ratio": null,
            "reinvestment_rate": 0.55,
            "research_to_sale_ratio": null,
            "price_fair": 26.67,
            "eps_avg_yearly": 1.29,
            "eps_latest_yearly": 1.08,
            "eps_growth_yearly": 10.63
        },
        "20164": {
            "year_quarter": 20164,
            "year": 2016,
            "quarter": 4,
            "eps": 0.34,
            "eps_growth_year": -3.64,
            "eps_4q": 1.34,
            "eps_4q_growth_year": -5.8,
            "roe": 2.26,
            "roe_4q": 9.010000000000002,
            "gross_profit": null,
            "gross_margin": null,
            "gross_margin_4q_avg": 0,
            "net_income": 3571733,
            "revenue": 10442955,
            "common_shares": 105204951,
            "book_valuer_per_share": 15.11,
            "book_valuer_per_share_4q_avg": 15.39,
            "equity": 158983270,
            "current_ratio": null,
            "debt_ratio": 93.76,
            "inventory_turnover_ratio": null,
            "account_receivable_turnover_ratio": null,
            "reinvestment_rate": 0.47,
            "research_to_sale_ratio": null,
            "price_fair": 46.73,
            "eps_avg_yearly": 1.34,
            "eps_latest_yearly": 1.36,
            "eps_growth_yearly": 26.37
        },
        "20171": {
            "year_quarter": 20171,
            "year": 2017,
            "quarter": 1,
            "eps": 0.22,
            "eps_growth_year": -40.54,
            "eps_4q": 1.21,
            "eps_4q_growth_year": -15.24,
            "roe": 1.43,
            "roe_4q": 8.06,
            "gross_profit": null,
            "gross_margin": null,
            "gross_margin_4q_avg": 0,
            "net_income": 2296199,
            "revenue": 9476513,
            "common_shares": 105204951,
            "book_valuer_per_share": 15.31,
            "book_valuer_per_share_4q_avg": 15.26,
            "equity": 161109912,
            "current_ratio": null,
            "debt_ratio": 93.67,
            "inventory_turnover_ratio": null,
            "account_receivable_turnover_ratio": null,
            "reinvestment_rate": 0.11,
            "research_to_sale_ratio": null,
            "price_fair": 3.95,
            "eps_avg_yearly": 1.32,
            "eps_latest_yearly": 0.88,
            "eps_growth_yearly": -1.57
        },
        "20172": {
            "year_quarter": 20172,
            "year": 2017,
            "quarter": 2,
            "eps": 0.33,
            "eps_growth_year": -13.16,
            "eps_4q": 1.12,
            "eps_4q_growth_year": -16.82,
            "roe": 2.31,
            "roe_4q": 7.8100000000000005,
            "gross_profit": null,
            "gross_margin": null,
            "gross_margin_4q_avg": 0,
            "net_income": 3697237,
            "revenue": 11003688,
            "common_shares": 105204951,
            "book_valuer_per_share": 15.08,
            "book_valuer_per_share_4q_avg": 15.11,
            "equity": 158644761,
            "current_ratio": null,
            "debt_ratio": 93.75,
            "inventory_turnover_ratio": null,
            "account_receivable_turnover_ratio": null,
            "reinvestment_rate": -0.64,
            "research_to_sale_ratio": null,
            "price_fair": 28.84,
            "eps_avg_yearly": 1.33,
            "eps_latest_yearly": 1.32,
            "eps_growth_yearly": 11.77
        },
        "20173": {
            "year_quarter": 20173,
            "year": 2017,
            "quarter": 3,
            "eps": 0.34,
            "eps_growth_year": 25.93,
            "eps_4q": 1.21,
            "eps_4q_growth_year": -9.31,
            "roe": 2.35,
            "roe_4q": 8.35,
            "gross_profit": null,
            "gross_margin": null,
            "gross_margin_4q_avg": 0,
            "net_income": 3771994,
            "revenue": 11334364,
            "common_shares": 110465199,
            "book_valuer_per_share": 14.7,
            "book_valuer_per_share_4q_avg": 15.05,
            "equity": 162372729,
            "current_ratio": null,
            "debt_ratio": 93.68,
            "inventory_turnover_ratio": null,
            "account_receivable_turnover_ratio": null,
            "reinvestment_rate": 1.17,
            "research_to_sale_ratio": null,
            "price_fair": 32.55,
            "eps_avg_yearly": 1.34,
            "eps_latest_yearly": 1.36,
            "eps_growth_yearly": 14.25
        },
        "20174": {
            "year_quarter": 20174,
            "year": 2017,
            "quarter": 4,
            "eps": 0.2,
            "eps_growth_year": -40,
            "eps_4q": 1.09,
            "eps_4q_growth_year": -18.77,
            "roe": 1.38,
            "roe_4q": 7.47,
            "gross_profit": null,
            "gross_margin": null,
            "gross_margin_4q_avg": 0,
            "net_income": 2250138,
            "revenue": 10405983,
            "common_shares": 110465199,
            "book_valuer_per_share": 14.87,
            "book_valuer_per_share_4q_avg": 14.99,
            "equity": 164234163,
            "current_ratio": null,
            "debt_ratio": 93.62,
            "inventory_turnover_ratio": null,
            "account_receivable_turnover_ratio": null,
            "reinvestment_rate": 0.61,
            "research_to_sale_ratio": null,
            "price_fair": 18.49,
            "eps_avg_yearly": 1.33,
            "eps_latest_yearly": 0.8,
            "eps_growth_yearly": 3.95
        },
        "20181": {
            "year_quarter": 20181,
            "year": 2018,
            "quarter": 1,
            "eps": 0.3,
            "eps_growth_year": 36.36,
            "eps_4q": 1.18,
            "eps_4q_growth_year": -2.33,
            "roe": 1.98,
            "roe_4q": 8.02,
            "gross_profit": null,
            "gross_margin": null,
            "gross_margin_4q_avg": 0,
            "net_income": 3298977,
            "revenue": 10954595,
            "common_shares": 110465199,
            "book_valuer_per_share": 15.32,
            "book_valuer_per_share_4q_avg": 14.99,
            "equity": 169275924,
            "current_ratio": null,
            "debt_ratio": 93.49,
            "inventory_turnover_ratio": null,
            "account_receivable_turnover_ratio": null,
            "reinvestment_rate": 0.62,
            "research_to_sale_ratio": null,
            "price_fair": 27.53,
            "eps_avg_yearly": 1.32,
            "eps_latest_yearly": 1.2,
            "eps_growth_yearly": 10.9
        },
        "20182": {
            "year_quarter": 20182,
            "year": 2018,
            "quarter": 2,
            "eps": 0.36,
            "eps_growth_year": 9.09,
            "eps_4q": 1.17,
            "eps_4q_growth_year": 3.91,
            "roe": 2.45,
            "roe_4q": 8.16,
            "gross_profit": null,
            "gross_margin": null,
            "gross_margin_4q_avg": 0,
            "net_income": 4133492,
            "revenue": 12052239,
            "common_shares": 110465199,
            "book_valuer_per_share": 15.19,
            "book_valuer_per_share_4q_avg": 15.02,
            "equity": 167843933,
            "current_ratio": null,
            "debt_ratio": 93.65,
            "inventory_turnover_ratio": null,
            "account_receivable_turnover_ratio": null,
            "reinvestment_rate": -0.05,
            "research_to_sale_ratio": null,
            "price_fair": 32.19,
            "eps_avg_yearly": 1.32,
            "eps_latest_yearly": 1.44,
            "eps_growth_yearly": 14.38
        },
        "20183": {
            "year_quarter": 20183,
            "year": 2018,
            "quarter": 3,
            "eps": 0.38,
            "eps_growth_year": 11.76,
            "eps_4q": 1.22,
            "eps_4q_growth_year": 0.74,
            "roe": 2.56,
            "roe_4q": 8.370000000000001,
            "gross_profit": null,
            "gross_margin": null,
            "gross_margin_4q_avg": 0,
            "net_income": 4357638,
            "revenue": 12270059,
            "common_shares": 115436133,
            "book_valuer_per_share": 14.95,
            "book_valuer_per_share_4q_avg": 15.08,
            "equity": 172556144,
            "current_ratio": null,
            "debt_ratio": 93.51,
            "inventory_turnover_ratio": null,
            "account_receivable_turnover_ratio": null,
            "reinvestment_rate": -0.29,
            "research_to_sale_ratio": null,
            "price_fair": 32.19,
            "eps_avg_yearly": 1.32,
            "eps_latest_yearly": 1.52,
            "eps_growth_yearly": 14.34
        },
        "20184": {
            "year_quarter": 20184,
            "year": 2018,
            "quarter": 4,
            "eps": 0.25,
            "eps_growth_year": 20.41,
            "eps_4q": 1.27,
            "eps_4q_growth_year": 16.45,
            "roe": 1.63,
            "roe_4q": 8.62,
            "gross_profit": null,
            "gross_margin": null,
            "gross_margin_4q_avg": 0,
            "net_income": 2831328,
            "revenue": 10725591,
            "common_shares": 115436133,
            "book_valuer_per_share": 15.09,
            "book_valuer_per_share_4q_avg": 15.14,
            "equity": 174157583,
            "current_ratio": null,
            "debt_ratio": 93.51,
            "inventory_turnover_ratio": null,
            "account_receivable_turnover_ratio": null,
            "reinvestment_rate": -1.75,
            "research_to_sale_ratio": null,
            "price_fair": 21.32,
            "eps_avg_yearly": 1.3,
            "eps_latest_yearly": 1,
            "eps_growth_yearly": 6.47
        },
        "20191": {
            "year_quarter": 20191,
            "year": 2019,
            "quarter": 1,
            "eps": 0.36,
            "eps_growth_year": 20,
            "eps_4q": 1.35,
            "eps_4q_growth_year": 14.16,
            "roe": 2.36,
            "roe_4q": 9,
            "gross_profit": null,
            "gross_margin": null,
            "gross_margin_4q_avg": 0,
            "net_income": 4208265,
            "revenue": 12168171,
            "common_shares": 115436133,
            "book_valuer_per_share": 15.76,
            "book_valuer_per_share_4q_avg": 15.25,
            "equity": 181898590,
            "current_ratio": null,
            "debt_ratio": 93.17,
            "inventory_turnover_ratio": null,
            "account_receivable_turnover_ratio": null,
            "reinvestment_rate": -2,
            "research_to_sale_ratio": null,
            "price_fair": 32.68,
            "eps_avg_yearly": 1.29,
            "eps_latest_yearly": 1.44,
            "eps_growth_yearly": 15.38
        },
        "20192": {
            "year_quarter": 20192,
            "year": 2019,
            "quarter": 2,
            "eps": 0.35,
            "eps_growth_year": -2.78,
            "eps_4q": 1.29,
            "eps_4q_growth_year": 10.38,
            "roe": 2.34,
            "roe_4q": 8.889999999999999,
            "gross_profit": null,
            "gross_margin": null,
            "gross_margin_4q_avg": 0,
            "net_income": 4263593,
            "revenue": 11714407,
            "common_shares": 115436133,
            "book_valuer_per_share": 15.8,
            "book_valuer_per_share_4q_avg": 15.4,
            "equity": 182371888,
            "current_ratio": null,
            "debt_ratio": 93.2,
            "inventory_turnover_ratio": null,
            "account_receivable_turnover_ratio": null,
            "reinvestment_rate": -1.06,
            "research_to_sale_ratio": null,
            "price_fair": 30.66,
            "eps_avg_yearly": 1.28,
            "eps_latest_yearly": 1.4,
            "eps_growth_yearly": 14.05
        },
        "20193": {
            "year_quarter": 20193,
            "year": 2019,
            "quarter": 3,
            "eps": 0.37,
            "eps_growth_year": -2.63,
            "eps_4q": 1.3,
            "eps_4q_growth_year": 6.79,
            "roe": 2.45,
            "roe_4q": 8.780000000000001,
            "gross_profit": null,
            "gross_margin": null,
            "gross_margin_4q_avg": 0,
            "net_income": 4506914,
            "revenue": 12221604,
            "common_shares": 121727402,
            "book_valuer_per_share": 15.24,
            "book_valuer_per_share_4q_avg": 15.47,
            "equity": 185470211,
            "current_ratio": null,
            "debt_ratio": 93.07,
            "inventory_turnover_ratio": null,
            "account_receivable_turnover_ratio": null,
            "reinvestment_rate": -1.77,
            "research_to_sale_ratio": null,
            "price_fair": 41.01,
            "eps_avg_yearly": 1.29,
            "eps_latest_yearly": 1.48,
            "eps_growth_yearly": 21.73
        },
        "20194": {
            "year_quarter": 20194,
            "year": 2019,
            "quarter": 4,
            "eps": 0.24,
            "eps_growth_year": -0.3,
            "eps_4q": 1.31,
            "eps_4q_growth_year": 3.48,
            "roe": 1.59,
            "roe_4q": 8.74,
            "gross_profit": null,
            "gross_margin": null,
            "gross_margin_4q_avg": 0,
            "net_income": 2976596,
            "revenue": 10600151,
            "common_shares": 121727402,
            "book_valuer_per_share": 15.5,
            "book_valuer_per_share_4q_avg": 15.58,
            "equity": 188700657,
            "current_ratio": null,
            "debt_ratio": 93.09,
            "inventory_turnover_ratio": null,
            "account_receivable_turnover_ratio": null,
            "reinvestment_rate": -0.82,
            "research_to_sale_ratio": null,
            "price_fair": 23.75,
            "eps_avg_yearly": 1.27,
            "eps_latest_yearly": 0.96,
            "eps_growth_yearly": 8.78
        },
        "20201": {
            "year_quarter": 20201,
            "year": 2020,
            "quarter": 1,
            "eps": -0.12,
            "eps_growth_year": -133.33,
            "eps_4q": 0.85,
            "eps_4q_growth_year": -37.12,
            "roe": -0.79,
            "roe_4q": 5.59,
            "gross_profit": null,
            "gross_margin": null,
            "gross_margin_4q_avg": 0,
            "net_income": -1448497,
            "revenue": 5874473,
            "common_shares": 121727402,
            "book_valuer_per_share": 14.73,
            "book_valuer_per_share_4q_avg": 15.32,
            "equity": 179319926,
            "current_ratio": null,
            "debt_ratio": 93.53,
            "inventory_turnover_ratio": null,
            "account_receivable_turnover_ratio": null,
            "reinvestment_rate": -0.91,
            "research_to_sale_ratio": null,
            "price_fair": 22.31,
            "eps_avg_yearly": 1.25,
            "eps_latest_yearly": 0.96,
            "eps_growth_yearly": 7.84
        },
        "20202": {
            "year_quarter": 20202,
            "year": 2020,
            "quarter": 2,
            "eps": 0.23,
            "eps_growth_year": -34.29,
            "eps_4q": 0.7,
            "eps_4q_growth_year": -45.85,
            "roe": 1.62,
            "roe_4q": 4.87,
            "gross_profit": null,
            "gross_margin": null,
            "gross_margin_4q_avg": 0,
            "net_income": 2921076,
            "revenue": 11105673,
            "common_shares": 121727402,
            "book_valuer_per_share": 14.93,
            "book_valuer_per_share_4q_avg": 15.1,
            "equity": 181696905,
            "current_ratio": null,
            "debt_ratio": 93.65,
            "inventory_turnover_ratio": null,
            "account_receivable_turnover_ratio": null,
            "reinvestment_rate": -1.24,
            "research_to_sale_ratio": null,
            "price_fair": 21.7,
            "eps_avg_yearly": 1.23,
            "eps_latest_yearly": 0.96,
            "eps_growth_yearly": 7.62
        },
        "20203": {
            "year_quarter": 20203,
            "year": 2020,
            "quarter": 3,
            "eps": 0.27,
            "eps_growth_year": -27.03,
            "eps_4q": 0.61,
            "eps_4q_growth_year": -52.65,
            "roe": 1.88,
            "roe_4q": 4.3,
            "gross_profit": null,
            "gross_margin": null,
            "gross_margin_4q_avg": 0,
            "net_income": 3456195,
            "revenue": 11656386,
            "common_shares": 128547788,
            "book_valuer_per_share": 14.39,
            "book_valuer_per_share_4q_avg": 14.89,
            "equity": 185039767,
            "current_ratio": null,
            "debt_ratio": 93.71,
            "inventory_turnover_ratio": null,
            "account_receivable_turnover_ratio": null,
            "reinvestment_rate": -0.9,
            "research_to_sale_ratio": null,
            "price_fair": 38.01,
            "eps_avg_yearly": 1.23,
            "eps_latest_yearly": 1.08,
            "eps_growth_yearly": 20.86
        },
        "20204": {
            "year_quarter": 20204,
            "year": 2020,
            "quarter": 4,
            "eps": 0.29,
            "eps_growth_year": 18.49,
            "eps_4q": 0.67,
            "eps_4q_growth_year": -48.64,
            "roe": 1.99,
            "roe_4q": 4.7,
            "gross_profit": null,
            "gross_margin": null,
            "gross_margin_4q_avg": 0,
            "net_income": 3724709,
            "revenue": 11327992,
            "common_shares": 128547788,
            "book_valuer_per_share": 14.73,
            "book_valuer_per_share_4q_avg": 14.7,
            "equity": 189404165,
            "current_ratio": null,
            "debt_ratio": 93.89,
            "inventory_turnover_ratio": null,
            "account_receivable_turnover_ratio": null,
            "reinvestment_rate": -0.92,
            "research_to_sale_ratio": null,
            "price_fair": 31.13,
            "eps_avg_yearly": 1.22,
            "eps_latest_yearly": 1.16,
            "eps_growth_yearly": 15.57
        },
        "20211": {
            "year_quarter": 20211,
            "year": 2021,
            "quarter": 1,
            "eps": 0.31,
            "eps_growth_year": null,
            "eps_4q": 1.1,
            "eps_4q_growth_year": 30,
            "roe": 2.11,
            "roe_4q": 7.6,
            "gross_profit": null,
            "gross_margin": null,
            "gross_margin_4q_avg": 0,
            "net_income": 4036032,
            "revenue": 12412872,
            "common_shares": 128547788,
            "book_valuer_per_share": 15.05,
            "book_valuer_per_share_4q_avg": 14.78,
            "equity": 193408592,
            "current_ratio": null,
            "debt_ratio": 94.1,
            "inventory_turnover_ratio": null,
            "account_receivable_turnover_ratio": null,
            "reinvestment_rate": -0.91,
            "research_to_sale_ratio": null,
            "price_fair": 43.5,
            "eps_avg_yearly": 1.24,
            "eps_latest_yearly": 1.24,
            "eps_growth_yearly": 27.63
        },
        "20212": {
            "year_quarter": 20212,
            "year": 2021,
            "quarter": 2,
            "eps": 0.41,
            "eps_growth_year": 78.26,
            "eps_4q": 1.28,
            "eps_4q_growth_year": 83.86,
            "roe": 2.67,
            "roe_4q": 8.649999999999999,
            "gross_profit": null,
            "gross_margin": null,
            "gross_margin_4q_avg": 0,
            "net_income": 5249368,
            "revenue": 12895342,
            "common_shares": 128547788,
            "book_valuer_per_share": 15.53,
            "book_valuer_per_share_4q_avg": 14.93,
            "equity": 199672861,
            "current_ratio": null,
            "debt_ratio": 93.95,
            "inventory_turnover_ratio": null,
            "account_receivable_turnover_ratio": null,
            "reinvestment_rate": -0.39,
            "research_to_sale_ratio": null,
            "price_fair": 41.21,
            "eps_avg_yearly": 1.27,
            "eps_latest_yearly": 1.64,
            "eps_growth_yearly": 22.56
        },
        "20213": {
            "year_quarter": 20213,
            "year": 2021,
            "quarter": 3,
            "eps": 0.37,
            "eps_growth_year": 37.04,
            "eps_4q": 1.36,
            "eps_4q_growth_year": 120.72,
            "roe": 2.47,
            "roe_4q": 9.24,
            "gross_profit": null,
            "gross_margin": null,
            "gross_margin_4q_avg": 0,
            "net_income": 4898727,
            "revenue": 14000096,
            "common_shares": 131941450,
            "book_valuer_per_share": 14.99,
            "book_valuer_per_share_4q_avg": 15.08,
            "equity": 197773823,
            "current_ratio": null,
            "debt_ratio": 94.18,
            "inventory_turnover_ratio": null,
            "account_receivable_turnover_ratio": null,
            "reinvestment_rate": -0.87,
            "research_to_sale_ratio": null,
            "price_fair": 36.83,
            "eps_avg_yearly": 1.27,
            "eps_latest_yearly": 1.48,
            "eps_growth_yearly": 18.9
        },
        "20214": {
            "year_quarter": 20214,
            "year": 2021,
            "quarter": 4,
            "eps": 0.23,
            "eps_growth_year": -20.95,
            "eps_4q": 1.3,
            "eps_4q_growth_year": 93.72,
            "roe": 1.52,
            "roe_4q": 8.77,
            "gross_profit": null,
            "gross_margin": null,
            "gross_margin_4q_avg": 0,
            "net_income": 3022194,
            "revenue": 11764228,
            "common_shares": 131941450,
            "book_valuer_per_share": 15.21,
            "book_valuer_per_share_4q_avg": 15.2,
            "equity": 200706807,
            "current_ratio": null,
            "debt_ratio": 94.2,
            "inventory_turnover_ratio": null,
            "account_receivable_turnover_ratio": null,
            "reinvestment_rate": 0.31,
            "research_to_sale_ratio": null,
            "price_fair": 38.3,
            "eps_avg_yearly": 1.28,
            "eps_latest_yearly": 0.92,
            "eps_growth_yearly": 19.86
        },
        "20221": {
            "year_quarter": 20221,
            "year": 2022,
            "quarter": 1,
            "eps": 0.28,
            "eps_growth_year": -9.68,
            "eps_4q": 1.28,
            "eps_4q_growth_year": 16.22,
            "roe": 1.85,
            "roe_4q": 8.51,
            "gross_profit": null,
            "gross_margin": null,
            "gross_margin_4q_avg": 0,
            "net_income": 3694287,
            "revenue": 12474263,
            "common_shares": 131941450,
            "book_valuer_per_share": 15.02,
            "book_valuer_per_share_4q_avg": 15.19,
            "equity": 198120154,
            "current_ratio": null,
            "debt_ratio": 94.42,
            "inventory_turnover_ratio": null,
            "account_receivable_turnover_ratio": null,
            "reinvestment_rate": 0.16,
            "research_to_sale_ratio": null,
            "price_fair": 27.82,
            "eps_avg_yearly": 1.28,
            "eps_latest_yearly": 1.12,
            "eps_growth_yearly": 11.78
        },
        "20222": {
            "year_quarter": 20222,
            "year": 2022,
            "quarter": 2,
            "eps": 0.31,
            "eps_growth_year": -24.39,
            "eps_4q": 1.17,
            "eps_4q_growth_year": -8.99,
            "roe": 2.28,
            "roe_4q": 8.120000000000001,
            "gross_profit": null,
            "gross_margin": null,
            "gross_margin_4q_avg": 0,
            "net_income": 4289731,
            "revenue": 13340346,
            "common_shares": 131941450,
            "book_valuer_per_share": 13.51,
            "book_valuer_per_share_4q_avg": 14.68,
            "equity": 178308274,
            "current_ratio": null,
            "debt_ratio": 95.09,
            "inventory_turnover_ratio": null,
            "account_receivable_turnover_ratio": null,
            "reinvestment_rate": 1.36,
            "research_to_sale_ratio": null,
            "price_fair": 24.16,
            "eps_avg_yearly": 1.26,
            "eps_latest_yearly": 1.24,
            "eps_growth_yearly": 9.13
        },
        "20223": {
            "year_quarter": 20223,
            "year": 2022,
            "quarter": 3,
            "eps": 0.43,
            "eps_growth_year": 16.22,
            "eps_4q": 1.24,
            "eps_4q_growth_year": -8.65,
            "roe": 3.32,
            "roe_4q": 8.969999999999999,
            "gross_profit": null,
            "gross_margin": null,
            "gross_margin_4q_avg": 0,
            "net_income": 5909776,
            "revenue": 16028000,
            "common_shares": 136427459,
            "book_valuer_per_share": 13.03,
            "book_valuer_per_share_4q_avg": 14.19,
            "equity": 177824754,
            "current_ratio": null,
            "debt_ratio": 95.09,
            "inventory_turnover_ratio": null,
            "account_receivable_turnover_ratio": null,
            "reinvestment_rate": 0.95,
            "research_to_sale_ratio": null,
            "price_fair": 36.53,
            "eps_avg_yearly": 1.28,
            "eps_latest_yearly": 1.72,
            "eps_growth_yearly": 18.6
        },
        "20224": {
            "year_quarter": 20224,
            "year": 2022,
            "quarter": 4,
            "eps": 0.25,
            "eps_growth_year": 9.27,
            "eps_4q": 1.27,
            "eps_4q_growth_year": -2.71,
            "roe": 1.88,
            "roe_4q": 9.329999999999998,
            "gross_profit": null,
            "gross_margin": null,
            "gross_margin_4q_avg": 0,
            "net_income": 3414677,
            "revenue": 11824143,
            "common_shares": 136427459,
            "book_valuer_per_share": 13.55,
            "book_valuer_per_share_4q_avg": 13.78,
            "equity": 184827106,
            "current_ratio": null,
            "debt_ratio": 94.91,
            "inventory_turnover_ratio": null,
            "account_receivable_turnover_ratio": null,
            "reinvestment_rate": 1.08,
            "research_to_sale_ratio": null,
            "price_fair": 33.74,
            "eps_avg_yearly": 1.28,
            "eps_latest_yearly": 1,
            "eps_growth_yearly": 16.42
        },
        "20231": {
            "year_quarter": 20231,
            "year": 2023,
            "quarter": 1,
            "eps": 0.37,
            "eps_growth_year": 32.14,
            "eps_4q": 1.36,
            "eps_4q_growth_year": 6.75,
            "roe": 2.65,
            "roe_4q": 10.129999999999999,
            "gross_profit": null,
            "gross_margin": null,
            "gross_margin_4q_avg": 0,
            "net_income": 5000071,
            "revenue": 14269978,
            "common_shares": 136427459,
            "book_valuer_per_share": 14.15,
            "book_valuer_per_share_4q_avg": 13.56,
            "equity": 192992865,
            "current_ratio": null,
            "debt_ratio": 94.75,
            "inventory_turnover_ratio": null,
            "account_receivable_turnover_ratio": null,
            "reinvestment_rate": 1.19,
            "research_to_sale_ratio": null,
            "price_fair": 35.28,
            "eps_avg_yearly": 1.28,
            "eps_latest_yearly": 1.48,
            "eps_growth_yearly": 17.56
        }
    },
    "months": {
        "2001-12": {
            "month": "2001-12",
            "price": "20.26",
            "revenue": 2641703
        },
        "2002-01": {
            "month": "2002-01",
            "price": "19.92",
            "revenue": 479398
        },
        "2002-02": {
            "month": "2002-02",
            "price": "18.66",
            "revenue": 370692
        },
        "2002-03": {
            "month": "2002-03",
            "price": "18.36",
            "revenue": 528681
        },
        "2002-04": {
            "month": "2002-04",
            "price": "22.29",
            "revenue": 448473
        },
        "2002-05": {
            "month": "2002-05",
            "price": "23.94",
            "revenue": -32711134
        },
        "2002-06": {
            "month": "2002-06",
            "price": "26.34",
            "revenue": 643112
        },
        "2002-07": {
            "month": "2002-07",
            "price": "23.43",
            "revenue": 691115
        },
        "2002-08": {
            "month": "2002-08",
            "price": "21.86",
            "revenue": 726382
        },
        "2002-09": {
            "month": "2002-09",
            "price": "17.30",
            "revenue": -134442
        },
        "2002-10": {
            "month": "2002-10",
            "price": "17.46",
            "revenue": 752103
        },
        "2002-11": {
            "month": "2002-11",
            "price": "21.94",
            "revenue": 679585
        },
        "2002-12": {
            "month": "2002-12",
            "price": "23.94",
            "revenue": 930527
        },
        "2003-01": {
            "month": "2003-01",
            "price": "26.97",
            "revenue": 914949
        },
        "2003-02": {
            "month": "2003-02",
            "price": "22.82",
            "revenue": 714897
        },
        "2003-03": {
            "month": "2003-03",
            "price": "21.15",
            "revenue": 620843
        },
        "2003-04": {
            "month": "2003-04",
            "price": "21.47",
            "revenue": 772912
        },
        "2003-05": {
            "month": "2003-05",
            "price": "20.59",
            "revenue": 853033
        },
        "2003-06": {
            "month": "2003-06",
            "price": "22.36",
            "revenue": 877169
        },
        "2003-07": {
            "month": "2003-07",
            "price": "22.82",
            "revenue": 897130
        },
        "2003-08": {
            "month": "2003-08",
            "price": "22.40",
            "revenue": 982234
        },
        "2003-09": {
            "month": "2003-09",
            "price": "23.55",
            "revenue": 819819
        },
        "2003-10": {
            "month": "2003-10",
            "price": "25.35",
            "revenue": 874286
        },
        "2003-11": {
            "month": "2003-11",
            "price": "24.72",
            "revenue": 907110
        },
        "2003-12": {
            "month": "2003-12",
            "price": "24.52",
            "revenue": 1013097
        },
        "2004-01": {
            "month": "2004-01",
            "price": "27.36",
            "revenue": 965420
        },
        "2004-02": {
            "month": "2004-02",
            "price": "29.88",
            "revenue": 987708
        },
        "2004-03": {
            "month": "2004-03",
            "price": "30.50",
            "revenue": 987995
        },
        "2004-04": {
            "month": "2004-04",
            "price": "29.90",
            "revenue": 738867
        },
        "2004-05": {
            "month": "2004-05",
            "price": "27.91",
            "revenue": 808812
        },
        "2004-06": {
            "month": "2004-06",
            "price": "27.42",
            "revenue": 820059
        },
        "2004-07": {
            "month": "2004-07",
            "price": "26.61",
            "revenue": 613323
        },
        "2004-08": {
            "month": "2004-08",
            "price": "23.96",
            "revenue": 856350
        },
        "2004-09": {
            "month": "2004-09",
            "price": "25.05",
            "revenue": 1012048
        },
        "2004-10": {
            "month": "2004-10",
            "price": "26.49",
            "revenue": 1010423
        },
        "2004-11": {
            "month": "2004-11",
            "price": "27.15",
            "revenue": 1035463
        },
        "2004-12": {
            "month": "2004-12",
            "price": "26.83",
            "revenue": 976347
        },
        "2005-01": {
            "month": "2005-01",
            "price": "26.58",
            "revenue": 890955
        },
        "2005-02": {
            "month": "2005-02",
            "price": "26.73",
            "revenue": 861054
        },
        "2005-03": {
            "month": "2005-03",
            "price": "25.75",
            "revenue": 798898
        },
        "2005-04": {
            "month": "2005-04",
            "price": "23.98",
            "revenue": 523482
        },
        "2005-05": {
            "month": "2005-05",
            "price": "24.19",
            "revenue": 780887
        },
        "2005-06": {
            "month": "2005-06",
            "price": "24.60",
            "revenue": 338683
        },
        "2005-07": {
            "month": "2005-07",
            "price": "24.53",
            "revenue": 835928
        },
        "2005-08": {
            "month": "2005-08",
            "price": "23.34",
            "revenue": 804929
        },
        "2005-09": {
            "month": "2005-09",
            "price": "21.84",
            "revenue": 713992
        },
        "2005-10": {
            "month": "2005-10",
            "price": "20.84",
            "revenue": 790406
        },
        "2005-11": {
            "month": "2005-11",
            "price": "20.89",
            "revenue": 1046669
        },
        "2005-12": {
            "month": "2005-12",
            "price": "21.28",
            "revenue": 999701
        },
        "2006-01": {
            "month": "2006-01",
            "price": "22.08",
            "revenue": 1575583
        },
        "2006-02": {
            "month": "2006-02",
            "price": "22.68",
            "revenue": 803705
        },
        "2006-03": {
            "month": "2006-03",
            "price": "22.27",
            "revenue": 751727
        },
        "2006-04": {
            "month": "2006-04",
            "price": "23.79",
            "revenue": 644531
        },
        "2006-05": {
            "month": "2006-05",
            "price": "23.75",
            "revenue": -590026
        },
        "2006-06": {
            "month": "2006-06",
            "price": "22.48",
            "revenue": 737786
        },
        "2006-07": {
            "month": "2006-07",
            "price": "22.56",
            "revenue": 697731
        },
        "2006-08": {
            "month": "2006-08",
            "price": "21.14",
            "revenue": 646493
        },
        "2006-09": {
            "month": "2006-09",
            "price": "21.07",
            "revenue": 755362
        },
        "2006-10": {
            "month": "2006-10",
            "price": "21.80",
            "revenue": 734258
        },
        "2006-11": {
            "month": "2006-11",
            "price": "22.12",
            "revenue": 798586
        },
        "2006-12": {
            "month": "2006-12",
            "price": "23.34",
            "revenue": 620367
        },
        "2007-01": {
            "month": "2007-01",
            "price": "24.42",
            "revenue": 804852
        },
        "2007-02": {
            "month": "2007-02",
            "price": "25.02",
            "revenue": 748609
        },
        "2007-03": {
            "month": "2007-03",
            "price": "23.97",
            "revenue": 711500
        },
        "2007-04": {
            "month": "2007-04",
            "price": "24.22",
            "revenue": 741484
        },
        "2007-05": {
            "month": "2007-05",
            "price": "23.01",
            "revenue": 883524
        },
        "2007-06": {
            "month": "2007-06",
            "price": "22.64",
            "revenue": 1050586
        },
        "2007-07": {
            "month": "2007-07",
            "price": "23.90",
            "revenue": 1473700
        },
        "2007-08": {
            "month": "2007-08",
            "price": "21.15",
            "revenue": 545766
        },
        "2007-09": {
            "month": "2007-09",
            "price": "21.86",
            "revenue": 995785
        },
        "2007-10": {
            "month": "2007-10",
            "price": "23.53",
            "revenue": 942819
        },
        "2007-11": {
            "month": "2007-11",
            "price": "22.12",
            "revenue": 342518
        },
        "2007-12": {
            "month": "2007-12",
            "price": "21.46",
            "revenue": 458067
        },
        "2008-01": {
            "month": "2008-01",
            "price": "22.51",
            "revenue": 824273
        },
        "2008-02": {
            "month": "2008-02",
            "price": "24.30",
            "revenue": 1149272
        },
        "2008-03": {
            "month": "2008-03",
            "price": "26.63",
            "revenue": 1266709
        },
        "2008-04": {
            "month": "2008-04",
            "price": "30.20",
            "revenue": 1324697
        },
        "2008-05": {
            "month": "2008-05",
            "price": "30.45",
            "revenue": 909971
        },
        "2008-06": {
            "month": "2008-06",
            "price": "29.37",
            "revenue": 331149
        },
        "2008-07": {
            "month": "2008-07",
            "price": "24.89",
            "revenue": 434925
        },
        "2008-08": {
            "month": "2008-08",
            "price": "23.67",
            "revenue": 958596
        },
        "2008-09": {
            "month": "2008-09",
            "price": "21.95",
            "revenue": -265920
        },
        "2008-10": {
            "month": "2008-10",
            "price": "16.89",
            "revenue": 1985526
        },
        "2008-11": {
            "month": "2008-11",
            "price": "16.05",
            "revenue": 64667
        },
        "2008-12": {
            "month": "2008-12",
            "price": "17.20",
            "revenue": 279571
        },
        "2009-01": {
            "month": "2009-01",
            "price": "17.08",
            "revenue": 733470
        },
        "2009-02": {
            "month": "2009-02",
            "price": "15.98",
            "revenue": 571482
        },
        "2009-03": {
            "month": "2009-03",
            "price": "17.13",
            "revenue": 570856
        },
        "2009-04": {
            "month": "2009-04",
            "price": "18.55",
            "revenue": 493709
        },
        "2009-05": {
            "month": "2009-05",
            "price": "20.24",
            "revenue": 533338
        },
        "2009-06": {
            "month": "2009-06",
            "price": "20.34",
            "revenue": -480386
        },
        "2009-07": {
            "month": "2009-07",
            "price": "20.39",
            "revenue": 189793
        },
        "2009-08": {
            "month": "2009-08",
            "price": "18.96",
            "revenue": 404854
        },
        "2009-09": {
            "month": "2009-09",
            "price": "19.48",
            "revenue": 194187
        },
        "2009-10": {
            "month": "2009-10",
            "price": "20.48",
            "revenue": 505335
        },
        "2009-11": {
            "month": "2009-11",
            "price": "19.86",
            "revenue": 542828
        },
        "2009-12": {
            "month": "2009-12",
            "price": "19.63",
            "revenue": 633191
        },
        "2010-01": {
            "month": "2010-01",
            "price": "19.66",
            "revenue": 495401
        },
        "2010-02": {
            "month": "2010-02",
            "price": "18.76",
            "revenue": 212394
        },
        "2010-03": {
            "month": "2010-03",
            "price": "19.65",
            "revenue": 663589
        },
        "2010-04": {
            "month": "2010-04",
            "price": "19.28",
            "revenue": 572914
        },
        "2010-05": {
            "month": "2010-05",
            "price": "17.70",
            "revenue": 598624
        },
        "2010-06": {
            "month": "2010-06",
            "price": "18.34",
            "revenue": 691728
        },
        "2010-07": {
            "month": "2010-07",
            "price": "19.68",
            "revenue": 865695
        },
        "2010-08": {
            "month": "2010-08",
            "price": "19.60",
            "revenue": 695020
        },
        "2010-09": {
            "month": "2010-09",
            "price": "19.70",
            "revenue": 680509
        },
        "2010-10": {
            "month": "2010-10",
            "price": "20.11",
            "revenue": 895756
        },
        "2010-11": {
            "month": "2010-11",
            "price": "20.02",
            "revenue": 600201
        },
        "2010-12": {
            "month": "2010-12",
            "price": "22.70",
            "revenue": -451825
        },
        "2011-01": {
            "month": "2011-01",
            "price": "23.31",
            "revenue": 778552
        },
        "2011-02": {
            "month": "2011-02",
            "price": "21.66",
            "revenue": 638712
        },
        "2011-03": {
            "month": "2011-03",
            "price": "21.19",
            "revenue": 704519
        },
        "2011-04": {
            "month": "2011-04",
            "price": "22.47",
            "revenue": 715199
        },
        "2011-05": {
            "month": "2011-05",
            "price": "22.56",
            "revenue": 831732
        },
        "2011-06": {
            "month": "2011-06",
            "price": "21.89",
            "revenue": 888279
        },
        "2011-07": {
            "month": "2011-07",
            "price": "22.49",
            "revenue": 1073544
        },
        "2011-08": {
            "month": "2011-08",
            "price": "20.82",
            "revenue": 388250
        },
        "2011-09": {
            "month": "2011-09",
            "price": "18.45",
            "revenue": 772365
        },
        "2011-10": {
            "month": "2011-10",
            "price": "18.80",
            "revenue": 939611
        },
        "2011-11": {
            "month": "2011-11",
            "price": "17.71",
            "revenue": 500474
        },
        "2011-12": {
            "month": "2011-12",
            "price": "16.82",
            "revenue": 687861
        },
        "2012-01": {
            "month": "2012-01",
            "price": "16.26",
            "revenue": 935049
        },
        "2012-02": {
            "month": "2012-02",
            "price": "17.27",
            "revenue": 953239
        },
        "2012-03": {
            "month": "2012-03",
            "price": "17.24",
            "revenue": 915538
        },
        "2012-04": {
            "month": "2012-04",
            "price": "16.34",
            "revenue": 778875
        },
        "2012-05": {
            "month": "2012-05",
            "price": "16.15",
            "revenue": 828510
        },
        "2012-06": {
            "month": "2012-06",
            "price": "16.12",
            "revenue": 909444
        },
        "2012-07": {
            "month": "2012-07",
            "price": "16.59",
            "revenue": 839866
        },
        "2012-08": {
            "month": "2012-08",
            "price": "16.54",
            "revenue": 840800
        },
        "2012-09": {
            "month": "2012-09",
            "price": "16.28",
            "revenue": 767496
        },
        "2012-10": {
            "month": "2012-10",
            "price": "16.02",
            "revenue": 753386
        },
        "2012-11": {
            "month": "2012-11",
            "price": "15.58",
            "revenue": 347736
        },
        "2012-12": {
            "month": "2012-12",
            "price": "16.55",
            "revenue": 490761
        },
        "2013-01": {
            "month": "2013-01",
            "price": "16.83",
            "revenue": 3161708
        },
        "2013-02": {
            "month": "2013-02",
            "price": "17.32",
            "revenue": 2596139
        },
        "2013-03": {
            "month": "2013-03",
            "price": "17.21",
            "revenue": 3120470
        },
        "2013-04": {
            "month": "2013-04",
            "price": "16.96",
            "revenue": 2815738
        },
        "2013-05": {
            "month": "2013-05",
            "price": "17.31",
            "revenue": 2904515
        },
        "2013-06": {
            "month": "2013-06",
            "price": "16.74",
            "revenue": 3221767
        },
        "2013-07": {
            "month": "2013-07",
            "price": "17.14",
            "revenue": 3078999
        },
        "2013-08": {
            "month": "2013-08",
            "price": "16.69",
            "revenue": 2934305
        },
        "2013-09": {
            "month": "2013-09",
            "price": "16.90",
            "revenue": 2748971
        },
        "2013-10": {
            "month": "2013-10",
            "price": "17.35",
            "revenue": 3064710
        },
        "2013-11": {
            "month": "2013-11",
            "price": "17.00",
            "revenue": 2846830
        },
        "2013-12": {
            "month": "2013-12",
            "price": "17.24",
            "revenue": 3176223
        },
        "2014-01": {
            "month": "2014-01",
            "price": "17.35",
            "revenue": 3325873
        },
        "2014-02": {
            "month": "2014-02",
            "price": "17.13",
            "revenue": 2979357
        },
        "2014-03": {
            "month": "2014-03",
            "price": "17.18",
            "revenue": 3310730
        },
        "2014-04": {
            "month": "2014-04",
            "price": "17.22",
            "revenue": 3001898
        },
        "2014-05": {
            "month": "2014-05",
            "price": "17.45",
            "revenue": 3124631
        },
        "2014-06": {
            "month": "2014-06",
            "price": "18.39",
            "revenue": 3369689
        },
        "2014-07": {
            "month": "2014-07",
            "price": "18.88",
            "revenue": 3557301
        },
        "2014-08": {
            "month": "2014-08",
            "price": "18.70",
            "revenue": 3395609
        },
        "2014-09": {
            "month": "2014-09",
            "price": "18.43",
            "revenue": 3132663
        },
        "2014-10": {
            "month": "2014-10",
            "price": "17.54",
            "revenue": 3051133
        },
        "2014-11": {
            "month": "2014-11",
            "price": "17.76",
            "revenue": 3010531
        },
        "2014-12": {
            "month": "2014-12",
            "price": "17.44",
            "revenue": 3530958
        },
        "2015-01": {
            "month": "2015-01",
            "price": "17.46",
            "revenue": 3489608
        },
        "2015-02": {
            "month": "2015-02",
            "price": "17.78",
            "revenue": 2950805
        },
        "2015-03": {
            "month": "2015-03",
            "price": "17.74",
            "revenue": 3568945
        },
        "2015-04": {
            "month": "2015-04",
            "price": "18.41",
            "revenue": 3261001
        },
        "2015-05": {
            "month": "2015-05",
            "price": "18.62",
            "revenue": 3294597
        },
        "2015-06": {
            "month": "2015-06",
            "price": "17.85",
            "revenue": 3517321
        },
        "2015-07": {
            "month": "2015-07",
            "price": "17.90",
            "revenue": 3386062
        },
        "2015-08": {
            "month": "2015-08",
            "price": "16.27",
            "revenue": 3258994
        },
        "2015-09": {
            "month": "2015-09",
            "price": "15.51",
            "revenue": 3038157
        },
        "2015-10": {
            "month": "2015-10",
            "price": "15.84",
            "revenue": 3650531
        },
        "2015-11": {
            "month": "2015-11",
            "price": "15.67",
            "revenue": 3029995
        },
        "2015-12": {
            "month": "2015-12",
            "price": "15.27",
            "revenue": 3134181
        },
        "2016-01": {
            "month": "2016-01",
            "price": "14.45",
            "revenue": 3980892
        },
        "2016-02": {
            "month": "2016-02",
            "price": "15.15",
            "revenue": 3061498
        },
        "2016-03": {
            "month": "2016-03",
            "price": "15.82",
            "revenue": 3219694
        },
        "2016-04": {
            "month": "2016-04",
            "price": "15.70",
            "revenue": 3297721
        },
        "2016-05": {
            "month": "2016-05",
            "price": "15.78",
            "revenue": 3636943
        },
        "2016-06": {
            "month": "2016-06",
            "price": "16.61",
            "revenue": 3599429
        },
        "2016-07": {
            "month": "2016-07",
            "price": "17.17",
            "revenue": 3470159
        },
        "2016-08": {
            "month": "2016-08",
            "price": "16.97",
            "revenue": 3673402
        },
        "2016-09": {
            "month": "2016-09",
            "price": "16.22",
            "revenue": 3826826
        },
        "2016-10": {
            "month": "2016-10",
            "price": "16.12",
            "revenue": 3437049
        },
        "2016-11": {
            "month": "2016-11",
            "price": "15.85",
            "revenue": 3108153
        },
        "2016-12": {
            "month": "2016-12",
            "price": "16.25",
            "revenue": 3912711
        },
        "2017-01": {
            "month": "2017-01",
            "price": "16.41",
            "revenue": 3409032
        },
        "2017-02": {
            "month": "2017-02",
            "price": "16.78",
            "revenue": 2812513
        },
        "2017-03": {
            "month": "2017-03",
            "price": "16.92",
            "revenue": 3254474
        },
        "2017-04": {
            "month": "2017-04",
            "price": "16.82",
            "revenue": 3369363
        },
        "2017-05": {
            "month": "2017-05",
            "price": "17.18",
            "revenue": 3560626
        },
        "2017-06": {
            "month": "2017-06",
            "price": "17.21",
            "revenue": 4034887
        },
        "2017-07": {
            "month": "2017-07",
            "price": "17.70",
            "revenue": 3771064
        },
        "2017-08": {
            "month": "2017-08",
            "price": "17.35",
            "revenue": 3974107
        },
        "2017-09": {
            "month": "2017-09",
            "price": "16.56",
            "revenue": 3884633
        },
        "2017-10": {
            "month": "2017-10",
            "price": "16.63",
            "revenue": 3289445
        },
        "2017-11": {
            "month": "2017-11",
            "price": "16.54",
            "revenue": 3430741
        },
        "2017-12": {
            "month": "2017-12",
            "price": "16.65",
            "revenue": 3409640
        },
        "2018-01": {
            "month": "2018-01",
            "price": "17.29",
            "revenue": 4039520
        },
        "2018-02": {
            "month": "2018-02",
            "price": "16.99",
            "revenue": 3058698
        },
        "2018-03": {
            "month": "2018-03",
            "price": "17.39",
            "revenue": 3820355
        },
        "2018-04": {
            "month": "2018-04",
            "price": "17.76",
            "revenue": 3568251
        },
        "2018-05": {
            "month": "2018-05",
            "price": "17.84",
            "revenue": 4029890
        },
        "2018-06": {
            "month": "2018-06",
            "price": "17.79",
            "revenue": 4445709
        },
        "2018-07": {
            "month": "2018-07",
            "price": "17.80",
            "revenue": 4656802
        },
        "2018-08": {
            "month": "2018-08",
            "price": "18.13",
            "revenue": 4080259
        },
        "2018-09": {
            "month": "2018-09",
            "price": "18.10",
            "revenue": 3508374
        },
        "2018-10": {
            "month": "2018-10",
            "price": "17.68",
            "revenue": 3650706
        },
        "2018-11": {
            "month": "2018-11",
            "price": "17.65",
            "revenue": 3523521
        },
        "2018-12": {
            "month": "2018-12",
            "price": "17.56",
            "revenue": 3545643
        },
        "2019-01": {
            "month": "2019-01",
            "price": "18.04",
            "revenue": 4461159
        },
        "2019-02": {
            "month": "2019-02",
            "price": "18.54",
            "revenue": 3455301
        },
        "2019-03": {
            "month": "2019-03",
            "price": "19.04",
            "revenue": 4239989
        },
        "2019-04": {
            "month": "2019-04",
            "price": "19.40",
            "revenue": 3847213
        },
        "2019-05": {
            "month": "2019-05",
            "price": "20.23",
            "revenue": 4043223
        },
        "2019-06": {
            "month": "2019-06",
            "price": "20.87",
            "revenue": 3798340
        },
        "2019-07": {
            "month": "2019-07",
            "price": "21.25",
            "revenue": 4408222
        },
        "2019-08": {
            "month": "2019-08",
            "price": "20.47",
            "revenue": 4316903
        },
        "2019-09": {
            "month": "2019-09",
            "price": "20.79",
            "revenue": 3509706
        },
        "2019-10": {
            "month": "2019-10",
            "price": "21.33",
            "revenue": 3548943
        },
        "2019-11": {
            "month": "2019-11",
            "price": "21.96",
            "revenue": 3463520
        },
        "2019-12": {
            "month": "2019-12",
            "price": "21.88",
            "revenue": 3584653
        },
        "2020-01": {
            "month": "2020-01",
            "price": "22.03",
            "revenue": 4079909
        },
        "2020-02": {
            "month": "2020-02",
            "price": "21.78",
            "revenue": 3483265
        },
        "2020-03": {
            "month": "2020-03",
            "price": "19.18",
            "revenue": -1696861
        },
        "2020-04": {
            "month": "2020-04",
            "price": "18.43",
            "revenue": 3955035
        },
        "2020-05": {
            "month": "2020-05",
            "price": "19.20",
            "revenue": 3475373
        },
        "2020-06": {
            "month": "2020-06",
            "price": "20.02",
            "revenue": 3645922
        },
        "2020-07": {
            "month": "2020-07",
            "price": "20.13",
            "revenue": 4016265
        },
        "2020-08": {
            "month": "2020-08",
            "price": "19.20",
            "revenue": 4152754
        },
        "2020-09": {
            "month": "2020-09",
            "price": "17.91",
            "revenue": 3505897
        },
        "2020-10": {
            "month": "2020-10",
            "price": "17.52",
            "revenue": 3664037
        },
        "2020-11": {
            "month": "2020-11",
            "price": "18.16",
            "revenue": 3701652
        },
        "2020-12": {
            "month": "2020-12",
            "price": "17.90",
            "revenue": 3962238
        },
        "2021-01": {
            "month": "2021-01",
            "price": "17.83",
            "revenue": 4238962
        },
        "2021-02": {
            "month": "2021-02",
            "price": "17.77",
            "revenue": 3491955
        },
        "2021-03": {
            "month": "2021-03",
            "price": "18.30",
            "revenue": 4674201
        },
        "2021-04": {
            "month": "2021-04",
            "price": "19.10",
            "revenue": 4243157
        },
        "2021-05": {
            "month": "2021-05",
            "price": "18.25",
            "revenue": 3878645
        },
        "2021-06": {
            "month": "2021-06",
            "price": "18.30",
            "revenue": 4765172
        },
        "2021-07": {
            "month": "2021-07",
            "price": "18.98",
            "revenue": 4698231
        },
        "2021-08": {
            "month": "2021-08",
            "price": "19.82",
            "revenue": 5084774
        },
        "2021-09": {
            "month": "2021-09",
            "price": "20.70",
            "revenue": 4211812
        },
        "2021-10": {
            "month": "2021-10",
            "price": "20.26",
            "revenue": 3516572
        },
        "2021-11": {
            "month": "2021-11",
            "price": "20.64",
            "revenue": 4330681
        },
        "2021-12": {
            "month": "2021-12",
            "price": "20.90",
            "revenue": 3903348
        },
        "2022-01": {
            "month": "2022-01",
            "price": "21.94",
            "revenue": 4137675
        },
        "2022-02": {
            "month": "2022-02",
            "price": "22.77",
            "revenue": 3361380
        },
        "2022-03": {
            "month": "2022-03",
            "price": "23.01",
            "revenue": 4978172
        },
        "2022-04": {
            "month": "2022-04",
            "price": "24.15",
            "revenue": 4627010
        },
        "2022-05": {
            "month": "2022-05",
            "price": "22.80",
            "revenue": 4364861
        },
        "2022-06": {
            "month": "2022-06",
            "price": "23.06",
            "revenue": 4357080
        },
        "2022-07": {
            "month": "2022-07",
            "price": "22.17",
            "revenue": 6118042
        },
        "2022-08": {
            "month": "2022-08",
            "price": "23.32",
            "revenue": 5166107
        },
        "2022-09": {
            "month": "2022-09",
            "price": "22.88",
            "revenue": 4751869
        },
        "2022-10": {
            "month": "2022-10",
            "price": "21.21",
            "revenue": 3952126
        },
        "2022-11": {
            "month": "2022-11",
            "price": "21.87",
            "revenue": 4101134
        },
        "2022-12": {
            "month": "2022-12",
            "price": "22.57",
            "revenue": 3781485
        },
        "2023-01": {
            "month": "2023-01",
            "price": "22.99",
            "revenue": 4657529
        },
        "2023-02": {
            "month": "2023-02",
            "price": "22.79",
            "revenue": 4543528
        },
        "2023-03": {
            "month": "2023-03",
            "price": "22.30",
            "revenue": 5074857
        },
        "2023-04": {
            "month": "2023-04",
            "price": "22.66",
            "revenue": 4427252
        },
        "2023-05": {
            "month": "2023-05",
            "price": "22.22",
            "revenue": 4728140
        }
    }
}
