{
    "summary": {
        "stock_name": "富邦金",
        "stock_id": "2881",
        "category": "金融",
        "main_business": "金融控股公司業",
        "website_url": "http://www.fubon.com",
        "ceo": "韓蔚廷",
        "pe_ratio": 52,
        "report_year_from": 2001,
        "report_year_to": 2023,
        "age": 22,
        "eps_negative_percentage": 0,
        "eps_growth_avg": {
            "last_all": 13.22,
            "last_2y": 13.57,
            "last_4y": 9.72,
            "last_8y": 12.89,
            "last_12y": null,
            "last_16y": null,
            "last_20y": null,
            "at_2006_last_3y": null,
            "at_2007_last_3y": null,
            "at_2008_last_3y": null,
            "at_2009_last_3y": null,
            "at_2010_last_3y": null,
            "at_2011_last_3y": null,
            "at_2012_last_3y": null,
            "at_2013_last_3y": null,
            "at_2014_last_3y": 29.17,
            "at_2015_last_3y": 19.64,
            "at_2016_last_3y": 16.29,
            "at_2017_last_3y": 16.86,
            "at_2018_last_3y": -4.89,
            "at_2019_last_3y": -1.56,
            "at_2020_last_3y": 18.51,
            "at_2021_last_3y": 29.98,
            "at_2022_last_3y": 15.37,
            "at_2023_last_3y": 15.37,
            "at_2006_last_all": null,
            "at_2007_last_all": null,
            "at_2008_last_all": null,
            "at_2009_last_all": null,
            "at_2010_last_all": null,
            "at_2011_last_all": null,
            "at_2012_last_all": 17.57,
            "at_2013_last_all": 14.19,
            "at_2014_last_all": 29.17,
            "at_2015_last_all": 24.82,
            "at_2016_last_all": 16.71,
            "at_2017_last_all": 15.72,
            "at_2018_last_all": 12.14,
            "at_2019_last_all": 13.1,
            "at_2020_last_all": 17.43,
            "at_2021_last_all": 20.9,
            "at_2022_last_all": 13.22,
            "at_2023_last_all": 13.22
        },
        "latest_eps": 1.16,
        "latest_price": 60.5,
        "latest_roe": 1.83,
        "latest_gross_margin": null,
        "latest_equity": 722189743,
        "latest_revenue": 32038301,
        "latest_gross_profit": null,
        "latest_net_income": 13872790,
        "latest_debt_ratio": 93.21,
        "latest_current_ratio": null,
        "latest_account_receivable_turnover_ratio": null,
        "latest_inventory_turnover_ratio": null,
        "latest_reinvestment_rate": 10.36,
        "latest_research_to_sale_ratio": null
    },
    "eps_dividends": {
        "2001": {
            "cash": 0,
            "stock": 0,
            "eps": 0
        },
        "2002": {
            "cash": 1,
            "stock": 0,
            "eps": 0
        },
        "2003": {
            "cash": 1,
            "stock": 0,
            "eps": 0
        },
        "2004": {
            "cash": 2,
            "stock": 0,
            "eps": 0
        },
        "2005": {
            "cash": 2,
            "stock": 0,
            "eps": 0
        },
        "2006": {
            "cash": 1,
            "stock": 0,
            "eps": 0
        },
        "2007": {
            "cash": 1,
            "stock": 0,
            "eps": 0
        },
        "2008": {
            "cash": 2,
            "stock": 0,
            "eps": 0
        },
        "2009": {
            "cash": 0,
            "stock": 0,
            "eps": 0
        },
        "2010": {
            "cash": 2,
            "stock": 1,
            "eps": 2.37
        },
        "2011": {
            "cash": 2,
            "stock": 2,
            "eps": 3.45
        },
        "2012": {
            "cash": 0,
            "stock": 0,
            "eps": 3.09
        },
        "2013": {
            "cash": 1,
            "stock": 0,
            "eps": 3.32
        },
        "2014": {
            "cash": 2,
            "stock": 0,
            "eps": 5.78
        },
        "2015": {
            "cash": 3,
            "stock": 0,
            "eps": 6.21
        },
        "2016": {
            "cash": 2,
            "stock": 0,
            "eps": 4.73
        },
        "2017": {
            "cash": 2,
            "stock": 0,
            "eps": 5.19
        },
        "2018": {
            "cash": 2,
            "stock": 0,
            "eps": 4.52
        },
        "2019": {
            "cash": 2,
            "stock": 0,
            "eps": 5.46
        },
        "2020": {
            "cash": 2,
            "stock": 0,
            "eps": 8.54
        },
        "2021": {
            "cash": 3,
            "stock": 1,
            "eps": 13.29
        },
        "2022": {
            "cash": 4,
            "stock": 1,
            "eps": 3.81
        },
        "2023": {
            "cash": 2,
            "stock": 1,
            "eps": 1.13
        }
    },
    "dividends": {
        "2002-06-10": {
            "cash": 1,
            "stock": 0
        },
        "2003-04-14": {
            "cash": 1.2,
            "stock": 0
        },
        "2004-04-19": {
            "cash": 1.6,
            "stock": 0
        },
        "2005-04-22": {
            "cash": 1.7,
            "stock": 0
        },
        "2006-04-21": {
            "cash": 1.15,
            "stock": 0
        },
        "2007-04-25": {
            "cash": 1,
            "stock": 0
        },
        "2008-04-25": {
            "cash": 1.5,
            "stock": 0
        },
        "2010-04-28": {
            "cash": 2,
            "stock": 0.5
        },
        "2011-01-01": {
            "cash": 1,
            "stock": 0.5
        },
        "2011-04-29": {
            "cash": 1,
            "stock": 0.5
        },
        "2013-05-03": {
            "cash": 1,
            "stock": 0
        },
        "2014-06-06": {
            "cash": 1.5,
            "stock": 0
        },
        "2015-07-24": {
            "cash": 3,
            "stock": 0
        },
        "2016-07-21": {
            "cash": 2,
            "stock": 0
        },
        "2017-07-28": {
            "cash": 2,
            "stock": 0
        },
        "2018-07-23": {
            "cash": 2.3,
            "stock": 0
        },
        "2019-08-08": {
            "cash": 2,
            "stock": 0
        },
        "2020-07-28": {
            "cash": 2,
            "stock": 0
        },
        "2021-08-24": {
            "cash": 3,
            "stock": 1
        },
        "2022-08-25": {
            "cash": 3.5,
            "stock": 0.5
        },
        "2023-04-27": {
            "cash": 1.5,
            "stock": 0.5
        }
    },
    "prices": {
        "200101": "無",
        "200102": "無",
        "200103": "無",
        "200104": "無",
        "200105": "無",
        "200106": "無",
        "200107": "無",
        "200108": "無",
        "200109": "無",
        "200110": "無",
        "200111": "無",
        "200112": "31.17",
        "200201": "34.35",
        "200202": "34.36",
        "200203": "33.78",
        "200204": "35.05",
        "200205": "34.14",
        "200206": "33.50",
        "200207": "32.24",
        "200208": "31.63",
        "200209": "29.68",
        "200210": "29.47",
        "200211": "28.84",
        "200212": "27.77",
        "200301": "29.14",
        "200302": "27.98",
        "200303": "26.63",
        "200304": "26.37",
        "200305": "25.62",
        "200306": "27.82",
        "200307": "27.57",
        "200308": "27.32",
        "200309": "31.51",
        "200310": "34.99",
        "200311": "32.93",
        "200312": "32.36",
        "200401": "33.04",
        "200402": "33.39",
        "200403": "35.00",
        "200404": "34.08",
        "200405": "31.46",
        "200406": "31.12",
        "200407": "28.95",
        "200408": "28.56",
        "200409": "30.93",
        "200410": "31.72",
        "200411": "32.88",
        "200412": "32.42",
        "200501": "31.80",
        "200502": "32.05",
        "200503": "31.23",
        "200504": "29.00",
        "200505": "29.64",
        "200506": "31.10",
        "200507": "31.13",
        "200508": "30.96",
        "200509": "29.19",
        "200510": "29.14",
        "200511": "27.93",
        "200512": "27.76",
        "200601": "28.18",
        "200602": "28.94",
        "200603": "27.40",
        "200604": "29.16",
        "200605": "29.83",
        "200606": "27.75",
        "200607": "26.59",
        "200608": "25.32",
        "200609": "26.48",
        "200610": "27.65",
        "200611": "28.96",
        "200612": "30.10",
        "200701": "29.87",
        "200702": "30.91",
        "200703": "29.17",
        "200704": "30.18",
        "200705": "29.13",
        "200706": "29.27",
        "200707": "32.33",
        "200708": "27.96",
        "200709": "28.55",
        "200710": "30.38",
        "200711": "29.37",
        "200712": "27.86",
        "200801": "32.13",
        "200802": "34.42",
        "200803": "34.22",
        "200804": "34.95",
        "200805": "34.90",
        "200806": "33.02",
        "200807": "27.51",
        "200808": "27.43",
        "200809": "24.86",
        "200810": "19.26",
        "200811": "19.80",
        "200812": "21.77",
        "200901": "21.57",
        "200902": "20.20",
        "200903": "18.81",
        "200904": "24.91",
        "200905": "30.45",
        "200906": "30.35",
        "200907": "32.89",
        "200908": "31.70",
        "200909": "34.36",
        "200910": "38.56",
        "200911": "38.13",
        "200912": "37.76",
        "201001": "38.65",
        "201002": "34.88",
        "201003": "38.02",
        "201004": "38.27",
        "201005": "37.33",
        "201006": "36.56",
        "201007": "38.28",
        "201008": "38.33",
        "201009": "38.47",
        "201010": "37.94",
        "201011": "37.75",
        "201012": "38.07",
        "201101": "40.04",
        "201102": "38.38",
        "201103": "37.98",
        "201104": "40.10",
        "201105": "41.51",
        "201106": "42.30",
        "201107": "46.45",
        "201108": "43.26",
        "201109": "35.98",
        "201110": "32.98",
        "201111": "32.05",
        "201112": "31.06",
        "201201": "31.99",
        "201202": "34.48",
        "201203": "33.83",
        "201204": "31.58",
        "201205": "29.61",
        "201206": "29.02",
        "201207": "30.72",
        "201208": "30.63",
        "201209": "30.94",
        "201210": "31.58",
        "201211": "31.42",
        "201212": "33.73",
        "201301": "36.23",
        "201302": "39.49",
        "201303": "41.92",
        "201304": "41.18",
        "201305": "41.26",
        "201306": "39.50",
        "201307": "39.85",
        "201308": "40.93",
        "201309": "41.12",
        "201310": "42.45",
        "201311": "41.41",
        "201312": "42.27",
        "201401": "43.11",
        "201402": "42.35",
        "201403": "41.39",
        "201404": "41.01",
        "201405": "40.74",
        "201406": "43.00",
        "201407": "46.30",
        "201408": "47.20",
        "201409": "48.72",
        "201410": "48.50",
        "201411": "50.60",
        "201412": "49.74",
        "201501": "50.07",
        "201502": "52.72",
        "201503": "56.55",
        "201504": "59.11",
        "201505": "64.68",
        "201506": "63.01",
        "201507": "59.90",
        "201508": "54.10",
        "201509": "52.98",
        "201510": "52.85",
        "201511": "53.50",
        "201512": "47.90",
        "201601": "37.92",
        "201602": "38.28",
        "201603": "40.37",
        "201604": "39.73",
        "201605": "37.17",
        "201606": "38.76",
        "201607": "38.60",
        "201608": "41.59",
        "201609": "45.66",
        "201610": "45.44",
        "201611": "46.71",
        "201612": "51.33",
        "201701": "51.16",
        "201702": "50.51",
        "201703": "51.40",
        "201704": "47.55",
        "201705": "47.53",
        "201706": "46.82",
        "201707": "47.08",
        "201708": "47.57",
        "201709": "47.23",
        "201710": "47.48",
        "201711": "48.84",
        "201712": "50.56",
        "201801": "53.20",
        "201802": "51.62",
        "201803": "50.92",
        "201804": "50.50",
        "201805": "51.96",
        "201806": "52.85",
        "201807": "50.42",
        "201808": "50.38",
        "201809": "50.41",
        "201810": "49.89",
        "201811": "50.12",
        "201812": "47.50",
        "201901": "45.02",
        "201902": "44.84",
        "201903": "45.55",
        "201904": "45.49",
        "201905": "43.49",
        "201906": "44.38",
        "201907": "44.11",
        "201908": "42.67",
        "201909": "44.62",
        "201910": "44.93",
        "201911": "45.38",
        "201912": "46.13",
        "202001": "46.39",
        "202002": "45.52",
        "202003": "39.72",
        "202004": "39.52",
        "202005": "41.46",
        "202006": "43.69",
        "202007": "42.54",
        "202008": "42.12",
        "202009": "42.43",
        "202010": "41.33",
        "202011": "44.22",
        "202012": "45.68",
        "202101": "46.83",
        "202102": "48.64",
        "202103": "54.05",
        "202104": "60.24",
        "202105": "70.80",
        "202106": "72.74",
        "202107": "77.56",
        "202108": "78.67",
        "202109": "79.16",
        "202110": "74.72",
        "202111": "73.77",
        "202112": "75.03",
        "202201": "77.55",
        "202202": "76.92",
        "202203": "74.25",
        "202204": "75.26",
        "202205": "64.83",
        "202206": "62.16",
        "202207": "58.11",
        "202208": "58.34",
        "202209": "55.16",
        "202210": "49.95",
        "202211": "55.30",
        "202212": "57.37",
        "202301": "58.88",
        "202302": "59.76",
        "202303": "57.36",
        "202304": "57.79",
        "202305": "59.98"
    },
    "quarters": {
        "20011": {
            "year_quarter": 20011,
            "year": 2001,
            "quarter": 1,
            "eps": null,
            "eps_growth_year": null,
            "eps_4q": null,
            "eps_4q_growth_year": null,
            "roe": null,
            "roe_4q": 0,
            "gross_profit": null,
            "gross_margin": null,
            "gross_margin_4q_avg": 0,
            "net_income": null,
            "revenue": null,
            "common_shares": null,
            "book_valuer_per_share": null,
            "book_valuer_per_share_4q_avg": 0,
            "equity": null,
            "current_ratio": null,
            "debt_ratio": null,
            "inventory_turnover_ratio": null,
            "account_receivable_turnover_ratio": null,
            "reinvestment_rate": null,
            "research_to_sale_ratio": null,
            "price_fair": 0,
            "eps_avg_yearly": 0,
            "eps_latest_yearly": 0,
            "eps_growth_yearly": 0
        },
        "20012": {
            "year_quarter": 20012,
            "year": 2001,
            "quarter": 2,
            "eps": null,
            "eps_growth_year": null,
            "eps_4q": null,
            "eps_4q_growth_year": null,
            "roe": null,
            "roe_4q": 0,
            "gross_profit": null,
            "gross_margin": null,
            "gross_margin_4q_avg": 0,
            "net_income": null,
            "revenue": null,
            "common_shares": null,
            "book_valuer_per_share": null,
            "book_valuer_per_share_4q_avg": 0,
            "equity": null,
            "current_ratio": null,
            "debt_ratio": null,
            "inventory_turnover_ratio": null,
            "account_receivable_turnover_ratio": null,
            "reinvestment_rate": null,
            "research_to_sale_ratio": null,
            "price_fair": 0,
            "eps_avg_yearly": 0,
            "eps_latest_yearly": 0,
            "eps_growth_yearly": 0
        },
        "20013": {
            "year_quarter": 20013,
            "year": 2001,
            "quarter": 3,
            "eps": null,
            "eps_growth_year": null,
            "eps_4q": null,
            "eps_4q_growth_year": null,
            "roe": null,
            "roe_4q": 0,
            "gross_profit": null,
            "gross_margin": null,
            "gross_margin_4q_avg": 0,
            "net_income": null,
            "revenue": null,
            "common_shares": null,
            "book_valuer_per_share": null,
            "book_valuer_per_share_4q_avg": 0,
            "equity": null,
            "current_ratio": null,
            "debt_ratio": null,
            "inventory_turnover_ratio": null,
            "account_receivable_turnover_ratio": null,
            "reinvestment_rate": null,
            "research_to_sale_ratio": null,
            "price_fair": 0,
            "eps_avg_yearly": 0,
            "eps_latest_yearly": 0,
            "eps_growth_yearly": 0
        },
        "20014": {
            "year_quarter": 20014,
            "year": 2001,
            "quarter": 4,
            "eps": null,
            "eps_growth_year": null,
            "eps_4q": null,
            "eps_4q_growth_year": null,
            "roe": null,
            "roe_4q": 0,
            "gross_profit": null,
            "gross_margin": null,
            "gross_margin_4q_avg": 0,
            "net_income": null,
            "revenue": null,
            "common_shares": null,
            "book_valuer_per_share": null,
            "book_valuer_per_share_4q_avg": 0,
            "equity": null,
            "current_ratio": null,
            "debt_ratio": null,
            "inventory_turnover_ratio": null,
            "account_receivable_turnover_ratio": null,
            "reinvestment_rate": null,
            "research_to_sale_ratio": null,
            "price_fair": 0,
            "eps_avg_yearly": 0,
            "eps_latest_yearly": 0,
            "eps_growth_yearly": 0
        },
        "20021": {
            "year_quarter": 20021,
            "year": 2002,
            "quarter": 1,
            "eps": null,
            "eps_growth_year": null,
            "eps_4q": null,
            "eps_4q_growth_year": null,
            "roe": null,
            "roe_4q": 0,
            "gross_profit": null,
            "gross_margin": null,
            "gross_margin_4q_avg": 0,
            "net_income": null,
            "revenue": null,
            "common_shares": null,
            "book_valuer_per_share": null,
            "book_valuer_per_share_4q_avg": 0,
            "equity": null,
            "current_ratio": null,
            "debt_ratio": null,
            "inventory_turnover_ratio": null,
            "account_receivable_turnover_ratio": null,
            "reinvestment_rate": null,
            "research_to_sale_ratio": null,
            "price_fair": 0,
            "eps_avg_yearly": 0,
            "eps_latest_yearly": 0,
            "eps_growth_yearly": 0
        },
        "20022": {
            "year_quarter": 20022,
            "year": 2002,
            "quarter": 2,
            "eps": null,
            "eps_growth_year": null,
            "eps_4q": null,
            "eps_4q_growth_year": null,
            "roe": null,
            "roe_4q": 0,
            "gross_profit": null,
            "gross_margin": null,
            "gross_margin_4q_avg": 0,
            "net_income": null,
            "revenue": null,
            "common_shares": null,
            "book_valuer_per_share": null,
            "book_valuer_per_share_4q_avg": 0,
            "equity": null,
            "current_ratio": null,
            "debt_ratio": null,
            "inventory_turnover_ratio": null,
            "account_receivable_turnover_ratio": null,
            "reinvestment_rate": null,
            "research_to_sale_ratio": null,
            "price_fair": 0,
            "eps_avg_yearly": 0,
            "eps_latest_yearly": 0,
            "eps_growth_yearly": 0
        },
        "20023": {
            "year_quarter": 20023,
            "year": 2002,
            "quarter": 3,
            "eps": null,
            "eps_growth_year": null,
            "eps_4q": null,
            "eps_4q_growth_year": null,
            "roe": null,
            "roe_4q": 0,
            "gross_profit": null,
            "gross_margin": null,
            "gross_margin_4q_avg": 0,
            "net_income": null,
            "revenue": null,
            "common_shares": null,
            "book_valuer_per_share": null,
            "book_valuer_per_share_4q_avg": 0,
            "equity": null,
            "current_ratio": null,
            "debt_ratio": null,
            "inventory_turnover_ratio": null,
            "account_receivable_turnover_ratio": null,
            "reinvestment_rate": null,
            "research_to_sale_ratio": null,
            "price_fair": 0,
            "eps_avg_yearly": 0,
            "eps_latest_yearly": 0,
            "eps_growth_yearly": 0
        },
        "20024": {
            "year_quarter": 20024,
            "year": 2002,
            "quarter": 4,
            "eps": null,
            "eps_growth_year": null,
            "eps_4q": null,
            "eps_4q_growth_year": null,
            "roe": null,
            "roe_4q": 0,
            "gross_profit": null,
            "gross_margin": null,
            "gross_margin_4q_avg": 0,
            "net_income": null,
            "revenue": null,
            "common_shares": null,
            "book_valuer_per_share": null,
            "book_valuer_per_share_4q_avg": 0,
            "equity": null,
            "current_ratio": null,
            "debt_ratio": null,
            "inventory_turnover_ratio": null,
            "account_receivable_turnover_ratio": null,
            "reinvestment_rate": null,
            "research_to_sale_ratio": null,
            "price_fair": 0,
            "eps_avg_yearly": 0,
            "eps_latest_yearly": 0,
            "eps_growth_yearly": 0
        },
        "20031": {
            "year_quarter": 20031,
            "year": 2003,
            "quarter": 1,
            "eps": null,
            "eps_growth_year": null,
            "eps_4q": null,
            "eps_4q_growth_year": null,
            "roe": null,
            "roe_4q": 0,
            "gross_profit": null,
            "gross_margin": null,
            "gross_margin_4q_avg": 0,
            "net_income": null,
            "revenue": null,
            "common_shares": null,
            "book_valuer_per_share": null,
            "book_valuer_per_share_4q_avg": 0,
            "equity": null,
            "current_ratio": null,
            "debt_ratio": null,
            "inventory_turnover_ratio": null,
            "account_receivable_turnover_ratio": null,
            "reinvestment_rate": null,
            "research_to_sale_ratio": null,
            "price_fair": 0,
            "eps_avg_yearly": 0,
            "eps_latest_yearly": 0,
            "eps_growth_yearly": 0
        },
        "20032": {
            "year_quarter": 20032,
            "year": 2003,
            "quarter": 2,
            "eps": null,
            "eps_growth_year": null,
            "eps_4q": null,
            "eps_4q_growth_year": null,
            "roe": null,
            "roe_4q": 0,
            "gross_profit": null,
            "gross_margin": null,
            "gross_margin_4q_avg": 0,
            "net_income": null,
            "revenue": null,
            "common_shares": null,
            "book_valuer_per_share": null,
            "book_valuer_per_share_4q_avg": 0,
            "equity": null,
            "current_ratio": null,
            "debt_ratio": null,
            "inventory_turnover_ratio": null,
            "account_receivable_turnover_ratio": null,
            "reinvestment_rate": null,
            "research_to_sale_ratio": null,
            "price_fair": 0,
            "eps_avg_yearly": 0,
            "eps_latest_yearly": 0,
            "eps_growth_yearly": 0
        },
        "20033": {
            "year_quarter": 20033,
            "year": 2003,
            "quarter": 3,
            "eps": null,
            "eps_growth_year": null,
            "eps_4q": null,
            "eps_4q_growth_year": null,
            "roe": null,
            "roe_4q": 0,
            "gross_profit": null,
            "gross_margin": null,
            "gross_margin_4q_avg": 0,
            "net_income": null,
            "revenue": null,
            "common_shares": null,
            "book_valuer_per_share": null,
            "book_valuer_per_share_4q_avg": 0,
            "equity": null,
            "current_ratio": null,
            "debt_ratio": null,
            "inventory_turnover_ratio": null,
            "account_receivable_turnover_ratio": null,
            "reinvestment_rate": null,
            "research_to_sale_ratio": null,
            "price_fair": 0,
            "eps_avg_yearly": 0,
            "eps_latest_yearly": 0,
            "eps_growth_yearly": 0
        },
        "20034": {
            "year_quarter": 20034,
            "year": 2003,
            "quarter": 4,
            "eps": null,
            "eps_growth_year": null,
            "eps_4q": null,
            "eps_4q_growth_year": null,
            "roe": null,
            "roe_4q": 0,
            "gross_profit": null,
            "gross_margin": null,
            "gross_margin_4q_avg": 0,
            "net_income": null,
            "revenue": null,
            "common_shares": null,
            "book_valuer_per_share": null,
            "book_valuer_per_share_4q_avg": 0,
            "equity": null,
            "current_ratio": null,
            "debt_ratio": null,
            "inventory_turnover_ratio": null,
            "account_receivable_turnover_ratio": null,
            "reinvestment_rate": null,
            "research_to_sale_ratio": null,
            "price_fair": 0,
            "eps_avg_yearly": 0,
            "eps_latest_yearly": 0,
            "eps_growth_yearly": 0
        },
        "20041": {
            "year_quarter": 20041,
            "year": 2004,
            "quarter": 1,
            "eps": null,
            "eps_growth_year": null,
            "eps_4q": null,
            "eps_4q_growth_year": null,
            "roe": null,
            "roe_4q": 0,
            "gross_profit": null,
            "gross_margin": null,
            "gross_margin_4q_avg": 0,
            "net_income": null,
            "revenue": null,
            "common_shares": null,
            "book_valuer_per_share": null,
            "book_valuer_per_share_4q_avg": 0,
            "equity": null,
            "current_ratio": null,
            "debt_ratio": null,
            "inventory_turnover_ratio": null,
            "account_receivable_turnover_ratio": null,
            "reinvestment_rate": null,
            "research_to_sale_ratio": null,
            "price_fair": 0,
            "eps_avg_yearly": 0,
            "eps_latest_yearly": 0,
            "eps_growth_yearly": 0
        },
        "20042": {
            "year_quarter": 20042,
            "year": 2004,
            "quarter": 2,
            "eps": null,
            "eps_growth_year": null,
            "eps_4q": null,
            "eps_4q_growth_year": null,
            "roe": null,
            "roe_4q": 0,
            "gross_profit": null,
            "gross_margin": null,
            "gross_margin_4q_avg": 0,
            "net_income": null,
            "revenue": null,
            "common_shares": null,
            "book_valuer_per_share": null,
            "book_valuer_per_share_4q_avg": 0,
            "equity": null,
            "current_ratio": null,
            "debt_ratio": null,
            "inventory_turnover_ratio": null,
            "account_receivable_turnover_ratio": null,
            "reinvestment_rate": null,
            "research_to_sale_ratio": null,
            "price_fair": 0,
            "eps_avg_yearly": 0,
            "eps_latest_yearly": 0,
            "eps_growth_yearly": 0
        },
        "20043": {
            "year_quarter": 20043,
            "year": 2004,
            "quarter": 3,
            "eps": null,
            "eps_growth_year": null,
            "eps_4q": null,
            "eps_4q_growth_year": null,
            "roe": null,
            "roe_4q": 0,
            "gross_profit": null,
            "gross_margin": null,
            "gross_margin_4q_avg": 0,
            "net_income": null,
            "revenue": null,
            "common_shares": null,
            "book_valuer_per_share": null,
            "book_valuer_per_share_4q_avg": 0,
            "equity": null,
            "current_ratio": null,
            "debt_ratio": null,
            "inventory_turnover_ratio": null,
            "account_receivable_turnover_ratio": null,
            "reinvestment_rate": null,
            "research_to_sale_ratio": null,
            "price_fair": 0,
            "eps_avg_yearly": 0,
            "eps_latest_yearly": 0,
            "eps_growth_yearly": 0
        },
        "20044": {
            "year_quarter": 20044,
            "year": 2004,
            "quarter": 4,
            "eps": null,
            "eps_growth_year": null,
            "eps_4q": null,
            "eps_4q_growth_year": null,
            "roe": null,
            "roe_4q": 0,
            "gross_profit": null,
            "gross_margin": null,
            "gross_margin_4q_avg": 0,
            "net_income": null,
            "revenue": null,
            "common_shares": null,
            "book_valuer_per_share": null,
            "book_valuer_per_share_4q_avg": 0,
            "equity": null,
            "current_ratio": null,
            "debt_ratio": null,
            "inventory_turnover_ratio": null,
            "account_receivable_turnover_ratio": null,
            "reinvestment_rate": null,
            "research_to_sale_ratio": null,
            "price_fair": 0,
            "eps_avg_yearly": 0,
            "eps_latest_yearly": 0,
            "eps_growth_yearly": 0
        },
        "20051": {
            "year_quarter": 20051,
            "year": 2005,
            "quarter": 1,
            "eps": null,
            "eps_growth_year": null,
            "eps_4q": null,
            "eps_4q_growth_year": null,
            "roe": null,
            "roe_4q": 0,
            "gross_profit": null,
            "gross_margin": null,
            "gross_margin_4q_avg": 0,
            "net_income": null,
            "revenue": null,
            "common_shares": null,
            "book_valuer_per_share": null,
            "book_valuer_per_share_4q_avg": 0,
            "equity": null,
            "current_ratio": null,
            "debt_ratio": null,
            "inventory_turnover_ratio": null,
            "account_receivable_turnover_ratio": null,
            "reinvestment_rate": null,
            "research_to_sale_ratio": null,
            "price_fair": 0,
            "eps_avg_yearly": 0,
            "eps_latest_yearly": 0,
            "eps_growth_yearly": 0
        },
        "20052": {
            "year_quarter": 20052,
            "year": 2005,
            "quarter": 2,
            "eps": null,
            "eps_growth_year": null,
            "eps_4q": null,
            "eps_4q_growth_year": null,
            "roe": null,
            "roe_4q": 0,
            "gross_profit": null,
            "gross_margin": null,
            "gross_margin_4q_avg": 0,
            "net_income": null,
            "revenue": null,
            "common_shares": null,
            "book_valuer_per_share": null,
            "book_valuer_per_share_4q_avg": 0,
            "equity": null,
            "current_ratio": null,
            "debt_ratio": null,
            "inventory_turnover_ratio": null,
            "account_receivable_turnover_ratio": null,
            "reinvestment_rate": null,
            "research_to_sale_ratio": null,
            "price_fair": 0,
            "eps_avg_yearly": 0,
            "eps_latest_yearly": 0,
            "eps_growth_yearly": 0
        },
        "20053": {
            "year_quarter": 20053,
            "year": 2005,
            "quarter": 3,
            "eps": null,
            "eps_growth_year": null,
            "eps_4q": null,
            "eps_4q_growth_year": null,
            "roe": null,
            "roe_4q": 0,
            "gross_profit": null,
            "gross_margin": null,
            "gross_margin_4q_avg": 0,
            "net_income": null,
            "revenue": null,
            "common_shares": null,
            "book_valuer_per_share": null,
            "book_valuer_per_share_4q_avg": 0,
            "equity": null,
            "current_ratio": null,
            "debt_ratio": null,
            "inventory_turnover_ratio": null,
            "account_receivable_turnover_ratio": null,
            "reinvestment_rate": null,
            "research_to_sale_ratio": null,
            "price_fair": 0,
            "eps_avg_yearly": 0,
            "eps_latest_yearly": 0,
            "eps_growth_yearly": 0
        },
        "20054": {
            "year_quarter": 20054,
            "year": 2005,
            "quarter": 4,
            "eps": null,
            "eps_growth_year": null,
            "eps_4q": null,
            "eps_4q_growth_year": null,
            "roe": null,
            "roe_4q": 0,
            "gross_profit": null,
            "gross_margin": null,
            "gross_margin_4q_avg": 0,
            "net_income": null,
            "revenue": null,
            "common_shares": null,
            "book_valuer_per_share": null,
            "book_valuer_per_share_4q_avg": 0,
            "equity": null,
            "current_ratio": null,
            "debt_ratio": null,
            "inventory_turnover_ratio": null,
            "account_receivable_turnover_ratio": null,
            "reinvestment_rate": null,
            "research_to_sale_ratio": null,
            "price_fair": 0,
            "eps_avg_yearly": 0,
            "eps_latest_yearly": 0,
            "eps_growth_yearly": 0
        },
        "20061": {
            "year_quarter": 20061,
            "year": 2006,
            "quarter": 1,
            "eps": null,
            "eps_growth_year": null,
            "eps_4q": null,
            "eps_4q_growth_year": null,
            "roe": null,
            "roe_4q": 0,
            "gross_profit": null,
            "gross_margin": null,
            "gross_margin_4q_avg": 0,
            "net_income": null,
            "revenue": null,
            "common_shares": null,
            "book_valuer_per_share": null,
            "book_valuer_per_share_4q_avg": 0,
            "equity": null,
            "current_ratio": null,
            "debt_ratio": null,
            "inventory_turnover_ratio": null,
            "account_receivable_turnover_ratio": null,
            "reinvestment_rate": null,
            "research_to_sale_ratio": null,
            "price_fair": 0,
            "eps_avg_yearly": 0,
            "eps_latest_yearly": 0,
            "eps_growth_yearly": 0
        },
        "20062": {
            "year_quarter": 20062,
            "year": 2006,
            "quarter": 2,
            "eps": null,
            "eps_growth_year": null,
            "eps_4q": null,
            "eps_4q_growth_year": null,
            "roe": null,
            "roe_4q": 0,
            "gross_profit": null,
            "gross_margin": null,
            "gross_margin_4q_avg": 0,
            "net_income": null,
            "revenue": null,
            "common_shares": null,
            "book_valuer_per_share": null,
            "book_valuer_per_share_4q_avg": 0,
            "equity": null,
            "current_ratio": null,
            "debt_ratio": null,
            "inventory_turnover_ratio": null,
            "account_receivable_turnover_ratio": null,
            "reinvestment_rate": null,
            "research_to_sale_ratio": null,
            "price_fair": 0,
            "eps_avg_yearly": 0,
            "eps_latest_yearly": 0,
            "eps_growth_yearly": 0
        },
        "20063": {
            "year_quarter": 20063,
            "year": 2006,
            "quarter": 3,
            "eps": null,
            "eps_growth_year": null,
            "eps_4q": null,
            "eps_4q_growth_year": null,
            "roe": null,
            "roe_4q": 0,
            "gross_profit": null,
            "gross_margin": null,
            "gross_margin_4q_avg": 0,
            "net_income": null,
            "revenue": null,
            "common_shares": null,
            "book_valuer_per_share": null,
            "book_valuer_per_share_4q_avg": 0,
            "equity": null,
            "current_ratio": null,
            "debt_ratio": null,
            "inventory_turnover_ratio": null,
            "account_receivable_turnover_ratio": null,
            "reinvestment_rate": null,
            "research_to_sale_ratio": null,
            "price_fair": 0,
            "eps_avg_yearly": 0,
            "eps_latest_yearly": 0,
            "eps_growth_yearly": 0
        },
        "20064": {
            "year_quarter": 20064,
            "year": 2006,
            "quarter": 4,
            "eps": null,
            "eps_growth_year": null,
            "eps_4q": null,
            "eps_4q_growth_year": null,
            "roe": null,
            "roe_4q": 0,
            "gross_profit": null,
            "gross_margin": null,
            "gross_margin_4q_avg": 0,
            "net_income": null,
            "revenue": null,
            "common_shares": null,
            "book_valuer_per_share": null,
            "book_valuer_per_share_4q_avg": 0,
            "equity": null,
            "current_ratio": null,
            "debt_ratio": null,
            "inventory_turnover_ratio": null,
            "account_receivable_turnover_ratio": null,
            "reinvestment_rate": null,
            "research_to_sale_ratio": null,
            "price_fair": 0,
            "eps_avg_yearly": 0,
            "eps_latest_yearly": 0,
            "eps_growth_yearly": 0
        },
        "20071": {
            "year_quarter": 20071,
            "year": 2007,
            "quarter": 1,
            "eps": null,
            "eps_growth_year": null,
            "eps_4q": null,
            "eps_4q_growth_year": null,
            "roe": null,
            "roe_4q": 0,
            "gross_profit": null,
            "gross_margin": null,
            "gross_margin_4q_avg": 0,
            "net_income": null,
            "revenue": null,
            "common_shares": null,
            "book_valuer_per_share": null,
            "book_valuer_per_share_4q_avg": 0,
            "equity": null,
            "current_ratio": null,
            "debt_ratio": null,
            "inventory_turnover_ratio": null,
            "account_receivable_turnover_ratio": null,
            "reinvestment_rate": null,
            "research_to_sale_ratio": null,
            "price_fair": 0,
            "eps_avg_yearly": 0,
            "eps_latest_yearly": 0,
            "eps_growth_yearly": 0
        },
        "20072": {
            "year_quarter": 20072,
            "year": 2007,
            "quarter": 2,
            "eps": null,
            "eps_growth_year": null,
            "eps_4q": null,
            "eps_4q_growth_year": null,
            "roe": null,
            "roe_4q": 0,
            "gross_profit": null,
            "gross_margin": null,
            "gross_margin_4q_avg": 0,
            "net_income": null,
            "revenue": null,
            "common_shares": null,
            "book_valuer_per_share": null,
            "book_valuer_per_share_4q_avg": 0,
            "equity": null,
            "current_ratio": null,
            "debt_ratio": null,
            "inventory_turnover_ratio": null,
            "account_receivable_turnover_ratio": null,
            "reinvestment_rate": null,
            "research_to_sale_ratio": null,
            "price_fair": 0,
            "eps_avg_yearly": 0,
            "eps_latest_yearly": 0,
            "eps_growth_yearly": 0
        },
        "20073": {
            "year_quarter": 20073,
            "year": 2007,
            "quarter": 3,
            "eps": null,
            "eps_growth_year": null,
            "eps_4q": null,
            "eps_4q_growth_year": null,
            "roe": null,
            "roe_4q": 0,
            "gross_profit": null,
            "gross_margin": null,
            "gross_margin_4q_avg": 0,
            "net_income": null,
            "revenue": null,
            "common_shares": null,
            "book_valuer_per_share": null,
            "book_valuer_per_share_4q_avg": 0,
            "equity": null,
            "current_ratio": null,
            "debt_ratio": null,
            "inventory_turnover_ratio": null,
            "account_receivable_turnover_ratio": null,
            "reinvestment_rate": null,
            "research_to_sale_ratio": null,
            "price_fair": 0,
            "eps_avg_yearly": 0,
            "eps_latest_yearly": 0,
            "eps_growth_yearly": 0
        },
        "20074": {
            "year_quarter": 20074,
            "year": 2007,
            "quarter": 4,
            "eps": null,
            "eps_growth_year": null,
            "eps_4q": null,
            "eps_4q_growth_year": null,
            "roe": null,
            "roe_4q": 0,
            "gross_profit": null,
            "gross_margin": null,
            "gross_margin_4q_avg": 0,
            "net_income": null,
            "revenue": null,
            "common_shares": null,
            "book_valuer_per_share": null,
            "book_valuer_per_share_4q_avg": 0,
            "equity": null,
            "current_ratio": null,
            "debt_ratio": null,
            "inventory_turnover_ratio": null,
            "account_receivable_turnover_ratio": null,
            "reinvestment_rate": null,
            "research_to_sale_ratio": null,
            "price_fair": 0,
            "eps_avg_yearly": 0,
            "eps_latest_yearly": 0,
            "eps_growth_yearly": 0
        },
        "20081": {
            "year_quarter": 20081,
            "year": 2008,
            "quarter": 1,
            "eps": null,
            "eps_growth_year": null,
            "eps_4q": null,
            "eps_4q_growth_year": null,
            "roe": null,
            "roe_4q": 0,
            "gross_profit": null,
            "gross_margin": null,
            "gross_margin_4q_avg": 0,
            "net_income": null,
            "revenue": null,
            "common_shares": null,
            "book_valuer_per_share": null,
            "book_valuer_per_share_4q_avg": 0,
            "equity": null,
            "current_ratio": null,
            "debt_ratio": null,
            "inventory_turnover_ratio": null,
            "account_receivable_turnover_ratio": null,
            "reinvestment_rate": null,
            "research_to_sale_ratio": null,
            "price_fair": 0,
            "eps_avg_yearly": 0,
            "eps_latest_yearly": 0,
            "eps_growth_yearly": 0
        },
        "20082": {
            "year_quarter": 20082,
            "year": 2008,
            "quarter": 2,
            "eps": null,
            "eps_growth_year": null,
            "eps_4q": null,
            "eps_4q_growth_year": null,
            "roe": null,
            "roe_4q": 0,
            "gross_profit": null,
            "gross_margin": null,
            "gross_margin_4q_avg": 0,
            "net_income": null,
            "revenue": null,
            "common_shares": null,
            "book_valuer_per_share": null,
            "book_valuer_per_share_4q_avg": 0,
            "equity": null,
            "current_ratio": null,
            "debt_ratio": null,
            "inventory_turnover_ratio": null,
            "account_receivable_turnover_ratio": null,
            "reinvestment_rate": null,
            "research_to_sale_ratio": null,
            "price_fair": 0,
            "eps_avg_yearly": 0,
            "eps_latest_yearly": 0,
            "eps_growth_yearly": 0
        },
        "20083": {
            "year_quarter": 20083,
            "year": 2008,
            "quarter": 3,
            "eps": null,
            "eps_growth_year": null,
            "eps_4q": null,
            "eps_4q_growth_year": null,
            "roe": null,
            "roe_4q": 0,
            "gross_profit": null,
            "gross_margin": null,
            "gross_margin_4q_avg": 0,
            "net_income": null,
            "revenue": null,
            "common_shares": null,
            "book_valuer_per_share": null,
            "book_valuer_per_share_4q_avg": 0,
            "equity": null,
            "current_ratio": null,
            "debt_ratio": null,
            "inventory_turnover_ratio": null,
            "account_receivable_turnover_ratio": null,
            "reinvestment_rate": null,
            "research_to_sale_ratio": null,
            "price_fair": 0,
            "eps_avg_yearly": 0,
            "eps_latest_yearly": 0,
            "eps_growth_yearly": 0
        },
        "20084": {
            "year_quarter": 20084,
            "year": 2008,
            "quarter": 4,
            "eps": null,
            "eps_growth_year": null,
            "eps_4q": null,
            "eps_4q_growth_year": null,
            "roe": null,
            "roe_4q": 0,
            "gross_profit": null,
            "gross_margin": null,
            "gross_margin_4q_avg": 0,
            "net_income": null,
            "revenue": null,
            "common_shares": 77190935,
            "book_valuer_per_share": null,
            "book_valuer_per_share_4q_avg": 0,
            "equity": 148274472,
            "current_ratio": null,
            "debt_ratio": null,
            "inventory_turnover_ratio": null,
            "account_receivable_turnover_ratio": null,
            "reinvestment_rate": null,
            "research_to_sale_ratio": null,
            "price_fair": 0,
            "eps_avg_yearly": 0,
            "eps_latest_yearly": 0,
            "eps_growth_yearly": 0
        },
        "20091": {
            "year_quarter": 20091,
            "year": 2009,
            "quarter": 1,
            "eps": null,
            "eps_growth_year": null,
            "eps_4q": null,
            "eps_4q_growth_year": null,
            "roe": null,
            "roe_4q": 0,
            "gross_profit": null,
            "gross_margin": null,
            "gross_margin_4q_avg": 0,
            "net_income": 2534620,
            "revenue": 84388978,
            "common_shares": 81253615,
            "book_valuer_per_share": null,
            "book_valuer_per_share_4q_avg": 0,
            "equity": 163283881,
            "current_ratio": null,
            "debt_ratio": null,
            "inventory_turnover_ratio": null,
            "account_receivable_turnover_ratio": null,
            "reinvestment_rate": null,
            "research_to_sale_ratio": null,
            "price_fair": 0,
            "eps_avg_yearly": 0,
            "eps_latest_yearly": 0,
            "eps_growth_yearly": 0
        },
        "20092": {
            "year_quarter": 20092,
            "year": 2009,
            "quarter": 2,
            "eps": null,
            "eps_growth_year": null,
            "eps_4q": null,
            "eps_4q_growth_year": null,
            "roe": null,
            "roe_4q": 0,
            "gross_profit": null,
            "gross_margin": null,
            "gross_margin_4q_avg": 0,
            "net_income": 3801831,
            "revenue": 67225326,
            "common_shares": 81253615,
            "book_valuer_per_share": null,
            "book_valuer_per_share_4q_avg": 0,
            "equity": 175749393,
            "current_ratio": null,
            "debt_ratio": null,
            "inventory_turnover_ratio": null,
            "account_receivable_turnover_ratio": null,
            "reinvestment_rate": null,
            "research_to_sale_ratio": null,
            "price_fair": 0,
            "eps_avg_yearly": 0,
            "eps_latest_yearly": 0,
            "eps_growth_yearly": 0
        },
        "20093": {
            "year_quarter": 20093,
            "year": 2009,
            "quarter": 3,
            "eps": null,
            "eps_growth_year": null,
            "eps_4q": null,
            "eps_4q_growth_year": null,
            "roe": null,
            "roe_4q": 0,
            "gross_profit": null,
            "gross_margin": null,
            "gross_margin_4q_avg": 0,
            "net_income": 8558359,
            "revenue": 93048201,
            "common_shares": 81253615,
            "book_valuer_per_share": null,
            "book_valuer_per_share_4q_avg": 0,
            "equity": 207426944,
            "current_ratio": null,
            "debt_ratio": null,
            "inventory_turnover_ratio": null,
            "account_receivable_turnover_ratio": null,
            "reinvestment_rate": null,
            "research_to_sale_ratio": null,
            "price_fair": 0,
            "eps_avg_yearly": 0,
            "eps_latest_yearly": 0,
            "eps_growth_yearly": 0
        },
        "20094": {
            "year_quarter": 20094,
            "year": 2009,
            "quarter": 4,
            "eps": null,
            "eps_growth_year": null,
            "eps_4q": null,
            "eps_4q_growth_year": null,
            "roe": null,
            "roe_4q": 0,
            "gross_profit": null,
            "gross_margin": null,
            "gross_margin_4q_avg": 0,
            "net_income": 4882042,
            "revenue": 110756585,
            "common_shares": 81261865,
            "book_valuer_per_share": 26.24,
            "book_valuer_per_share_4q_avg": 6.56,
            "equity": 212980875,
            "current_ratio": null,
            "debt_ratio": 93.04,
            "inventory_turnover_ratio": null,
            "account_receivable_turnover_ratio": null,
            "reinvestment_rate": null,
            "research_to_sale_ratio": null,
            "price_fair": 0,
            "eps_avg_yearly": 0,
            "eps_latest_yearly": 0,
            "eps_growth_yearly": 0
        },
        "20101": {
            "year_quarter": 20101,
            "year": 2010,
            "quarter": 1,
            "eps": 0.74,
            "eps_growth_year": null,
            "eps_4q": 0.74,
            "eps_4q_growth_year": null,
            "roe": 2.86,
            "roe_4q": 2.86,
            "gross_profit": null,
            "gross_margin": null,
            "gross_margin_4q_avg": 0,
            "net_income": 6108014,
            "revenue": 133573612,
            "common_shares": 81329401,
            "book_valuer_per_share": 26.37,
            "book_valuer_per_share_4q_avg": 13.15,
            "equity": 214215148,
            "current_ratio": null,
            "debt_ratio": 93.26,
            "inventory_turnover_ratio": null,
            "account_receivable_turnover_ratio": 3.86,
            "reinvestment_rate": null,
            "research_to_sale_ratio": null,
            "price_fair": 0,
            "eps_avg_yearly": 0,
            "eps_latest_yearly": 0,
            "eps_growth_yearly": 0
        },
        "20102": {
            "year_quarter": 20102,
            "year": 2010,
            "quarter": 2,
            "eps": 0.55,
            "eps_growth_year": null,
            "eps_4q": 1.25,
            "eps_4q_growth_year": null,
            "roe": 2.33,
            "roe_4q": 5.1899999999999995,
            "gross_profit": null,
            "gross_margin": null,
            "gross_margin_4q_avg": 0,
            "net_income": 4836266,
            "revenue": 107859338,
            "common_shares": 81385520,
            "book_valuer_per_share": 24.72,
            "book_valuer_per_share_4q_avg": 19.33,
            "equity": 200984987,
            "current_ratio": null,
            "debt_ratio": 93.78,
            "inventory_turnover_ratio": null,
            "account_receivable_turnover_ratio": 6.5,
            "reinvestment_rate": null,
            "research_to_sale_ratio": null,
            "price_fair": 6.6,
            "eps_avg_yearly": 2.2,
            "eps_latest_yearly": 2.2,
            "eps_growth_yearly": -102.7
        },
        "20103": {
            "year_quarter": 20103,
            "year": 2010,
            "quarter": 3,
            "eps": 1.1,
            "eps_growth_year": null,
            "eps_4q": 2.36,
            "eps_4q_growth_year": null,
            "roe": 4.5,
            "roe_4q": 9.69,
            "gross_profit": null,
            "gross_margin": null,
            "gross_margin_4q_avg": 0,
            "net_income": 9635441,
            "revenue": 146566691,
            "common_shares": 85467248,
            "book_valuer_per_share": 26.6,
            "book_valuer_per_share_4q_avg": 25.98,
            "equity": 227009082,
            "current_ratio": null,
            "debt_ratio": 93.26,
            "inventory_turnover_ratio": null,
            "account_receivable_turnover_ratio": 2.69,
            "reinvestment_rate": null,
            "research_to_sale_ratio": null,
            "price_fair": 115.5,
            "eps_avg_yearly": 3.3,
            "eps_latest_yearly": 4.4,
            "eps_growth_yearly": 148.65
        },
        "20104": {
            "year_quarter": 20104,
            "year": 2010,
            "quarter": 4,
            "eps": -0.02,
            "eps_growth_year": null,
            "eps_4q": 2.33,
            "eps_4q_growth_year": null,
            "roe": 0.06,
            "roe_4q": 9.75,
            "gross_profit": null,
            "gross_margin": null,
            "gross_margin_4q_avg": 0,
            "net_income": 139249,
            "revenue": 109129746,
            "common_shares": 85583663,
            "book_valuer_per_share": 26.02,
            "book_valuer_per_share_4q_avg": 25.93,
            "equity": 222273442,
            "current_ratio": null,
            "debt_ratio": 93.56,
            "inventory_turnover_ratio": null,
            "account_receivable_turnover_ratio": 2,
            "reinvestment_rate": null,
            "research_to_sale_ratio": null,
            "price_fair": 115.5,
            "eps_avg_yearly": 3.3,
            "eps_latest_yearly": 4.4,
            "eps_growth_yearly": 148.65
        },
        "20111": {
            "year_quarter": 20111,
            "year": 2011,
            "quarter": 1,
            "eps": 1.06,
            "eps_growth_year": 43.24,
            "eps_4q": 2.69,
            "eps_4q_growth_year": 264.84,
            "roe": 4.12,
            "roe_4q": 11.01,
            "gross_profit": null,
            "gross_margin": null,
            "gross_margin_4q_avg": 0,
            "net_income": 9186859,
            "revenue": 43688638,
            "common_shares": 85640394,
            "book_valuer_per_share": 26.19,
            "book_valuer_per_share_4q_avg": 25.88,
            "equity": 223882162,
            "current_ratio": null,
            "debt_ratio": 93.59,
            "inventory_turnover_ratio": null,
            "account_receivable_turnover_ratio": null,
            "reinvestment_rate": null,
            "research_to_sale_ratio": null,
            "price_fair": 115.5,
            "eps_avg_yearly": 3.3,
            "eps_latest_yearly": 4.4,
            "eps_growth_yearly": 148.65
        },
        "20112": {
            "year_quarter": 20112,
            "year": 2011,
            "quarter": 2,
            "eps": 0.68,
            "eps_growth_year": 23.15,
            "eps_4q": 2.71,
            "eps_4q_growth_year": 116.38,
            "roe": 2.77,
            "roe_4q": 11.45,
            "gross_profit": null,
            "gross_margin": null,
            "gross_margin_4q_avg": 0,
            "net_income": 6212693,
            "revenue": 45007568,
            "common_shares": 85754416,
            "book_valuer_per_share": 26.17,
            "book_valuer_per_share_4q_avg": 26.25,
            "equity": 224005911,
            "current_ratio": null,
            "debt_ratio": 93.59,
            "inventory_turnover_ratio": null,
            "account_receivable_turnover_ratio": null,
            "reinvestment_rate": null,
            "research_to_sale_ratio": null,
            "price_fair": 108.73,
            "eps_avg_yearly": 3.11,
            "eps_latest_yearly": 2.72,
            "eps_growth_yearly": 51.3
        },
        "20113": {
            "year_quarter": 20113,
            "year": 2011,
            "quarter": 3,
            "eps": 1.81,
            "eps_growth_year": 64.43,
            "eps_4q": 3.48,
            "eps_4q_growth_year": 47.49,
            "roe": 7.12,
            "roe_4q": 14.070000000000002,
            "gross_profit": null,
            "gross_margin": null,
            "gross_margin_4q_avg": 0,
            "net_income": 16231276,
            "revenue": 80966665,
            "common_shares": 90062692,
            "book_valuer_per_share": 25.79,
            "book_valuer_per_share_4q_avg": 26.04,
            "equity": 232056470,
            "current_ratio": null,
            "debt_ratio": 93.44,
            "inventory_turnover_ratio": null,
            "account_receivable_turnover_ratio": null,
            "reinvestment_rate": null,
            "research_to_sale_ratio": null,
            "price_fair": 144.9,
            "eps_avg_yearly": 4.14,
            "eps_latest_yearly": 7.24,
            "eps_growth_yearly": 204.65
        },
        "20114": {
            "year_quarter": 20114,
            "year": 2011,
            "quarter": 4,
            "eps": -0.1,
            "eps_growth_year": null,
            "eps_4q": 3.39,
            "eps_4q_growth_year": 45.47,
            "roe": -0.41,
            "roe_4q": 13.600000000000001,
            "gross_profit": null,
            "gross_margin": null,
            "gross_margin_4q_avg": 0,
            "net_income": -943742,
            "revenue": 72358220,
            "common_shares": 90137379,
            "book_valuer_per_share": 25.93,
            "book_valuer_per_share_4q_avg": 26.02,
            "equity": 233682682,
            "current_ratio": null,
            "debt_ratio": 93.54,
            "inventory_turnover_ratio": null,
            "account_receivable_turnover_ratio": null,
            "reinvestment_rate": null,
            "research_to_sale_ratio": null,
            "price_fair": 144.9,
            "eps_avg_yearly": 4.14,
            "eps_latest_yearly": 7.24,
            "eps_growth_yearly": 204.65
        },
        "20121": {
            "year_quarter": 20121,
            "year": 2012,
            "quarter": 1,
            "eps": 0.76,
            "eps_growth_year": -28.3,
            "eps_4q": 3.14,
            "eps_4q_growth_year": 16.99,
            "roe": 2.87,
            "roe_4q": 12.35,
            "gross_profit": null,
            "gross_margin": null,
            "gross_margin_4q_avg": 0,
            "net_income": 6863610,
            "revenue": 98614162,
            "common_shares": 90242470,
            "book_valuer_per_share": 27.11,
            "book_valuer_per_share_4q_avg": 26.25,
            "equity": 244622270,
            "current_ratio": null,
            "debt_ratio": 93.6,
            "inventory_turnover_ratio": null,
            "account_receivable_turnover_ratio": null,
            "reinvestment_rate": null,
            "research_to_sale_ratio": null,
            "price_fair": 144.9,
            "eps_avg_yearly": 4.14,
            "eps_latest_yearly": 7.24,
            "eps_growth_yearly": 204.65
        },
        "20122": {
            "year_quarter": 20122,
            "year": 2012,
            "quarter": 2,
            "eps": 0.43,
            "eps_growth_year": -36.56,
            "eps_4q": 2.77,
            "eps_4q_growth_year": 2.34,
            "roe": 1.69,
            "roe_4q": 11.27,
            "gross_profit": null,
            "gross_margin": null,
            "gross_margin_4q_avg": 0,
            "net_income": 4095146,
            "revenue": 103770498,
            "common_shares": 90447067,
            "book_valuer_per_share": 26.68,
            "book_valuer_per_share_4q_avg": 26.38,
            "equity": 241240993,
            "current_ratio": null,
            "debt_ratio": 93.82,
            "inventory_turnover_ratio": null,
            "account_receivable_turnover_ratio": null,
            "reinvestment_rate": null,
            "research_to_sale_ratio": null,
            "price_fair": 127.96,
            "eps_avg_yearly": 3.66,
            "eps_latest_yearly": 1.72,
            "eps_growth_yearly": 128.98
        },
        "20123": {
            "year_quarter": 20123,
            "year": 2012,
            "quarter": 3,
            "eps": 1.25,
            "eps_growth_year": -31.38,
            "eps_4q": 2.3,
            "eps_4q_growth_year": -33.91,
            "roe": 4.42,
            "roe_4q": 8.57,
            "gross_profit": null,
            "gross_margin": null,
            "gross_margin_4q_avg": 0,
            "net_income": 11848315,
            "revenue": 95443647,
            "common_shares": 95171547,
            "book_valuer_per_share": 31,
            "book_valuer_per_share_4q_avg": 27.68,
            "equity": 295008476,
            "current_ratio": null,
            "debt_ratio": 92.67,
            "inventory_turnover_ratio": null,
            "account_receivable_turnover_ratio": null,
            "reinvestment_rate": null,
            "research_to_sale_ratio": null,
            "price_fair": 135.8,
            "eps_avg_yearly": 3.88,
            "eps_latest_yearly": 5,
            "eps_growth_yearly": 234.62
        },
        "20124": {
            "year_quarter": 20124,
            "year": 2012,
            "quarter": 4,
            "eps": 0.65,
            "eps_growth_year": null,
            "eps_4q": 3.04,
            "eps_4q_growth_year": -10.22,
            "roe": 2.06,
            "roe_4q": 11.04,
            "gross_profit": null,
            "gross_margin": null,
            "gross_margin_4q_avg": 0,
            "net_income": 6175728,
            "revenue": 69286356,
            "common_shares": 95269157,
            "book_valuer_per_share": 32.05,
            "book_valuer_per_share_4q_avg": 29.21,
            "equity": 305273071,
            "current_ratio": null,
            "debt_ratio": 92.52,
            "inventory_turnover_ratio": null,
            "account_receivable_turnover_ratio": null,
            "reinvestment_rate": 38.68,
            "research_to_sale_ratio": null,
            "price_fair": 129.4,
            "eps_avg_yearly": 3.7,
            "eps_latest_yearly": 2.6,
            "eps_growth_yearly": 173.67
        },
        "20131": {
            "year_quarter": 20131,
            "year": 2013,
            "quarter": 1,
            "eps": 1.06,
            "eps_growth_year": 39.47,
            "eps_4q": 3.38,
            "eps_4q_growth_year": 7.66,
            "roe": 3.32,
            "roe_4q": 11.49,
            "gross_profit": null,
            "gross_margin": null,
            "gross_margin_4q_avg": 0,
            "net_income": 10146416,
            "revenue": 86099094,
            "common_shares": 95351652,
            "book_valuer_per_share": 32.04,
            "book_valuer_per_share_4q_avg": 30.44,
            "equity": 305475240,
            "current_ratio": null,
            "debt_ratio": 92.79,
            "inventory_turnover_ratio": null,
            "account_receivable_turnover_ratio": null,
            "reinvestment_rate": 35.93,
            "research_to_sale_ratio": null,
            "price_fair": 131.78,
            "eps_avg_yearly": 3.77,
            "eps_latest_yearly": 4.24,
            "eps_growth_yearly": 183.5
        },
        "20132": {
            "year_quarter": 20132,
            "year": 2013,
            "quarter": 2,
            "eps": 0.81,
            "eps_growth_year": 87.83,
            "eps_4q": 3.77,
            "eps_4q_growth_year": 35.8,
            "roe": 2.63,
            "roe_4q": 12.43,
            "gross_profit": null,
            "gross_margin": null,
            "gross_margin_4q_avg": 0,
            "net_income": 7752326,
            "revenue": 93269504,
            "common_shares": 95351652,
            "book_valuer_per_share": 29.68,
            "book_valuer_per_share_4q_avg": 31.19,
            "equity": 283045616,
            "current_ratio": null,
            "debt_ratio": 93.45,
            "inventory_turnover_ratio": null,
            "account_receivable_turnover_ratio": null,
            "reinvestment_rate": 34.33,
            "research_to_sale_ratio": null,
            "price_fair": 129.73,
            "eps_avg_yearly": 3.71,
            "eps_latest_yearly": 3.24,
            "eps_growth_yearly": 152.63
        },
        "20133": {
            "year_quarter": 20133,
            "year": 2013,
            "quarter": 3,
            "eps": 0.88,
            "eps_growth_year": -29.32,
            "eps_4q": 3.23,
            "eps_4q_growth_year": 40.59,
            "roe": 3.07,
            "roe_4q": 11.08,
            "gross_profit": null,
            "gross_margin": null,
            "gross_margin_4q_avg": 0,
            "net_income": 8965351,
            "revenue": 101765347,
            "common_shares": 102336040,
            "book_valuer_per_share": 29.48,
            "book_valuer_per_share_4q_avg": 30.81,
            "equity": 301955041,
            "current_ratio": null,
            "debt_ratio": 93.16,
            "inventory_turnover_ratio": null,
            "account_receivable_turnover_ratio": null,
            "reinvestment_rate": 34.37,
            "research_to_sale_ratio": null,
            "price_fair": 129.08,
            "eps_avg_yearly": 3.69,
            "eps_latest_yearly": 3.52,
            "eps_growth_yearly": 140.82
        },
        "20134": {
            "year_quarter": 20134,
            "year": 2013,
            "quarter": 4,
            "eps": 0.57,
            "eps_growth_year": -12.12,
            "eps_4q": 3.2,
            "eps_4q_growth_year": 5.05,
            "roe": 1.87,
            "roe_4q": 10.889999999999999,
            "gross_profit": null,
            "gross_margin": null,
            "gross_margin_4q_avg": 0,
            "net_income": 5795328,
            "revenue": 93088150,
            "common_shares": 102336040,
            "book_valuer_per_share": 30.92,
            "book_valuer_per_share_4q_avg": 30.53,
            "equity": 316679896,
            "current_ratio": null,
            "debt_ratio": 93.07,
            "inventory_turnover_ratio": null,
            "account_receivable_turnover_ratio": null,
            "reinvestment_rate": 12.23,
            "research_to_sale_ratio": null,
            "price_fair": 124.6,
            "eps_avg_yearly": 3.56,
            "eps_latest_yearly": 2.28,
            "eps_growth_yearly": 115.21
        },
        "20141": {
            "year_quarter": 20141,
            "year": 2014,
            "quarter": 1,
            "eps": 1.35,
            "eps_growth_year": 27.36,
            "eps_4q": 3.56,
            "eps_4q_growth_year": 5.2,
            "roe": 4.15,
            "roe_4q": 11.719999999999999,
            "gross_profit": null,
            "gross_margin": null,
            "gross_margin_4q_avg": 0,
            "net_income": 13934819,
            "revenue": 97382420,
            "common_shares": 102336040,
            "book_valuer_per_share": 34.01,
            "book_valuer_per_share_4q_avg": 31.02,
            "equity": 355464835,
            "current_ratio": null,
            "debt_ratio": 92.91,
            "inventory_turnover_ratio": null,
            "account_receivable_turnover_ratio": null,
            "reinvestment_rate": 18.61,
            "research_to_sale_ratio": null,
            "price_fair": 129.97,
            "eps_avg_yearly": 3.71,
            "eps_latest_yearly": 5.4,
            "eps_growth_yearly": 151.23
        },
        "20142": {
            "year_quarter": 20142,
            "year": 2014,
            "quarter": 2,
            "eps": 1.32,
            "eps_growth_year": 62.96,
            "eps_4q": 4.12,
            "eps_4q_growth_year": 9.35,
            "roe": 3.75,
            "roe_4q": 12.84,
            "gross_profit": null,
            "gross_margin": null,
            "gross_margin_4q_avg": 0,
            "net_income": 13550299,
            "revenue": 82980999,
            "common_shares": 102336040,
            "book_valuer_per_share": 35.2,
            "book_valuer_per_share_4q_avg": 32.4,
            "equity": 367571445,
            "current_ratio": null,
            "debt_ratio": 92.82,
            "inventory_turnover_ratio": null,
            "account_receivable_turnover_ratio": null,
            "reinvestment_rate": 15.73,
            "research_to_sale_ratio": null,
            "price_fair": 138.95,
            "eps_avg_yearly": 3.97,
            "eps_latest_yearly": 5.28,
            "eps_growth_yearly": 159.04
        },
        "20143": {
            "year_quarter": 20143,
            "year": 2014,
            "quarter": 3,
            "eps": 2.46,
            "eps_growth_year": 179.55,
            "eps_4q": 5.7,
            "eps_4q_growth_year": 76.39,
            "roe": 6.75,
            "roe_4q": 16.52,
            "gross_profit": null,
            "gross_margin": null,
            "gross_margin_4q_avg": 0,
            "net_income": 25181576,
            "revenue": 111987636,
            "common_shares": 102336040,
            "book_valuer_per_share": 36.26,
            "book_valuer_per_share_4q_avg": 34.1,
            "equity": 378854855,
            "current_ratio": null,
            "debt_ratio": 92.72,
            "inventory_turnover_ratio": null,
            "account_receivable_turnover_ratio": null,
            "reinvestment_rate": 14.58,
            "research_to_sale_ratio": null,
            "price_fair": 154.82,
            "eps_avg_yearly": 4.42,
            "eps_latest_yearly": 9.84,
            "eps_growth_yearly": 154.5
        },
        "20144": {
            "year_quarter": 20144,
            "year": 2014,
            "quarter": 4,
            "eps": 0.65,
            "eps_growth_year": 14.34,
            "eps_4q": 5.78,
            "eps_4q_growth_year": 80.8,
            "roe": 1.69,
            "roe_4q": 16.34,
            "gross_profit": null,
            "gross_margin": null,
            "gross_margin_4q_avg": 0,
            "net_income": 6706844,
            "revenue": 87982384,
            "common_shares": 102336040,
            "book_valuer_per_share": 39.87,
            "book_valuer_per_share_4q_avg": 36.34,
            "equity": 416146660,
            "current_ratio": null,
            "debt_ratio": 92.35,
            "inventory_turnover_ratio": null,
            "account_receivable_turnover_ratio": null,
            "reinvestment_rate": 15.43,
            "research_to_sale_ratio": null,
            "price_fair": 149.91,
            "eps_avg_yearly": 4.28,
            "eps_latest_yearly": 2.6,
            "eps_growth_yearly": 119.97
        },
        "20151": {
            "year_quarter": 20151,
            "year": 2015,
            "quarter": 1,
            "eps": 1.96,
            "eps_growth_year": 45.19,
            "eps_4q": 6.39,
            "eps_4q_growth_year": 79.44,
            "roe": 4.66,
            "roe_4q": 16.85,
            "gross_profit": null,
            "gross_margin": null,
            "gross_margin_4q_avg": 0,
            "net_income": 20143033,
            "revenue": 87811140,
            "common_shares": 102336040,
            "book_valuer_per_share": 42.97,
            "book_valuer_per_share_4q_avg": 38.58,
            "equity": 447748017,
            "current_ratio": null,
            "debt_ratio": 91.94,
            "inventory_turnover_ratio": null,
            "account_receivable_turnover_ratio": null,
            "reinvestment_rate": 13.75,
            "research_to_sale_ratio": null,
            "price_fair": 158.8,
            "eps_avg_yearly": 4.54,
            "eps_latest_yearly": 7.84,
            "eps_growth_yearly": 168.99
        },
        "20152": {
            "year_quarter": 20152,
            "year": 2015,
            "quarter": 2,
            "eps": 2.15,
            "eps_growth_year": 62.88,
            "eps_4q": 7.22,
            "eps_4q_growth_year": 75.16,
            "roe": 5.25,
            "roe_4q": 18.35,
            "gross_profit": null,
            "gross_margin": null,
            "gross_margin_4q_avg": 0,
            "net_income": 22027386,
            "revenue": 100419685,
            "common_shares": 102336040,
            "book_valuer_per_share": 37.49,
            "book_valuer_per_share_4q_avg": 39.15,
            "equity": 391655298,
            "current_ratio": null,
            "debt_ratio": 92.97,
            "inventory_turnover_ratio": null,
            "account_receivable_turnover_ratio": null,
            "reinvestment_rate": 18.44,
            "research_to_sale_ratio": null,
            "price_fair": 173.5,
            "eps_avg_yearly": 4.96,
            "eps_latest_yearly": 8.6,
            "eps_growth_yearly": 182
        },
        "20153": {
            "year_quarter": 20153,
            "year": 2015,
            "quarter": 3,
            "eps": 1.57,
            "eps_growth_year": -36.18,
            "eps_4q": 6.33,
            "eps_4q_growth_year": 11.16,
            "roe": 4.28,
            "roe_4q": 15.88,
            "gross_profit": null,
            "gross_margin": null,
            "gross_margin_4q_avg": 0,
            "net_income": 16176575,
            "revenue": 130308352,
            "common_shares": 102336040,
            "book_valuer_per_share": 34.74,
            "book_valuer_per_share_4q_avg": 38.77,
            "equity": 363939970,
            "current_ratio": null,
            "debt_ratio": 93.79,
            "inventory_turnover_ratio": null,
            "account_receivable_turnover_ratio": null,
            "reinvestment_rate": 19.13,
            "research_to_sale_ratio": null,
            "price_fair": 171.1,
            "eps_avg_yearly": 4.89,
            "eps_latest_yearly": 6.28,
            "eps_growth_yearly": 126.81
        },
        "20154": {
            "year_quarter": 20154,
            "year": 2015,
            "quarter": 4,
            "eps": 0.53,
            "eps_growth_year": -18.26,
            "eps_4q": 6.21,
            "eps_4q_growth_year": 7.53,
            "roe": 1.48,
            "roe_4q": 15.67,
            "gross_profit": null,
            "gross_margin": null,
            "gross_margin_4q_avg": 0,
            "net_income": 5458838,
            "revenue": 111703583,
            "common_shares": 102336040,
            "book_valuer_per_share": 35.92,
            "book_valuer_per_share_4q_avg": 37.78,
            "equity": 376076533,
            "current_ratio": null,
            "debt_ratio": 93.72,
            "inventory_turnover_ratio": null,
            "account_receivable_turnover_ratio": null,
            "reinvestment_rate": 23.06,
            "research_to_sale_ratio": null,
            "price_fair": 164.64,
            "eps_avg_yearly": 4.7,
            "eps_latest_yearly": 2.12,
            "eps_growth_yearly": 100.69
        },
        "20161": {
            "year_quarter": 20161,
            "year": 2016,
            "quarter": 1,
            "eps": 0.86,
            "eps_growth_year": -56.12,
            "eps_4q": 5.11,
            "eps_4q_growth_year": -20.03,
            "roe": 2.27,
            "roe_4q": 13.280000000000001,
            "gross_profit": null,
            "gross_margin": null,
            "gross_margin_4q_avg": 0,
            "net_income": 8886993,
            "revenue": 108705414,
            "common_shares": 102336040,
            "book_valuer_per_share": 38.95,
            "book_valuer_per_share_4q_avg": 36.78,
            "equity": 407066726,
            "current_ratio": null,
            "debt_ratio": 93.2,
            "inventory_turnover_ratio": null,
            "account_receivable_turnover_ratio": null,
            "reinvestment_rate": 23.04,
            "research_to_sale_ratio": null,
            "price_fair": 161.88,
            "eps_avg_yearly": 4.63,
            "eps_latest_yearly": 3.44,
            "eps_growth_yearly": 109.97
        },
        "20162": {
            "year_quarter": 20162,
            "year": 2016,
            "quarter": 2,
            "eps": 1.46,
            "eps_growth_year": -32.09,
            "eps_4q": 4.42,
            "eps_4q_growth_year": -38.72,
            "roe": 3.52,
            "roe_4q": 11.55,
            "gross_profit": null,
            "gross_margin": null,
            "gross_margin_4q_avg": 0,
            "net_income": 15005521,
            "revenue": 118977457,
            "common_shares": 102336040,
            "book_valuer_per_share": 40.34,
            "book_valuer_per_share_4q_avg": 37.49,
            "equity": 445328214,
            "current_ratio": null,
            "debt_ratio": 92.77,
            "inventory_turnover_ratio": null,
            "account_receivable_turnover_ratio": null,
            "reinvestment_rate": 22.23,
            "research_to_sale_ratio": null,
            "price_fair": 170.89,
            "eps_avg_yearly": 4.88,
            "eps_latest_yearly": 5.84,
            "eps_growth_yearly": 138.26
        },
        "20163": {
            "year_quarter": 20163,
            "year": 2016,
            "quarter": 3,
            "eps": 1.62,
            "eps_growth_year": 3.18,
            "eps_4q": 4.47,
            "eps_4q_growth_year": -29.36,
            "roe": 3.61,
            "roe_4q": 10.88,
            "gross_profit": null,
            "gross_margin": null,
            "gross_margin_4q_avg": 0,
            "net_income": 16605134,
            "revenue": 112208442,
            "common_shares": 102336040,
            "book_valuer_per_share": 42.95,
            "book_valuer_per_share_4q_avg": 39.54,
            "equity": 473412859,
            "current_ratio": null,
            "debt_ratio": 92.39,
            "inventory_turnover_ratio": null,
            "account_receivable_turnover_ratio": null,
            "reinvestment_rate": 23.6,
            "research_to_sale_ratio": null,
            "price_fair": 174.13,
            "eps_avg_yearly": 4.98,
            "eps_latest_yearly": 6.48,
            "eps_growth_yearly": 93.33
        },
        "20164": {
            "year_quarter": 20164,
            "year": 2016,
            "quarter": 4,
            "eps": 0.79,
            "eps_growth_year": 48.41,
            "eps_4q": 4.73,
            "eps_4q_growth_year": -23.86,
            "roe": 1.79,
            "roe_4q": 11.19,
            "gross_profit": null,
            "gross_margin": null,
            "gross_margin_4q_avg": 0,
            "net_income": 8077108,
            "revenue": 99031395,
            "common_shares": 102336040,
            "book_valuer_per_share": 39.4,
            "book_valuer_per_share_4q_avg": 40.41,
            "equity": 427105386,
            "current_ratio": null,
            "debt_ratio": 93.28,
            "inventory_turnover_ratio": null,
            "account_receivable_turnover_ratio": null,
            "reinvestment_rate": 20.66,
            "research_to_sale_ratio": null,
            "price_fair": 175.35,
            "eps_avg_yearly": 5.01,
            "eps_latest_yearly": 3.16,
            "eps_growth_yearly": 92.52
        },
        "20171": {
            "year_quarter": 20171,
            "year": 2017,
            "quarter": 1,
            "eps": 0.97,
            "eps_growth_year": 12.79,
            "eps_4q": 4.84,
            "eps_4q_growth_year": -5.26,
            "roe": 2.28,
            "roe_4q": 11.2,
            "gross_profit": null,
            "gross_margin": null,
            "gross_margin_4q_avg": 0,
            "net_income": 9849686,
            "revenue": 112817267,
            "common_shares": 102336040,
            "book_valuer_per_share": 40.27,
            "book_valuer_per_share_4q_avg": 40.74,
            "equity": 436638810,
            "current_ratio": null,
            "debt_ratio": 93.14,
            "inventory_turnover_ratio": null,
            "account_receivable_turnover_ratio": null,
            "reinvestment_rate": 20.61,
            "research_to_sale_ratio": null,
            "price_fair": 174.56,
            "eps_avg_yearly": 4.99,
            "eps_latest_yearly": 3.88,
            "eps_growth_yearly": 82.45
        },
        "20172": {
            "year_quarter": 20172,
            "year": 2017,
            "quarter": 2,
            "eps": 0.76,
            "eps_growth_year": -47.95,
            "eps_4q": 4.24,
            "eps_4q_growth_year": -4.09,
            "roe": 1.99,
            "roe_4q": 9.67,
            "gross_profit": null,
            "gross_margin": null,
            "gross_margin_4q_avg": 0,
            "net_income": 8793498,
            "revenue": 96353365,
            "common_shares": 102336040,
            "book_valuer_per_share": 41.27,
            "book_valuer_per_share_4q_avg": 40.97,
            "equity": 447517757,
            "current_ratio": null,
            "debt_ratio": 93.2,
            "inventory_turnover_ratio": null,
            "account_receivable_turnover_ratio": null,
            "reinvestment_rate": 20.95,
            "research_to_sale_ratio": null,
            "price_fair": 174.13,
            "eps_avg_yearly": 4.98,
            "eps_latest_yearly": 3.04,
            "eps_growth_yearly": 82.93
        },
        "20173": {
            "year_quarter": 20173,
            "year": 2017,
            "quarter": 3,
            "eps": 2.5,
            "eps_growth_year": 54.32,
            "eps_4q": 5.12,
            "eps_4q_growth_year": 14.35,
            "roe": 5.56,
            "roe_4q": 11.620000000000001,
            "gross_profit": null,
            "gross_margin": null,
            "gross_margin_4q_avg": 0,
            "net_income": 25544818,
            "revenue": 108945134,
            "common_shares": 102336040,
            "book_valuer_per_share": 43.52,
            "book_valuer_per_share_4q_avg": 41.12,
            "equity": 471825800,
            "current_ratio": null,
            "debt_ratio": 92.99,
            "inventory_turnover_ratio": null,
            "account_receivable_turnover_ratio": null,
            "reinvestment_rate": 19.62,
            "research_to_sale_ratio": null,
            "price_fair": 188.3,
            "eps_avg_yearly": 5.38,
            "eps_latest_yearly": 10,
            "eps_growth_yearly": 138.01
        },
        "20174": {
            "year_quarter": 20174,
            "year": 2017,
            "quarter": 4,
            "eps": 0.96,
            "eps_growth_year": 21.88,
            "eps_4q": 5.29,
            "eps_4q_growth_year": 11.77,
            "roe": 2.05,
            "roe_4q": 11.879999999999999,
            "gross_profit": null,
            "gross_margin": null,
            "gross_margin_4q_avg": 0,
            "net_income": 9828315,
            "revenue": 88029200,
            "common_shares": 102336040,
            "book_valuer_per_share": 45.08,
            "book_valuer_per_share_4q_avg": 42.54,
            "equity": 488771348,
            "current_ratio": null,
            "debt_ratio": 92.94,
            "inventory_turnover_ratio": null,
            "account_receivable_turnover_ratio": null,
            "reinvestment_rate": 18.98,
            "research_to_sale_ratio": null,
            "price_fair": 191.71,
            "eps_avg_yearly": 5.48,
            "eps_latest_yearly": 3.84,
            "eps_growth_yearly": 131.41
        },
        "20181": {
            "year_quarter": 20181,
            "year": 2018,
            "quarter": 1,
            "eps": 1.61,
            "eps_growth_year": 65.98,
            "eps_4q": 5.93,
            "eps_4q_growth_year": 22.56,
            "roe": 3.24,
            "roe_4q": 12.84,
            "gross_profit": null,
            "gross_margin": null,
            "gross_margin_4q_avg": 0,
            "net_income": 16444269,
            "revenue": 112118685,
            "common_shares": 102336040,
            "book_valuer_per_share": 45.69,
            "book_valuer_per_share_4q_avg": 43.89,
            "equity": 525765472,
            "current_ratio": null,
            "debt_ratio": 92.46,
            "inventory_turnover_ratio": null,
            "account_receivable_turnover_ratio": null,
            "reinvestment_rate": 14.81,
            "research_to_sale_ratio": null,
            "price_fair": 193.99,
            "eps_avg_yearly": 5.54,
            "eps_latest_yearly": 6.44,
            "eps_growth_yearly": 114.13
        },
        "20182": {
            "year_quarter": 20182,
            "year": 2018,
            "quarter": 2,
            "eps": 1.3,
            "eps_growth_year": 71.05,
            "eps_4q": 6.51,
            "eps_4q_growth_year": 53.59,
            "roe": 2.86,
            "roe_4q": 13.709999999999997,
            "gross_profit": null,
            "gross_margin": null,
            "gross_margin_4q_avg": 0,
            "net_income": 14763428,
            "revenue": 95763401,
            "common_shares": 102336040,
            "book_valuer_per_share": 43.96,
            "book_valuer_per_share_4q_avg": 44.56,
            "equity": 505903104,
            "current_ratio": null,
            "debt_ratio": 92.96,
            "inventory_turnover_ratio": null,
            "account_receivable_turnover_ratio": null,
            "reinvestment_rate": 16.41,
            "research_to_sale_ratio": null,
            "price_fair": 193.81,
            "eps_avg_yearly": 5.54,
            "eps_latest_yearly": 5.2,
            "eps_growth_yearly": 109.87
        },
        "20183": {
            "year_quarter": 20183,
            "year": 2018,
            "quarter": 3,
            "eps": 1.86,
            "eps_growth_year": -25.6,
            "eps_4q": 5.88,
            "eps_4q_growth_year": 14.95,
            "roe": 3.7,
            "roe_4q": 11.850000000000001,
            "gross_profit": null,
            "gross_margin": null,
            "gross_margin_4q_avg": 0,
            "net_income": 19075927,
            "revenue": 121243805,
            "common_shares": 102336040,
            "book_valuer_per_share": 44.8,
            "book_valuer_per_share_4q_avg": 44.88,
            "equity": 524032913,
            "current_ratio": null,
            "debt_ratio": 93.08,
            "inventory_turnover_ratio": null,
            "account_receivable_turnover_ratio": null,
            "reinvestment_rate": 16.1,
            "research_to_sale_ratio": null,
            "price_fair": 188.56,
            "eps_avg_yearly": 5.39,
            "eps_latest_yearly": 7.44,
            "eps_growth_yearly": 99.05
        },
        "20184": {
            "year_quarter": 20184,
            "year": 2018,
            "quarter": 4,
            "eps": -0.25,
            "eps_growth_year": -126.29,
            "eps_4q": 4.66,
            "eps_4q_growth_year": -11.81,
            "roe": -0.52,
            "roe_4q": 9.280000000000001,
            "gross_profit": null,
            "gross_margin": null,
            "gross_margin_4q_avg": 0,
            "net_income": -2562602,
            "revenue": 81807366,
            "common_shares": 102336040,
            "book_valuer_per_share": 39.93,
            "book_valuer_per_share_4q_avg": 43.6,
            "equity": 468825976,
            "current_ratio": null,
            "debt_ratio": 93.92,
            "inventory_turnover_ratio": null,
            "account_receivable_turnover_ratio": null,
            "reinvestment_rate": 17.35,
            "research_to_sale_ratio": null,
            "price_fair": 195.07,
            "eps_avg_yearly": 5.57,
            "eps_latest_yearly": 7.44,
            "eps_growth_yearly": 125.28
        },
        "20191": {
            "year_quarter": 20191,
            "year": 2019,
            "quarter": 1,
            "eps": 1.22,
            "eps_growth_year": -24.22,
            "eps_4q": 4.28,
            "eps_4q_growth_year": -27.88,
            "roe": 2.47,
            "roe_4q": 8.51,
            "gross_profit": null,
            "gross_margin": null,
            "gross_margin_4q_avg": 0,
            "net_income": 12569019,
            "revenue": 109744961,
            "common_shares": 102336040,
            "book_valuer_per_share": 46.76,
            "book_valuer_per_share_4q_avg": 43.86,
            "equity": 548275079,
            "current_ratio": null,
            "debt_ratio": 93.01,
            "inventory_turnover_ratio": null,
            "account_receivable_turnover_ratio": null,
            "reinvestment_rate": 18.13,
            "research_to_sale_ratio": null,
            "price_fair": 189.4,
            "eps_avg_yearly": 5.41,
            "eps_latest_yearly": 7.44,
            "eps_growth_yearly": 76.64
        },
        "20192": {
            "year_quarter": 20192,
            "year": 2019,
            "quarter": 2,
            "eps": 1.48,
            "eps_growth_year": 13.85,
            "eps_4q": 4.32,
            "eps_4q_growth_year": -33.73,
            "roe": 2.73,
            "roe_4q": 8.379999999999999,
            "gross_profit": null,
            "gross_margin": null,
            "gross_margin_4q_avg": 0,
            "net_income": 15203002,
            "revenue": 84562166,
            "common_shares": 102336040,
            "book_valuer_per_share": 48.18,
            "book_valuer_per_share_4q_avg": 44.92,
            "equity": 565457788,
            "current_ratio": null,
            "debt_ratio": 93.04,
            "inventory_turnover_ratio": null,
            "account_receivable_turnover_ratio": null,
            "reinvestment_rate": 13.43,
            "research_to_sale_ratio": null,
            "price_fair": 182.7,
            "eps_avg_yearly": 5.22,
            "eps_latest_yearly": 5.92,
            "eps_growth_yearly": 79.96
        },
        "20193": {
            "year_quarter": 20193,
            "year": 2019,
            "quarter": 3,
            "eps": 2.29,
            "eps_growth_year": 23.12,
            "eps_4q": 4.99,
            "eps_4q_growth_year": -15.06,
            "roe": 4.53,
            "roe_4q": 9.21,
            "gross_profit": null,
            "gross_margin": null,
            "gross_margin_4q_avg": 0,
            "net_income": 26258913,
            "revenue": 148040049,
            "common_shares": 102336040,
            "book_valuer_per_share": 50.59,
            "book_valuer_per_share_4q_avg": 46.37,
            "equity": 593613420,
            "current_ratio": null,
            "debt_ratio": 92.8,
            "inventory_turnover_ratio": null,
            "account_receivable_turnover_ratio": null,
            "reinvestment_rate": 11.22,
            "research_to_sale_ratio": null,
            "price_fair": 189.9,
            "eps_avg_yearly": 5.43,
            "eps_latest_yearly": 9.16,
            "eps_growth_yearly": 103.31
        },
        "20194": {
            "year_quarter": 20194,
            "year": 2019,
            "quarter": 4,
            "eps": 0.47,
            "eps_growth_year": null,
            "eps_4q": 5.72,
            "eps_4q_growth_year": 22.56,
            "roe": 0.91,
            "roe_4q": 10.64,
            "gross_profit": null,
            "gross_margin": null,
            "gross_margin_4q_avg": 0,
            "net_income": 5541953,
            "revenue": 105645246,
            "common_shares": 102336040,
            "book_valuer_per_share": 52.85,
            "book_valuer_per_share_4q_avg": 49.6,
            "equity": 619686285,
            "current_ratio": null,
            "debt_ratio": 92.75,
            "inventory_turnover_ratio": null,
            "account_receivable_turnover_ratio": null,
            "reinvestment_rate": 3.21,
            "research_to_sale_ratio": null,
            "price_fair": 189.3,
            "eps_avg_yearly": 5.41,
            "eps_latest_yearly": 1.88,
            "eps_growth_yearly": 99.52
        },
        "20201": {
            "year_quarter": 20201,
            "year": 2020,
            "quarter": 1,
            "eps": 2.24,
            "eps_growth_year": 83.61,
            "eps_4q": 6.74,
            "eps_4q_growth_year": 57.52,
            "roe": 4.09,
            "roe_4q": 12.260000000000002,
            "gross_profit": null,
            "gross_margin": null,
            "gross_margin_4q_avg": 0,
            "net_income": 23173058,
            "revenue": 133267132,
            "common_shares": 102336040,
            "book_valuer_per_share": 43.77,
            "book_valuer_per_share_4q_avg": 48.85,
            "equity": 514624678,
            "current_ratio": null,
            "debt_ratio": 94,
            "inventory_turnover_ratio": null,
            "account_receivable_turnover_ratio": null,
            "reinvestment_rate": 4.07,
            "research_to_sale_ratio": null,
            "price_fair": 203.1,
            "eps_avg_yearly": 5.8,
            "eps_latest_yearly": 8.96,
            "eps_growth_yearly": 189.33
        },
        "20202": {
            "year_quarter": 20202,
            "year": 2020,
            "quarter": 2,
            "eps": 1.12,
            "eps_growth_year": -24.32,
            "eps_4q": 6.66,
            "eps_4q_growth_year": 54.19,
            "roe": 2.55,
            "roe_4q": 12.08,
            "gross_profit": null,
            "gross_margin": null,
            "gross_margin_4q_avg": 0,
            "net_income": 14290938,
            "revenue": 111492441,
            "common_shares": 102336040,
            "book_valuer_per_share": 51.82,
            "book_valuer_per_share_4q_avg": 49.76,
            "equity": 608160098,
            "current_ratio": null,
            "debt_ratio": 93.13,
            "inventory_turnover_ratio": null,
            "account_receivable_turnover_ratio": null,
            "reinvestment_rate": 4.15,
            "research_to_sale_ratio": null,
            "price_fair": 199.7,
            "eps_avg_yearly": 5.71,
            "eps_latest_yearly": 4.48,
            "eps_growth_yearly": 155.11
        },
        "20203": {
            "year_quarter": 20203,
            "year": 2020,
            "quarter": 3,
            "eps": 3.02,
            "eps_growth_year": 31.88,
            "eps_4q": 7.13,
            "eps_4q_growth_year": 42.82,
            "roe": 4.84,
            "roe_4q": 12.39,
            "gross_profit": null,
            "gross_margin": null,
            "gross_margin_4q_avg": 0,
            "net_income": 30990033,
            "revenue": 125323772,
            "common_shares": 102336040,
            "book_valuer_per_share": 57.32,
            "book_valuer_per_share_4q_avg": 51.44,
            "equity": 672081514,
            "current_ratio": null,
            "debt_ratio": 92.5,
            "inventory_turnover_ratio": null,
            "account_receivable_turnover_ratio": null,
            "reinvestment_rate": 2.82,
            "research_to_sale_ratio": null,
            "price_fair": 213.7,
            "eps_avg_yearly": 6.11,
            "eps_latest_yearly": 12.08,
            "eps_growth_yearly": 200.45
        },
        "20204": {
            "year_quarter": 20204,
            "year": 2020,
            "quarter": 4,
            "eps": 2.16,
            "eps_growth_year": 360.46,
            "eps_4q": 8.82,
            "eps_4q_growth_year": 54.32,
            "roe": 3.11,
            "roe_4q": 14.59,
            "gross_profit": null,
            "gross_margin": null,
            "gross_margin_4q_avg": 0,
            "net_income": 22517648,
            "revenue": 106422740,
            "common_shares": 102336040,
            "book_valuer_per_share": 66.33,
            "book_valuer_per_share_4q_avg": 54.81,
            "equity": 776782796,
            "current_ratio": null,
            "debt_ratio": 91.6,
            "inventory_turnover_ratio": null,
            "account_receivable_turnover_ratio": null,
            "reinvestment_rate": 4.59,
            "research_to_sale_ratio": null,
            "price_fair": 227.4,
            "eps_avg_yearly": 6.5,
            "eps_latest_yearly": 8.64,
            "eps_growth_yearly": 206.95
        },
        "20211": {
            "year_quarter": 20211,
            "year": 2021,
            "quarter": 1,
            "eps": 4.94,
            "eps_growth_year": 120.54,
            "eps_4q": 11.54,
            "eps_4q_growth_year": 71.29,
            "roe": 6.31,
            "roe_4q": 16.81,
            "gross_profit": null,
            "gross_margin": null,
            "gross_margin_4q_avg": 0,
            "net_income": 51336398,
            "revenue": 147324317,
            "common_shares": 102336040,
            "book_valuer_per_share": 71.09,
            "book_valuer_per_share_4q_avg": 61.64,
            "equity": 851081166,
            "current_ratio": null,
            "debt_ratio": 91.22,
            "inventory_turnover_ratio": null,
            "account_receivable_turnover_ratio": null,
            "reinvestment_rate": 5.96,
            "research_to_sale_ratio": null,
            "price_fair": 267.1,
            "eps_avg_yearly": 7.63,
            "eps_latest_yearly": 19.76,
            "eps_growth_yearly": 237.22
        },
        "20212": {
            "year_quarter": 20212,
            "year": 2021,
            "quarter": 2,
            "eps": 3.34,
            "eps_growth_year": 198.21,
            "eps_4q": 12.51,
            "eps_4q_growth_year": 88.01,
            "roe": 4.39,
            "roe_4q": 18.65,
            "gross_profit": null,
            "gross_margin": null,
            "gross_margin_4q_avg": 0,
            "net_income": 37871423,
            "revenue": 121874173,
            "common_shares": 102336040,
            "book_valuer_per_share": 73.35,
            "book_valuer_per_share_4q_avg": 67.02,
            "equity": 875668667,
            "current_ratio": null,
            "debt_ratio": 91.24,
            "inventory_turnover_ratio": null,
            "account_receivable_turnover_ratio": null,
            "reinvestment_rate": 5.24,
            "research_to_sale_ratio": null,
            "price_fair": 292.9,
            "eps_avg_yearly": 8.37,
            "eps_latest_yearly": 13.36,
            "eps_growth_yearly": 234.15
        },
        "20213": {
            "year_quarter": 20213,
            "year": 2021,
            "quarter": 3,
            "eps": 3.79,
            "eps_growth_year": 25.5,
            "eps_4q": 13.29,
            "eps_4q_growth_year": 86.25,
            "roe": 4.95,
            "roe_4q": 18.759999999999998,
            "gross_profit": null,
            "gross_margin": null,
            "gross_margin_4q_avg": 0,
            "net_income": 43361384,
            "revenue": 110037230,
            "common_shares": 112569644,
            "book_valuer_per_share": 67.3,
            "book_valuer_per_share_4q_avg": 69.52,
            "equity": 875800081,
            "current_ratio": null,
            "debt_ratio": 91.38,
            "inventory_turnover_ratio": null,
            "account_receivable_turnover_ratio": null,
            "reinvestment_rate": 5.08,
            "research_to_sale_ratio": null,
            "price_fair": 305.8,
            "eps_avg_yearly": 8.74,
            "eps_latest_yearly": 15.16,
            "eps_growth_yearly": 172.58
        },
        "20214": {
            "year_quarter": 20214,
            "year": 2021,
            "quarter": 4,
            "eps": 1.22,
            "eps_growth_year": -43.63,
            "eps_4q": 12.25,
            "eps_4q_growth_year": 38.82,
            "roe": 1.58,
            "roe_4q": 17.23,
            "gross_profit": null,
            "gross_margin": null,
            "gross_margin_4q_avg": 0,
            "net_income": 14665727,
            "revenue": 106596457,
            "common_shares": 118049644,
            "book_valuer_per_share": 70.84,
            "book_valuer_per_share_4q_avg": 70.65,
            "equity": 983842497,
            "current_ratio": null,
            "debt_ratio": 90.63,
            "inventory_turnover_ratio": null,
            "account_receivable_turnover_ratio": null,
            "reinvestment_rate": 5.7,
            "research_to_sale_ratio": null,
            "price_fair": 308.4,
            "eps_avg_yearly": 8.81,
            "eps_latest_yearly": 4.88,
            "eps_growth_yearly": 170.81
        },
        "20221": {
            "year_quarter": 20221,
            "year": 2022,
            "quarter": 1,
            "eps": 3.94,
            "eps_growth_year": -20.24,
            "eps_4q": 11.9,
            "eps_4q_growth_year": 3.1,
            "roe": 5,
            "roe_4q": 15.920000000000002,
            "gross_profit": null,
            "gross_margin": null,
            "gross_margin_4q_avg": 0,
            "net_income": 46980624,
            "revenue": 134095059,
            "common_shares": 118049644,
            "book_valuer_per_share": 64.3,
            "book_valuer_per_share_4q_avg": 68.95,
            "equity": 894015929,
            "current_ratio": null,
            "debt_ratio": 91.55,
            "inventory_turnover_ratio": null,
            "account_receivable_turnover_ratio": null,
            "reinvestment_rate": 7.89,
            "research_to_sale_ratio": null,
            "price_fair": 331.7,
            "eps_avg_yearly": 9.48,
            "eps_latest_yearly": 15.76,
            "eps_growth_yearly": 215.17
        },
        "20222": {
            "year_quarter": 20222,
            "year": 2022,
            "quarter": 2,
            "eps": 1.69,
            "eps_growth_year": -49.4,
            "eps_4q": 10.19,
            "eps_4q_growth_year": -18.53,
            "roe": 3.03,
            "roe_4q": 14.559999999999999,
            "gross_profit": null,
            "gross_margin": null,
            "gross_margin_4q_avg": 0,
            "net_income": 23303114,
            "revenue": 92045129,
            "common_shares": 118049644,
            "book_valuer_per_share": 46.76,
            "book_valuer_per_share_4q_avg": 62.3,
            "equity": 646236274,
            "current_ratio": null,
            "debt_ratio": 93.83,
            "inventory_turnover_ratio": null,
            "account_receivable_turnover_ratio": null,
            "reinvestment_rate": 9.22,
            "research_to_sale_ratio": null,
            "price_fair": 335.6,
            "eps_avg_yearly": 9.59,
            "eps_latest_yearly": 6.76,
            "eps_growth_yearly": 204.35
        },
        "20223": {
            "year_quarter": 20223,
            "year": 2022,
            "quarter": 3,
            "eps": 1.15,
            "eps_growth_year": -69.66,
            "eps_4q": 7.91,
            "eps_4q_growth_year": -40.45,
            "roe": 2.41,
            "roe_4q": 12.02,
            "gross_profit": null,
            "gross_margin": null,
            "gross_margin_4q_avg": 0,
            "net_income": 14722512,
            "revenue": 64455942,
            "common_shares": 123952126,
            "book_valuer_per_share": 39.45,
            "book_valuer_per_share_4q_avg": 55.34,
            "equity": 573126710,
            "current_ratio": null,
            "debt_ratio": 94.65,
            "inventory_turnover_ratio": null,
            "account_receivable_turnover_ratio": null,
            "reinvestment_rate": 9.45,
            "research_to_sale_ratio": null,
            "price_fair": 328.5,
            "eps_avg_yearly": 9.39,
            "eps_latest_yearly": 4.6,
            "eps_growth_yearly": 182.91
        },
        "20224": {
            "year_quarter": 20224,
            "year": 2022,
            "quarter": 4,
            "eps": -2.97,
            "eps_growth_year": -344.18,
            "eps_4q": 3.79,
            "eps_4q_growth_year": -69.08,
            "roe": -6.48,
            "roe_4q": 3.9599999999999995,
            "gross_profit": null,
            "gross_margin": null,
            "gross_margin_4q_avg": 0,
            "net_income": -37141758,
            "revenue": -31137831,
            "common_shares": 123952126,
            "book_valuer_per_share": 40.42,
            "book_valuer_per_share_4q_avg": 47.73,
            "equity": 573609207,
            "current_ratio": null,
            "debt_ratio": 94.58,
            "inventory_turnover_ratio": null,
            "account_receivable_turnover_ratio": null,
            "reinvestment_rate": 10.7,
            "research_to_sale_ratio": null,
            "price_fair": 328.5,
            "eps_avg_yearly": 9.39,
            "eps_latest_yearly": 4.6,
            "eps_growth_yearly": 182.91
        },
        "20231": {
            "year_quarter": 20231,
            "year": 2023,
            "quarter": 1,
            "eps": 1.13,
            "eps_growth_year": -71.32,
            "eps_4q": 1.16,
            "eps_4q_growth_year": -90.22,
            "roe": 2.14,
            "roe_4q": 1.1,
            "gross_profit": null,
            "gross_margin": null,
            "gross_margin_4q_avg": 0,
            "net_income": 13872790,
            "revenue": 32038301,
            "common_shares": 123952126,
            "book_valuer_per_share": 50.95,
            "book_valuer_per_share_4q_avg": 44.4,
            "equity": 722189743,
            "current_ratio": null,
            "debt_ratio": 93.21,
            "inventory_turnover_ratio": null,
            "account_receivable_turnover_ratio": null,
            "reinvestment_rate": 10.36,
            "research_to_sale_ratio": null,
            "price_fair": 328.5,
            "eps_avg_yearly": 9.39,
            "eps_latest_yearly": 4.6,
            "eps_growth_yearly": 182.91
        }
    },
    "months": {
        "2001-12": {
            "month": "2001-12",
            "price": "31.17",
            "revenue": 668448
        },
        "2002-01": {
            "month": "2002-01",
            "price": "34.35",
            "revenue": 1113689
        },
        "2002-02": {
            "month": "2002-02",
            "price": "34.36",
            "revenue": 568871
        },
        "2002-03": {
            "month": "2002-03",
            "price": "33.78",
            "revenue": 410951
        },
        "2002-04": {
            "month": "2002-04",
            "price": "35.05",
            "revenue": 478639
        },
        "2002-05": {
            "month": "2002-05",
            "price": "34.14",
            "revenue": 786420
        },
        "2002-06": {
            "month": "2002-06",
            "price": "33.50",
            "revenue": 2239577
        },
        "2002-07": {
            "month": "2002-07",
            "price": "32.24",
            "revenue": 593958
        },
        "2002-08": {
            "month": "2002-08",
            "price": "31.63",
            "revenue": 573646
        },
        "2002-09": {
            "month": "2002-09",
            "price": "29.68",
            "revenue": 3225193
        },
        "2002-10": {
            "month": "2002-10",
            "price": "29.47",
            "revenue": 195931
        },
        "2002-11": {
            "month": "2002-11",
            "price": "28.84",
            "revenue": 732799
        },
        "2002-12": {
            "month": "2002-12",
            "price": "27.77",
            "revenue": -248815
        },
        "2003-01": {
            "month": "2003-01",
            "price": "29.14",
            "revenue": 2222124
        },
        "2003-02": {
            "month": "2003-02",
            "price": "27.98",
            "revenue": 579657
        },
        "2003-03": {
            "month": "2003-03",
            "price": "26.63",
            "revenue": 1021606
        },
        "2003-04": {
            "month": "2003-04",
            "price": "26.37",
            "revenue": 1067527
        },
        "2003-05": {
            "month": "2003-05",
            "price": "25.62",
            "revenue": 2212618
        },
        "2003-06": {
            "month": "2003-06",
            "price": "27.82",
            "revenue": 2499351
        },
        "2003-07": {
            "month": "2003-07",
            "price": "27.57",
            "revenue": 1757822
        },
        "2003-08": {
            "month": "2003-08",
            "price": "27.32",
            "revenue": 1386192
        },
        "2003-09": {
            "month": "2003-09",
            "price": "31.51",
            "revenue": 1027332
        },
        "2003-10": {
            "month": "2003-10",
            "price": "34.99",
            "revenue": 1249788
        },
        "2003-11": {
            "month": "2003-11",
            "price": "32.93",
            "revenue": 880312
        },
        "2003-12": {
            "month": "2003-12",
            "price": "32.36",
            "revenue": 429377
        },
        "2004-01": {
            "month": "2004-01",
            "price": "33.04",
            "revenue": 1202781
        },
        "2004-02": {
            "month": "2004-02",
            "price": "33.39",
            "revenue": 1389428
        },
        "2004-03": {
            "month": "2004-03",
            "price": "35.00",
            "revenue": 1767772
        },
        "2004-04": {
            "month": "2004-04",
            "price": "34.08",
            "revenue": 1977370
        },
        "2004-05": {
            "month": "2004-05",
            "price": "31.46",
            "revenue": 997052
        },
        "2004-06": {
            "month": "2004-06",
            "price": "31.12",
            "revenue": 921760
        },
        "2004-07": {
            "month": "2004-07",
            "price": "28.95",
            "revenue": 2283643
        },
        "2004-08": {
            "month": "2004-08",
            "price": "28.56",
            "revenue": 870606
        },
        "2004-09": {
            "month": "2004-09",
            "price": "30.93",
            "revenue": 1056542
        },
        "2004-10": {
            "month": "2004-10",
            "price": "31.72",
            "revenue": 951837
        },
        "2004-11": {
            "month": "2004-11",
            "price": "32.88",
            "revenue": 704390
        },
        "2004-12": {
            "month": "2004-12",
            "price": "32.42",
            "revenue": 649938
        },
        "2005-01": {
            "month": "2005-01",
            "price": "31.80",
            "revenue": 1264556
        },
        "2005-02": {
            "month": "2005-02",
            "price": "32.05",
            "revenue": 971256
        },
        "2005-03": {
            "month": "2005-03",
            "price": "31.23",
            "revenue": 1935334
        },
        "2005-04": {
            "month": "2005-04",
            "price": "29.00",
            "revenue": 938547
        },
        "2005-05": {
            "month": "2005-05",
            "price": "29.64",
            "revenue": 864739
        },
        "2005-06": {
            "month": "2005-06",
            "price": "31.10",
            "revenue": 1005556
        },
        "2005-07": {
            "month": "2005-07",
            "price": "31.13",
            "revenue": 2254368
        },
        "2005-08": {
            "month": "2005-08",
            "price": "30.96",
            "revenue": 2364872
        },
        "2005-09": {
            "month": "2005-09",
            "price": "29.19",
            "revenue": 1134324
        },
        "2005-10": {
            "month": "2005-10",
            "price": "29.14",
            "revenue": 698798
        },
        "2005-11": {
            "month": "2005-11",
            "price": "27.93",
            "revenue": 1110631
        },
        "2005-12": {
            "month": "2005-12",
            "price": "27.76",
            "revenue": 403975
        },
        "2006-01": {
            "month": "2006-01",
            "price": "28.18",
            "revenue": 1386821
        },
        "2006-02": {
            "month": "2006-02",
            "price": "28.94",
            "revenue": 655980
        },
        "2006-03": {
            "month": "2006-03",
            "price": "27.40",
            "revenue": 1308549
        },
        "2006-04": {
            "month": "2006-04",
            "price": "29.16",
            "revenue": 697832
        },
        "2006-05": {
            "month": "2006-05",
            "price": "29.83",
            "revenue": 44608
        },
        "2006-06": {
            "month": "2006-06",
            "price": "27.75",
            "revenue": 111901
        },
        "2006-07": {
            "month": "2006-07",
            "price": "26.59",
            "revenue": 945135
        },
        "2006-08": {
            "month": "2006-08",
            "price": "25.32",
            "revenue": 378378
        },
        "2006-09": {
            "month": "2006-09",
            "price": "26.48",
            "revenue": 123896
        },
        "2006-10": {
            "month": "2006-10",
            "price": "27.65",
            "revenue": 1753906
        },
        "2006-11": {
            "month": "2006-11",
            "price": "28.96",
            "revenue": 861142
        },
        "2006-12": {
            "month": "2006-12",
            "price": "30.10",
            "revenue": 706104
        },
        "2007-01": {
            "month": "2007-01",
            "price": "29.87",
            "revenue": 821473
        },
        "2007-02": {
            "month": "2007-02",
            "price": "30.91",
            "revenue": 475002
        },
        "2007-03": {
            "month": "2007-03",
            "price": "29.17",
            "revenue": 2205347
        },
        "2007-04": {
            "month": "2007-04",
            "price": "30.18",
            "revenue": 1360478
        },
        "2007-05": {
            "month": "2007-05",
            "price": "29.13",
            "revenue": 780884
        },
        "2007-06": {
            "month": "2007-06",
            "price": "29.27",
            "revenue": 3615602
        },
        "2007-07": {
            "month": "2007-07",
            "price": "32.33",
            "revenue": 3405976
        },
        "2007-08": {
            "month": "2007-08",
            "price": "27.96",
            "revenue": 1179073
        },
        "2007-09": {
            "month": "2007-09",
            "price": "28.55",
            "revenue": 1249442
        },
        "2007-10": {
            "month": "2007-10",
            "price": "30.38",
            "revenue": 1607885
        },
        "2007-11": {
            "month": "2007-11",
            "price": "29.37",
            "revenue": 42214
        },
        "2007-12": {
            "month": "2007-12",
            "price": "27.86",
            "revenue": -2207388
        },
        "2008-01": {
            "month": "2008-01",
            "price": "32.13",
            "revenue": 300537
        },
        "2008-02": {
            "month": "2008-02",
            "price": "34.42",
            "revenue": 967944
        },
        "2008-03": {
            "month": "2008-03",
            "price": "34.22",
            "revenue": 2151235
        },
        "2008-04": {
            "month": "2008-04",
            "price": "34.95",
            "revenue": 1600665
        },
        "2008-05": {
            "month": "2008-05",
            "price": "34.90",
            "revenue": 1340564
        },
        "2008-06": {
            "month": "2008-06",
            "price": "33.02",
            "revenue": 1045941
        },
        "2008-07": {
            "month": "2008-07",
            "price": "27.51",
            "revenue": 2125529
        },
        "2008-08": {
            "month": "2008-08",
            "price": "27.43",
            "revenue": 1031465
        },
        "2008-09": {
            "month": "2008-09",
            "price": "24.86",
            "revenue": -445198
        },
        "2008-10": {
            "month": "2008-10",
            "price": "19.26",
            "revenue": 921615
        },
        "2008-11": {
            "month": "2008-11",
            "price": "19.80",
            "revenue": 467612
        },
        "2008-12": {
            "month": "2008-12",
            "price": "21.77",
            "revenue": -186315
        },
        "2009-01": {
            "month": "2009-01",
            "price": "21.57",
            "revenue": 823668
        },
        "2009-02": {
            "month": "2009-02",
            "price": "20.20",
            "revenue": 1709530
        },
        "2009-03": {
            "month": "2009-03",
            "price": "18.81",
            "revenue": -51578
        },
        "2009-04": {
            "month": "2009-04",
            "price": "24.91",
            "revenue": 1574785
        },
        "2009-05": {
            "month": "2009-05",
            "price": "30.45",
            "revenue": 2802553
        },
        "2009-06": {
            "month": "2009-06",
            "price": "30.35",
            "revenue": 2286045
        },
        "2009-07": {
            "month": "2009-07",
            "price": "32.89",
            "revenue": 4564336
        },
        "2009-08": {
            "month": "2009-08",
            "price": "31.70",
            "revenue": -1004045
        },
        "2009-09": {
            "month": "2009-09",
            "price": "34.36",
            "revenue": 1970911
        },
        "2009-10": {
            "month": "2009-10",
            "price": "38.56",
            "revenue": 2533483
        },
        "2009-11": {
            "month": "2009-11",
            "price": "38.13",
            "revenue": 1885075
        },
        "2009-12": {
            "month": "2009-12",
            "price": "37.76",
            "revenue": 604812
        },
        "2010-01": {
            "month": "2010-01",
            "price": "38.65",
            "revenue": 2719016
        },
        "2010-02": {
            "month": "2010-02",
            "price": "34.88",
            "revenue": 2126111
        },
        "2010-03": {
            "month": "2010-03",
            "price": "38.02",
            "revenue": 1690014
        },
        "2010-04": {
            "month": "2010-04",
            "price": "38.27",
            "revenue": 1329606
        },
        "2010-05": {
            "month": "2010-05",
            "price": "37.33",
            "revenue": 1861913
        },
        "2010-06": {
            "month": "2010-06",
            "price": "36.56",
            "revenue": 1532515
        },
        "2010-07": {
            "month": "2010-07",
            "price": "38.28",
            "revenue": 5394360
        },
        "2010-08": {
            "month": "2010-08",
            "price": "38.33",
            "revenue": 3291560
        },
        "2010-09": {
            "month": "2010-09",
            "price": "38.47",
            "revenue": 1398274
        },
        "2010-10": {
            "month": "2010-10",
            "price": "37.94",
            "revenue": 2054528
        },
        "2010-11": {
            "month": "2010-11",
            "price": "37.75",
            "revenue": 1414789
        },
        "2010-12": {
            "month": "2010-12",
            "price": "38.07",
            "revenue": -2253772
        },
        "2011-01": {
            "month": "2011-01",
            "price": "40.04",
            "revenue": 5269504
        },
        "2011-02": {
            "month": "2011-02",
            "price": "38.38",
            "revenue": 3515123
        },
        "2011-03": {
            "month": "2011-03",
            "price": "37.98",
            "revenue": 1747370
        },
        "2011-04": {
            "month": "2011-04",
            "price": "40.10",
            "revenue": 1484925
        },
        "2011-05": {
            "month": "2011-05",
            "price": "41.51",
            "revenue": 2070570
        },
        "2011-06": {
            "month": "2011-06",
            "price": "42.30",
            "revenue": 4193312
        },
        "2011-07": {
            "month": "2011-07",
            "price": "46.45",
            "revenue": 12884422
        },
        "2011-08": {
            "month": "2011-08",
            "price": "43.26",
            "revenue": -342829
        },
        "2011-09": {
            "month": "2011-09",
            "price": "35.98",
            "revenue": 1753837
        },
        "2011-10": {
            "month": "2011-10",
            "price": "32.98",
            "revenue": 1444034
        },
        "2011-11": {
            "month": "2011-11",
            "price": "32.05",
            "revenue": 212274
        },
        "2011-12": {
            "month": "2011-12",
            "price": "31.06",
            "revenue": -2127550
        },
        "2012-01": {
            "month": "2012-01",
            "price": "31.99",
            "revenue": 2241591
        },
        "2012-02": {
            "month": "2012-02",
            "price": "34.48",
            "revenue": 2763941
        },
        "2012-03": {
            "month": "2012-03",
            "price": "33.83",
            "revenue": 1735237
        },
        "2012-04": {
            "month": "2012-04",
            "price": "31.58",
            "revenue": 1712350
        },
        "2012-05": {
            "month": "2012-05",
            "price": "29.61",
            "revenue": 1698574
        },
        "2012-06": {
            "month": "2012-06",
            "price": "29.02",
            "revenue": 1463194
        },
        "2012-07": {
            "month": "2012-07",
            "price": "30.72",
            "revenue": 7193995
        },
        "2012-08": {
            "month": "2012-08",
            "price": "30.63",
            "revenue": 2257563
        },
        "2012-09": {
            "month": "2012-09",
            "price": "30.94",
            "revenue": 2958798
        },
        "2012-10": {
            "month": "2012-10",
            "price": "31.58",
            "revenue": 1807413
        },
        "2012-11": {
            "month": "2012-11",
            "price": "31.42",
            "revenue": 1928447
        },
        "2012-12": {
            "month": "2012-12",
            "price": "33.73",
            "revenue": 2260619
        },
        "2013-01": {
            "month": "2013-01",
            "price": "36.23",
            "revenue": 38653335
        },
        "2013-02": {
            "month": "2013-02",
            "price": "39.49",
            "revenue": 20856458
        },
        "2013-03": {
            "month": "2013-03",
            "price": "41.92",
            "revenue": 26526229
        },
        "2013-04": {
            "month": "2013-04",
            "price": "41.18",
            "revenue": 28148868
        },
        "2013-05": {
            "month": "2013-05",
            "price": "41.26",
            "revenue": 31908198
        },
        "2013-06": {
            "month": "2013-06",
            "price": "39.50",
            "revenue": 33213653
        },
        "2013-07": {
            "month": "2013-07",
            "price": "39.85",
            "revenue": 45297962
        },
        "2013-08": {
            "month": "2013-08",
            "price": "40.93",
            "revenue": 29312576
        },
        "2013-09": {
            "month": "2013-09",
            "price": "41.12",
            "revenue": 27056790
        },
        "2013-10": {
            "month": "2013-10",
            "price": "42.45",
            "revenue": 26939794
        },
        "2013-11": {
            "month": "2013-11",
            "price": "41.41",
            "revenue": 26040499
        },
        "2013-12": {
            "month": "2013-12",
            "price": "42.27",
            "revenue": 40256079
        },
        "2014-01": {
            "month": "2014-01",
            "price": "43.11",
            "revenue": 43570995
        },
        "2014-02": {
            "month": "2014-02",
            "price": "42.35",
            "revenue": 22054989
        },
        "2014-03": {
            "month": "2014-03",
            "price": "41.39",
            "revenue": 31631183
        },
        "2014-04": {
            "month": "2014-04",
            "price": "41.01",
            "revenue": 25492934
        },
        "2014-05": {
            "month": "2014-05",
            "price": "40.74",
            "revenue": 28515162
        },
        "2014-06": {
            "month": "2014-06",
            "price": "43.00",
            "revenue": 29564561
        },
        "2014-07": {
            "month": "2014-07",
            "price": "46.30",
            "revenue": 39291924
        },
        "2014-08": {
            "month": "2014-08",
            "price": "47.20",
            "revenue": 29181656
        },
        "2014-09": {
            "month": "2014-09",
            "price": "48.72",
            "revenue": 44888580
        },
        "2014-10": {
            "month": "2014-10",
            "price": "48.50",
            "revenue": 25935986
        },
        "2014-11": {
            "month": "2014-11",
            "price": "50.60",
            "revenue": 26898247
        },
        "2014-12": {
            "month": "2014-12",
            "price": "49.74",
            "revenue": 34768571
        },
        "2015-01": {
            "month": "2015-01",
            "price": "50.07",
            "revenue": 42934428
        },
        "2015-02": {
            "month": "2015-02",
            "price": "52.72",
            "revenue": 27268685
        },
        "2015-03": {
            "month": "2015-03",
            "price": "56.55",
            "revenue": 17730511
        },
        "2015-04": {
            "month": "2015-04",
            "price": "59.11",
            "revenue": 32564656
        },
        "2015-05": {
            "month": "2015-05",
            "price": "64.68",
            "revenue": 28890549
        },
        "2015-06": {
            "month": "2015-06",
            "price": "63.01",
            "revenue": 38837813
        },
        "2015-07": {
            "month": "2015-07",
            "price": "59.90",
            "revenue": 47776689
        },
        "2015-08": {
            "month": "2015-08",
            "price": "54.10",
            "revenue": 40839266
        },
        "2015-09": {
            "month": "2015-09",
            "price": "52.98",
            "revenue": 41734756
        },
        "2015-10": {
            "month": "2015-10",
            "price": "52.85",
            "revenue": 37492732
        },
        "2015-11": {
            "month": "2015-11",
            "price": "53.50",
            "revenue": 34998387
        },
        "2015-12": {
            "month": "2015-12",
            "price": "47.90",
            "revenue": 39200037
        },
        "2016-01": {
            "month": "2016-01",
            "price": "37.92",
            "revenue": 46104351
        },
        "2016-02": {
            "month": "2016-02",
            "price": "38.28",
            "revenue": 29538472
        },
        "2016-03": {
            "month": "2016-03",
            "price": "40.37",
            "revenue": 33191462
        },
        "2016-04": {
            "month": "2016-04",
            "price": "39.73",
            "revenue": 37946686
        },
        "2016-05": {
            "month": "2016-05",
            "price": "37.17",
            "revenue": 40411131
        },
        "2016-06": {
            "month": "2016-06",
            "price": "38.76",
            "revenue": 40609008
        },
        "2016-07": {
            "month": "2016-07",
            "price": "38.60",
            "revenue": 41473049
        },
        "2016-08": {
            "month": "2016-08",
            "price": "41.59",
            "revenue": 37627354
        },
        "2016-09": {
            "month": "2016-09",
            "price": "45.66",
            "revenue": 32841664
        },
        "2016-10": {
            "month": "2016-10",
            "price": "45.44",
            "revenue": 30988257
        },
        "2016-11": {
            "month": "2016-11",
            "price": "46.71",
            "revenue": 30683881
        },
        "2016-12": {
            "month": "2016-12",
            "price": "51.33",
            "revenue": 37217407
        },
        "2017-01": {
            "month": "2017-01",
            "price": "51.16",
            "revenue": 45313514
        },
        "2017-02": {
            "month": "2017-02",
            "price": "50.51",
            "revenue": 25533571
        },
        "2017-03": {
            "month": "2017-03",
            "price": "51.40",
            "revenue": 41887676
        },
        "2017-04": {
            "month": "2017-04",
            "price": "47.55",
            "revenue": 31531817
        },
        "2017-05": {
            "month": "2017-05",
            "price": "47.53",
            "revenue": 29511914
        },
        "2017-06": {
            "month": "2017-06",
            "price": "46.82",
            "revenue": 35249512
        },
        "2017-07": {
            "month": "2017-07",
            "price": "47.08",
            "revenue": 45511544
        },
        "2017-08": {
            "month": "2017-08",
            "price": "47.57",
            "revenue": 31527565
        },
        "2017-09": {
            "month": "2017-09",
            "price": "47.23",
            "revenue": 31981133
        },
        "2017-10": {
            "month": "2017-10",
            "price": "47.48",
            "revenue": 26758450
        },
        "2017-11": {
            "month": "2017-11",
            "price": "48.84",
            "revenue": 26710617
        },
        "2017-12": {
            "month": "2017-12",
            "price": "50.56",
            "revenue": 34411301
        },
        "2018-01": {
            "month": "2018-01",
            "price": "53.20",
            "revenue": 50454693
        },
        "2018-02": {
            "month": "2018-02",
            "price": "51.62",
            "revenue": 27248276
        },
        "2018-03": {
            "month": "2018-03",
            "price": "50.92",
            "revenue": 34473767
        },
        "2018-04": {
            "month": "2018-04",
            "price": "50.50",
            "revenue": 36125019
        },
        "2018-05": {
            "month": "2018-05",
            "price": "51.96",
            "revenue": 34783163
        },
        "2018-06": {
            "month": "2018-06",
            "price": "52.85",
            "revenue": 24911889
        },
        "2018-07": {
            "month": "2018-07",
            "price": "50.42",
            "revenue": 46317490
        },
        "2018-08": {
            "month": "2018-08",
            "price": "50.38",
            "revenue": 39587852
        },
        "2018-09": {
            "month": "2018-09",
            "price": "50.41",
            "revenue": 34829883
        },
        "2018-10": {
            "month": "2018-10",
            "price": "49.89",
            "revenue": 32645839
        },
        "2018-11": {
            "month": "2018-11",
            "price": "50.12",
            "revenue": 28599422
        },
        "2018-12": {
            "month": "2018-12",
            "price": "47.50",
            "revenue": 21552859
        },
        "2019-01": {
            "month": "2019-01",
            "price": "45.02",
            "revenue": 55879043
        },
        "2019-02": {
            "month": "2019-02",
            "price": "44.84",
            "revenue": 26113779
        },
        "2019-03": {
            "month": "2019-03",
            "price": "45.55",
            "revenue": 27271092
        },
        "2019-04": {
            "month": "2019-04",
            "price": "45.49",
            "revenue": 35599414
        },
        "2019-05": {
            "month": "2019-05",
            "price": "43.49",
            "revenue": 41763775
        },
        "2019-06": {
            "month": "2019-06",
            "price": "44.38",
            "revenue": 7598999
        },
        "2019-07": {
            "month": "2019-07",
            "price": "44.11",
            "revenue": 61197268
        },
        "2019-08": {
            "month": "2019-08",
            "price": "42.67",
            "revenue": 49689070
        },
        "2019-09": {
            "month": "2019-09",
            "price": "44.62",
            "revenue": 37085675
        },
        "2019-10": {
            "month": "2019-10",
            "price": "44.93",
            "revenue": 30427876
        },
        "2019-11": {
            "month": "2019-11",
            "price": "45.38",
            "revenue": 36398049
        },
        "2019-12": {
            "month": "2019-12",
            "price": "46.13",
            "revenue": 39045857
        },
        "2020-01": {
            "month": "2020-01",
            "price": "46.39",
            "revenue": 57452927
        },
        "2020-02": {
            "month": "2020-02",
            "price": "45.52",
            "revenue": 36950131
        },
        "2020-03": {
            "month": "2020-03",
            "price": "39.72",
            "revenue": 38858403
        },
        "2020-04": {
            "month": "2020-04",
            "price": "39.52",
            "revenue": 35073779
        },
        "2020-05": {
            "month": "2020-05",
            "price": "41.46",
            "revenue": 36536192
        },
        "2020-06": {
            "month": "2020-06",
            "price": "43.69",
            "revenue": 39801352
        },
        "2020-07": {
            "month": "2020-07",
            "price": "42.54",
            "revenue": 58897045
        },
        "2020-08": {
            "month": "2020-08",
            "price": "42.12",
            "revenue": 45244993
        },
        "2020-09": {
            "month": "2020-09",
            "price": "42.43",
            "revenue": 21210963
        },
        "2020-10": {
            "month": "2020-10",
            "price": "41.33",
            "revenue": 32350037
        },
        "2020-11": {
            "month": "2020-11",
            "price": "44.22",
            "revenue": 31893907
        },
        "2020-12": {
            "month": "2020-12",
            "price": "45.68",
            "revenue": 42131842
        },
        "2021-01": {
            "month": "2021-01",
            "price": "46.83",
            "revenue": 59857994
        },
        "2021-02": {
            "month": "2021-02",
            "price": "48.64",
            "revenue": 40519155
        },
        "2021-03": {
            "month": "2021-03",
            "price": "54.05",
            "revenue": 46302927
        },
        "2021-04": {
            "month": "2021-04",
            "price": "60.24",
            "revenue": 43051005
        },
        "2021-05": {
            "month": "2021-05",
            "price": "70.80",
            "revenue": 36832681
        },
        "2021-06": {
            "month": "2021-06",
            "price": "72.74",
            "revenue": 42727373
        },
        "2021-07": {
            "month": "2021-07",
            "price": "77.56",
            "revenue": 43523445
        },
        "2021-08": {
            "month": "2021-08",
            "price": "78.67",
            "revenue": 38050360
        },
        "2021-09": {
            "month": "2021-09",
            "price": "79.16",
            "revenue": 28305915
        },
        "2021-10": {
            "month": "2021-10",
            "price": "74.72",
            "revenue": 30385995
        },
        "2021-11": {
            "month": "2021-11",
            "price": "73.77",
            "revenue": 29907638
        },
        "2021-12": {
            "month": "2021-12",
            "price": "75.03",
            "revenue": 46705053
        },
        "2022-01": {
            "month": "2022-01",
            "price": "77.55",
            "revenue": 61439359
        },
        "2022-02": {
            "month": "2022-02",
            "price": "76.92",
            "revenue": 42047301
        },
        "2022-03": {
            "month": "2022-03",
            "price": "74.25",
            "revenue": 31480552
        },
        "2022-04": {
            "month": "2022-04",
            "price": "75.26",
            "revenue": 36107764
        },
        "2022-05": {
            "month": "2022-05",
            "price": "64.83",
            "revenue": 20587296
        },
        "2022-06": {
            "month": "2022-06",
            "price": "62.16",
            "revenue": 34364040
        },
        "2022-07": {
            "month": "2022-07",
            "price": "58.11",
            "revenue": 23387403
        },
        "2022-08": {
            "month": "2022-08",
            "price": "58.34",
            "revenue": 17931604
        },
        "2022-09": {
            "month": "2022-09",
            "price": "55.16",
            "revenue": 23259981
        },
        "2022-10": {
            "month": "2022-10",
            "price": "49.95",
            "revenue": -5859934
        },
        "2022-11": {
            "month": "2022-11",
            "price": "55.30",
            "revenue": -28846346
        },
        "2022-12": {
            "month": "2022-12",
            "price": "57.37",
            "revenue": 3343545
        },
        "2023-01": {
            "month": "2023-01",
            "price": "58.88",
            "revenue": 16144741
        },
        "2023-02": {
            "month": "2023-02",
            "price": "59.76",
            "revenue": 7432346
        },
        "2023-03": {
            "month": "2023-03",
            "price": "57.36",
            "revenue": 8281703
        },
        "2023-04": {
            "month": "2023-04",
            "price": "57.79",
            "revenue": 18666086
        }
    }
}
