{
    "summary": {
        "stock_name": "國泰金",
        "stock_id": "2882",
        "category": "金融",
        "main_business": "投資<br>管理",
        "website_url": "http://www.cathayholdings.com",
        "ceo": "李長庚",
        "pe_ratio": 32,
        "report_year_from": 2001,
        "report_year_to": 2023,
        "age": 22,
        "eps_negative_percentage": 0,
        "eps_growth_avg": {
            "last_all": 26.52,
            "last_2y": 10.51,
            "last_4y": 7.94,
            "last_8y": 12.04,
            "last_12y": null,
            "last_16y": null,
            "last_20y": null,
            "at_2006_last_3y": null,
            "at_2007_last_3y": null,
            "at_2008_last_3y": null,
            "at_2009_last_3y": null,
            "at_2010_last_3y": null,
            "at_2011_last_3y": null,
            "at_2012_last_3y": null,
            "at_2013_last_3y": null,
            "at_2014_last_3y": 65.77,
            "at_2015_last_3y": 44.39,
            "at_2016_last_3y": 28.15,
            "at_2017_last_3y": 17.18,
            "at_2018_last_3y": 0.91,
            "at_2019_last_3y": 2.28,
            "at_2020_last_3y": 10.07,
            "at_2021_last_3y": 28.39,
            "at_2022_last_3y": 12.88,
            "at_2023_last_3y": 12.88,
            "at_2006_last_all": null,
            "at_2007_last_all": null,
            "at_2008_last_all": null,
            "at_2009_last_all": null,
            "at_2010_last_all": null,
            "at_2011_last_all": null,
            "at_2012_last_all": 73.85,
            "at_2013_last_all": 69.94,
            "at_2014_last_all": 65.77,
            "at_2015_last_all": 55.51,
            "at_2016_last_all": 43.39,
            "at_2017_last_all": 39.79,
            "at_2018_last_all": 33.34,
            "at_2019_last_all": 31.86,
            "at_2020_last_all": 30.06,
            "at_2021_last_all": 35.65,
            "at_2022_last_all": 26.52,
            "at_2023_last_all": 26.52
        },
        "latest_eps": 1.43,
        "latest_price": 46.35,
        "latest_roe": 3.7,
        "latest_gross_margin": null,
        "latest_equity": 720567088,
        "latest_revenue": 94002234,
        "latest_gross_profit": null,
        "latest_net_income": 25844404,
        "latest_debt_ratio": 94.33,
        "latest_current_ratio": null,
        "latest_account_receivable_turnover_ratio": null,
        "latest_inventory_turnover_ratio": null,
        "latest_reinvestment_rate": -2.56,
        "latest_research_to_sale_ratio": null
    },
    "eps_dividends": {
        "2001": {
            "cash": 0,
            "stock": 0,
            "eps": 0
        },
        "2002": {
            "cash": 0,
            "stock": 0,
            "eps": 0
        },
        "2003": {
            "cash": 1.5,
            "stock": 0,
            "eps": 0
        },
        "2004": {
            "cash": 2,
            "stock": 0,
            "eps": 0
        },
        "2005": {
            "cash": 2.5,
            "stock": 0,
            "eps": 0
        },
        "2006": {
            "cash": 1.5,
            "stock": 0.5,
            "eps": 0
        },
        "2007": {
            "cash": 1.5,
            "stock": 0,
            "eps": 0
        },
        "2008": {
            "cash": 2.5,
            "stock": 0.5,
            "eps": 0
        },
        "2009": {
            "cash": 0,
            "stock": 0,
            "eps": 0
        },
        "2010": {
            "cash": 0.5,
            "stock": 0.5,
            "eps": 0.44
        },
        "2011": {
            "cash": 1.1,
            "stock": 0.7,
            "eps": 1.09
        },
        "2012": {
            "cash": 0,
            "stock": 0,
            "eps": 1.61
        },
        "2013": {
            "cash": 0.7,
            "stock": 0.68,
            "eps": 2.61
        },
        "2014": {
            "cash": 1.5,
            "stock": 0.5,
            "eps": 4
        },
        "2015": {
            "cash": 2,
            "stock": 0,
            "eps": 4.58
        },
        "2016": {
            "cash": 2,
            "stock": 0,
            "eps": 3.79
        },
        "2017": {
            "cash": 2,
            "stock": 0,
            "eps": 4.48
        },
        "2018": {
            "cash": 2.5,
            "stock": 0,
            "eps": 3.95
        },
        "2019": {
            "cash": 1.5,
            "stock": 0,
            "eps": 4.74
        },
        "2020": {
            "cash": 2,
            "stock": 0,
            "eps": 5.4
        },
        "2021": {
            "cash": 2.5,
            "stock": 0,
            "eps": 10.34
        },
        "2022": {
            "cash": 3.5,
            "stock": 0,
            "eps": 2.7
        },
        "2023": {
            "cash": 0.9,
            "stock": 0,
            "eps": 1.98
        }
    },
    "dividends": {
        "2003-04-25": {
            "cash": 1.5,
            "stock": 0
        },
        "2004-04-23": {
            "cash": 2,
            "stock": 0
        },
        "2005-04-22": {
            "cash": 2.5,
            "stock": 0
        },
        "2006-04-27": {
            "cash": 1.5,
            "stock": 0.5
        },
        "2007-04-27": {
            "cash": 1.5,
            "stock": 0
        },
        "2008-04-29": {
            "cash": 2.5,
            "stock": 0.5
        },
        "2010-04-29": {
            "cash": 0.5,
            "stock": 0.5
        },
        "2011-01-01": {
            "cash": 0.5,
            "stock": 0.5
        },
        "2011-04-29": {
            "cash": 0.6,
            "stock": 0.2
        },
        "2013-04-30": {
            "cash": 0.7,
            "stock": 0.68
        },
        "2014-06-06": {
            "cash": 1.5,
            "stock": 0.5
        },
        "2015-07-30": {
            "cash": 2,
            "stock": 0
        },
        "2016-07-25": {
            "cash": 2,
            "stock": 0
        },
        "2017-07-31": {
            "cash": 2,
            "stock": 0
        },
        "2018-07-24": {
            "cash": 2.5,
            "stock": 0
        },
        "2019-07-29": {
            "cash": 1.5,
            "stock": 0
        },
        "2020-07-29": {
            "cash": 2,
            "stock": 0
        },
        "2021-08-23": {
            "cash": 2.5,
            "stock": 0
        },
        "2022-08-01": {
            "cash": 3.5,
            "stock": 0
        },
        "2023-07-26": {
            "cash": 0.9,
            "stock": 0
        }
    },
    "prices": {
        "200101": "無",
        "200102": "無",
        "200103": "無",
        "200104": "無",
        "200105": "無",
        "200106": "無",
        "200107": "無",
        "200108": "無",
        "200109": "無",
        "200110": "無",
        "200111": "無",
        "200112": "57.00",
        "200201": "52.84",
        "200202": "51.12",
        "200203": "49.47",
        "200204": "51.74",
        "200205": "49.60",
        "200206": "49.17",
        "200207": "45.16",
        "200208": "43.72",
        "200209": "39.91",
        "200210": "38.32",
        "200211": "36.97",
        "200212": "36.02",
        "200301": "41.39",
        "200302": "39.91",
        "200303": "38.01",
        "200304": "40.79",
        "200305": "40.26",
        "200306": "42.68",
        "200307": "43.50",
        "200308": "40.03",
        "200309": "43.77",
        "200310": "52.25",
        "200311": "50.90",
        "200312": "51.80",
        "200401": "55.23",
        "200402": "59.32",
        "200403": "61.96",
        "200404": "61.95",
        "200405": "57.62",
        "200406": "59.10",
        "200407": "57.86",
        "200408": "57.35",
        "200409": "62.67",
        "200410": "64.45",
        "200411": "64.20",
        "200412": "63.00",
        "200501": "62.71",
        "200502": "62.77",
        "200503": "60.54",
        "200504": "58.25",
        "200505": "58.09",
        "200506": "61.18",
        "200507": "62.73",
        "200508": "61.67",
        "200509": "61.74",
        "200510": "60.43",
        "200511": "60.27",
        "200512": "60.24",
        "200601": "59.97",
        "200602": "62.50",
        "200603": "59.25",
        "200604": "62.51",
        "200605": "73.22",
        "200606": "70.68",
        "200607": "70.38",
        "200608": "66.80",
        "200609": "64.98",
        "200610": "65.66",
        "200611": "66.74",
        "200612": "72.50",
        "200701": "74.23",
        "200702": "73.22",
        "200703": "68.23",
        "200704": "69.12",
        "200705": "71.01",
        "200706": "74.56",
        "200707": "86.25",
        "200708": "75.89",
        "200709": "73.88",
        "200710": "81.45",
        "200711": "74.63",
        "200712": "68.35",
        "200801": "73.75",
        "200802": "80.11",
        "200803": "78.13",
        "200804": "81.13",
        "200805": "80.61",
        "200806": "74.19",
        "200807": "62.05",
        "200808": "61.39",
        "200809": "52.86",
        "200810": "36.32",
        "200811": "33.76",
        "200812": "35.10",
        "200901": "34.75",
        "200902": "30.48",
        "200903": "27.22",
        "200904": "35.03",
        "200905": "47.50",
        "200906": "48.63",
        "200907": "50.75",
        "200908": "48.13",
        "200909": "52.05",
        "200910": "59.28",
        "200911": "58.73",
        "200912": "57.83",
        "201001": "58.10",
        "201002": "51.88",
        "201003": "53.35",
        "201004": "52.80",
        "201005": "48.70",
        "201006": "47.03",
        "201007": "49.95",
        "201008": "49.37",
        "201009": "47.83",
        "201010": "47.44",
        "201011": "47.25",
        "201012": "47.58",
        "201101": "53.40",
        "201102": "49.00",
        "201103": "46.51",
        "201104": "46.88",
        "201105": "46.14",
        "201106": "44.64",
        "201107": "44.61",
        "201108": "38.13",
        "201109": "35.82",
        "201110": "34.19",
        "201111": "32.40",
        "201112": "31.35",
        "201201": "32.44",
        "201202": "34.64",
        "201203": "33.82",
        "201204": "31.40",
        "201205": "29.78",
        "201206": "28.94",
        "201207": "29.10",
        "201208": "29.44",
        "201209": "30.46",
        "201210": "31.23",
        "201211": "29.64",
        "201212": "31.22",
        "201301": "31.94",
        "201302": "36.29",
        "201303": "40.35",
        "201304": "38.79",
        "201305": "40.15",
        "201306": "39.79",
        "201307": "42.39",
        "201308": "41.74",
        "201309": "42.62",
        "201310": "45.25",
        "201311": "44.41",
        "201312": "46.62",
        "201401": "47.49",
        "201402": "45.12",
        "201403": "44.11",
        "201404": "44.06",
        "201405": "44.76",
        "201406": "46.39",
        "201407": "49.56",
        "201408": "49.89",
        "201409": "50.79",
        "201410": "48.37",
        "201411": "49.60",
        "201412": "46.53",
        "201501": "45.50",
        "201502": "46.96",
        "201503": "48.58",
        "201504": "51.54",
        "201505": "54.80",
        "201506": "53.34",
        "201507": "51.65",
        "201508": "46.68",
        "201509": "45.62",
        "201510": "46.23",
        "201511": "46.85",
        "201512": "43.82",
        "201601": "36.91",
        "201602": "36.63",
        "201603": "38.75",
        "201604": "36.38",
        "201605": "35.93",
        "201606": "37.05",
        "201607": "35.76",
        "201608": "37.80",
        "201609": "40.14",
        "201610": "40.33",
        "201611": "44.00",
        "201612": "48.60",
        "201701": "48.00",
        "201702": "48.36",
        "201703": "49.88",
        "201704": "47.89",
        "201705": "48.99",
        "201706": "48.40",
        "201707": "49.28",
        "201708": "48.60",
        "201709": "48.39",
        "201710": "49.20",
        "201711": "51.00",
        "201712": "53.74",
        "201801": "55.53",
        "201802": "53.68",
        "201803": "53.01",
        "201804": "52.69",
        "201805": "53.95",
        "201806": "54.66",
        "201807": "52.10",
        "201808": "52.37",
        "201809": "51.68",
        "201810": "50.29",
        "201811": "49.93",
        "201812": "47.45",
        "201901": "44.40",
        "201902": "44.75",
        "201903": "45.26",
        "201904": "44.36",
        "201905": "41.87",
        "201906": "42.00",
        "201907": "41.65",
        "201908": "39.81",
        "201909": "41.10",
        "201910": "40.89",
        "201911": "42.20",
        "201912": "42.33",
        "202001": "42.31",
        "202002": "41.15",
        "202003": "36.82",
        "202004": "37.30",
        "202005": "39.38",
        "202006": "41.64",
        "202007": "40.43",
        "202008": "40.15",
        "202009": "39.33",
        "202010": "38.48",
        "202011": "40.60",
        "202012": "41.23",
        "202101": "41.42",
        "202102": "41.60",
        "202103": "45.41",
        "202104": "50.03",
        "202105": "53.78",
        "202106": "54.32",
        "202107": "56.15",
        "202108": "55.65",
        "202109": "58.79",
        "202110": "57.68",
        "202111": "59.69",
        "202112": "60.66",
        "202201": "64.23",
        "202202": "64.60",
        "202203": "62.27",
        "202204": "64.00",
        "202205": "55.48",
        "202206": "53.67",
        "202207": "45.38",
        "202208": "46.22",
        "202209": "42.58",
        "202210": "38.54",
        "202211": "41.17",
        "202212": "41.09",
        "202301": "41.42",
        "202302": "43.27",
        "202303": "42.01",
        "202304": "42.66",
        "202305": "43.76",
        "202306": "44.28",
        "202307": "44.17",
        "202308": "45.75",
        "202309": "46.44"
    },
    "quarters": {
        "20011": {
            "year_quarter": 20011,
            "year": 2001,
            "quarter": 1,
            "eps": null,
            "eps_growth_year": null,
            "eps_4q": null,
            "eps_4q_growth_year": null,
            "roe": null,
            "roe_4q": 0,
            "gross_profit": null,
            "gross_margin": null,
            "gross_margin_4q_avg": 0,
            "net_income": null,
            "revenue": null,
            "common_shares": null,
            "book_valuer_per_share": null,
            "book_valuer_per_share_4q_avg": 0,
            "equity": null,
            "current_ratio": null,
            "debt_ratio": null,
            "inventory_turnover_ratio": null,
            "account_receivable_turnover_ratio": null,
            "reinvestment_rate": null,
            "research_to_sale_ratio": null,
            "price_fair": 0,
            "eps_avg_yearly": 0,
            "eps_latest_yearly": 0,
            "eps_growth_yearly": 0
        },
        "20012": {
            "year_quarter": 20012,
            "year": 2001,
            "quarter": 2,
            "eps": null,
            "eps_growth_year": null,
            "eps_4q": null,
            "eps_4q_growth_year": null,
            "roe": null,
            "roe_4q": 0,
            "gross_profit": null,
            "gross_margin": null,
            "gross_margin_4q_avg": 0,
            "net_income": null,
            "revenue": null,
            "common_shares": null,
            "book_valuer_per_share": null,
            "book_valuer_per_share_4q_avg": 0,
            "equity": null,
            "current_ratio": null,
            "debt_ratio": null,
            "inventory_turnover_ratio": null,
            "account_receivable_turnover_ratio": null,
            "reinvestment_rate": null,
            "research_to_sale_ratio": null,
            "price_fair": 0,
            "eps_avg_yearly": 0,
            "eps_latest_yearly": 0,
            "eps_growth_yearly": 0
        },
        "20013": {
            "year_quarter": 20013,
            "year": 2001,
            "quarter": 3,
            "eps": null,
            "eps_growth_year": null,
            "eps_4q": null,
            "eps_4q_growth_year": null,
            "roe": null,
            "roe_4q": 0,
            "gross_profit": null,
            "gross_margin": null,
            "gross_margin_4q_avg": 0,
            "net_income": null,
            "revenue": null,
            "common_shares": null,
            "book_valuer_per_share": null,
            "book_valuer_per_share_4q_avg": 0,
            "equity": null,
            "current_ratio": null,
            "debt_ratio": null,
            "inventory_turnover_ratio": null,
            "account_receivable_turnover_ratio": null,
            "reinvestment_rate": null,
            "research_to_sale_ratio": null,
            "price_fair": 0,
            "eps_avg_yearly": 0,
            "eps_latest_yearly": 0,
            "eps_growth_yearly": 0
        },
        "20014": {
            "year_quarter": 20014,
            "year": 2001,
            "quarter": 4,
            "eps": null,
            "eps_growth_year": null,
            "eps_4q": null,
            "eps_4q_growth_year": null,
            "roe": null,
            "roe_4q": 0,
            "gross_profit": null,
            "gross_margin": null,
            "gross_margin_4q_avg": 0,
            "net_income": null,
            "revenue": null,
            "common_shares": null,
            "book_valuer_per_share": null,
            "book_valuer_per_share_4q_avg": 0,
            "equity": null,
            "current_ratio": null,
            "debt_ratio": null,
            "inventory_turnover_ratio": null,
            "account_receivable_turnover_ratio": null,
            "reinvestment_rate": null,
            "research_to_sale_ratio": null,
            "price_fair": 0,
            "eps_avg_yearly": 0,
            "eps_latest_yearly": 0,
            "eps_growth_yearly": 0
        },
        "20021": {
            "year_quarter": 20021,
            "year": 2002,
            "quarter": 1,
            "eps": null,
            "eps_growth_year": null,
            "eps_4q": null,
            "eps_4q_growth_year": null,
            "roe": null,
            "roe_4q": 0,
            "gross_profit": null,
            "gross_margin": null,
            "gross_margin_4q_avg": 0,
            "net_income": null,
            "revenue": null,
            "common_shares": null,
            "book_valuer_per_share": null,
            "book_valuer_per_share_4q_avg": 0,
            "equity": null,
            "current_ratio": null,
            "debt_ratio": null,
            "inventory_turnover_ratio": null,
            "account_receivable_turnover_ratio": null,
            "reinvestment_rate": null,
            "research_to_sale_ratio": null,
            "price_fair": 0,
            "eps_avg_yearly": 0,
            "eps_latest_yearly": 0,
            "eps_growth_yearly": 0
        },
        "20022": {
            "year_quarter": 20022,
            "year": 2002,
            "quarter": 2,
            "eps": null,
            "eps_growth_year": null,
            "eps_4q": null,
            "eps_4q_growth_year": null,
            "roe": null,
            "roe_4q": 0,
            "gross_profit": null,
            "gross_margin": null,
            "gross_margin_4q_avg": 0,
            "net_income": null,
            "revenue": null,
            "common_shares": null,
            "book_valuer_per_share": null,
            "book_valuer_per_share_4q_avg": 0,
            "equity": null,
            "current_ratio": null,
            "debt_ratio": null,
            "inventory_turnover_ratio": null,
            "account_receivable_turnover_ratio": null,
            "reinvestment_rate": null,
            "research_to_sale_ratio": null,
            "price_fair": 0,
            "eps_avg_yearly": 0,
            "eps_latest_yearly": 0,
            "eps_growth_yearly": 0
        },
        "20023": {
            "year_quarter": 20023,
            "year": 2002,
            "quarter": 3,
            "eps": null,
            "eps_growth_year": null,
            "eps_4q": null,
            "eps_4q_growth_year": null,
            "roe": null,
            "roe_4q": 0,
            "gross_profit": null,
            "gross_margin": null,
            "gross_margin_4q_avg": 0,
            "net_income": null,
            "revenue": null,
            "common_shares": null,
            "book_valuer_per_share": null,
            "book_valuer_per_share_4q_avg": 0,
            "equity": null,
            "current_ratio": null,
            "debt_ratio": null,
            "inventory_turnover_ratio": null,
            "account_receivable_turnover_ratio": null,
            "reinvestment_rate": null,
            "research_to_sale_ratio": null,
            "price_fair": 0,
            "eps_avg_yearly": 0,
            "eps_latest_yearly": 0,
            "eps_growth_yearly": 0
        },
        "20024": {
            "year_quarter": 20024,
            "year": 2002,
            "quarter": 4,
            "eps": null,
            "eps_growth_year": null,
            "eps_4q": null,
            "eps_4q_growth_year": null,
            "roe": null,
            "roe_4q": 0,
            "gross_profit": null,
            "gross_margin": null,
            "gross_margin_4q_avg": 0,
            "net_income": null,
            "revenue": null,
            "common_shares": null,
            "book_valuer_per_share": null,
            "book_valuer_per_share_4q_avg": 0,
            "equity": null,
            "current_ratio": null,
            "debt_ratio": null,
            "inventory_turnover_ratio": null,
            "account_receivable_turnover_ratio": null,
            "reinvestment_rate": null,
            "research_to_sale_ratio": null,
            "price_fair": 0,
            "eps_avg_yearly": 0,
            "eps_latest_yearly": 0,
            "eps_growth_yearly": 0
        },
        "20031": {
            "year_quarter": 20031,
            "year": 2003,
            "quarter": 1,
            "eps": null,
            "eps_growth_year": null,
            "eps_4q": null,
            "eps_4q_growth_year": null,
            "roe": null,
            "roe_4q": 0,
            "gross_profit": null,
            "gross_margin": null,
            "gross_margin_4q_avg": 0,
            "net_income": null,
            "revenue": null,
            "common_shares": null,
            "book_valuer_per_share": null,
            "book_valuer_per_share_4q_avg": 0,
            "equity": null,
            "current_ratio": null,
            "debt_ratio": null,
            "inventory_turnover_ratio": null,
            "account_receivable_turnover_ratio": null,
            "reinvestment_rate": null,
            "research_to_sale_ratio": null,
            "price_fair": 0,
            "eps_avg_yearly": 0,
            "eps_latest_yearly": 0,
            "eps_growth_yearly": 0
        },
        "20032": {
            "year_quarter": 20032,
            "year": 2003,
            "quarter": 2,
            "eps": null,
            "eps_growth_year": null,
            "eps_4q": null,
            "eps_4q_growth_year": null,
            "roe": null,
            "roe_4q": 0,
            "gross_profit": null,
            "gross_margin": null,
            "gross_margin_4q_avg": 0,
            "net_income": null,
            "revenue": null,
            "common_shares": null,
            "book_valuer_per_share": null,
            "book_valuer_per_share_4q_avg": 0,
            "equity": null,
            "current_ratio": null,
            "debt_ratio": null,
            "inventory_turnover_ratio": null,
            "account_receivable_turnover_ratio": null,
            "reinvestment_rate": null,
            "research_to_sale_ratio": null,
            "price_fair": 0,
            "eps_avg_yearly": 0,
            "eps_latest_yearly": 0,
            "eps_growth_yearly": 0
        },
        "20033": {
            "year_quarter": 20033,
            "year": 2003,
            "quarter": 3,
            "eps": null,
            "eps_growth_year": null,
            "eps_4q": null,
            "eps_4q_growth_year": null,
            "roe": null,
            "roe_4q": 0,
            "gross_profit": null,
            "gross_margin": null,
            "gross_margin_4q_avg": 0,
            "net_income": null,
            "revenue": null,
            "common_shares": null,
            "book_valuer_per_share": null,
            "book_valuer_per_share_4q_avg": 0,
            "equity": null,
            "current_ratio": null,
            "debt_ratio": null,
            "inventory_turnover_ratio": null,
            "account_receivable_turnover_ratio": null,
            "reinvestment_rate": null,
            "research_to_sale_ratio": null,
            "price_fair": 0,
            "eps_avg_yearly": 0,
            "eps_latest_yearly": 0,
            "eps_growth_yearly": 0
        },
        "20034": {
            "year_quarter": 20034,
            "year": 2003,
            "quarter": 4,
            "eps": null,
            "eps_growth_year": null,
            "eps_4q": null,
            "eps_4q_growth_year": null,
            "roe": null,
            "roe_4q": 0,
            "gross_profit": null,
            "gross_margin": null,
            "gross_margin_4q_avg": 0,
            "net_income": null,
            "revenue": null,
            "common_shares": null,
            "book_valuer_per_share": null,
            "book_valuer_per_share_4q_avg": 0,
            "equity": null,
            "current_ratio": null,
            "debt_ratio": null,
            "inventory_turnover_ratio": null,
            "account_receivable_turnover_ratio": null,
            "reinvestment_rate": null,
            "research_to_sale_ratio": null,
            "price_fair": 0,
            "eps_avg_yearly": 0,
            "eps_latest_yearly": 0,
            "eps_growth_yearly": 0
        },
        "20041": {
            "year_quarter": 20041,
            "year": 2004,
            "quarter": 1,
            "eps": null,
            "eps_growth_year": null,
            "eps_4q": null,
            "eps_4q_growth_year": null,
            "roe": null,
            "roe_4q": 0,
            "gross_profit": null,
            "gross_margin": null,
            "gross_margin_4q_avg": 0,
            "net_income": null,
            "revenue": null,
            "common_shares": null,
            "book_valuer_per_share": null,
            "book_valuer_per_share_4q_avg": 0,
            "equity": null,
            "current_ratio": null,
            "debt_ratio": null,
            "inventory_turnover_ratio": null,
            "account_receivable_turnover_ratio": null,
            "reinvestment_rate": null,
            "research_to_sale_ratio": null,
            "price_fair": 0,
            "eps_avg_yearly": 0,
            "eps_latest_yearly": 0,
            "eps_growth_yearly": 0
        },
        "20042": {
            "year_quarter": 20042,
            "year": 2004,
            "quarter": 2,
            "eps": null,
            "eps_growth_year": null,
            "eps_4q": null,
            "eps_4q_growth_year": null,
            "roe": null,
            "roe_4q": 0,
            "gross_profit": null,
            "gross_margin": null,
            "gross_margin_4q_avg": 0,
            "net_income": null,
            "revenue": null,
            "common_shares": null,
            "book_valuer_per_share": null,
            "book_valuer_per_share_4q_avg": 0,
            "equity": null,
            "current_ratio": null,
            "debt_ratio": null,
            "inventory_turnover_ratio": null,
            "account_receivable_turnover_ratio": null,
            "reinvestment_rate": null,
            "research_to_sale_ratio": null,
            "price_fair": 0,
            "eps_avg_yearly": 0,
            "eps_latest_yearly": 0,
            "eps_growth_yearly": 0
        },
        "20043": {
            "year_quarter": 20043,
            "year": 2004,
            "quarter": 3,
            "eps": null,
            "eps_growth_year": null,
            "eps_4q": null,
            "eps_4q_growth_year": null,
            "roe": null,
            "roe_4q": 0,
            "gross_profit": null,
            "gross_margin": null,
            "gross_margin_4q_avg": 0,
            "net_income": null,
            "revenue": null,
            "common_shares": null,
            "book_valuer_per_share": null,
            "book_valuer_per_share_4q_avg": 0,
            "equity": null,
            "current_ratio": null,
            "debt_ratio": null,
            "inventory_turnover_ratio": null,
            "account_receivable_turnover_ratio": null,
            "reinvestment_rate": null,
            "research_to_sale_ratio": null,
            "price_fair": 0,
            "eps_avg_yearly": 0,
            "eps_latest_yearly": 0,
            "eps_growth_yearly": 0
        },
        "20044": {
            "year_quarter": 20044,
            "year": 2004,
            "quarter": 4,
            "eps": null,
            "eps_growth_year": null,
            "eps_4q": null,
            "eps_4q_growth_year": null,
            "roe": null,
            "roe_4q": 0,
            "gross_profit": null,
            "gross_margin": null,
            "gross_margin_4q_avg": 0,
            "net_income": null,
            "revenue": null,
            "common_shares": null,
            "book_valuer_per_share": null,
            "book_valuer_per_share_4q_avg": 0,
            "equity": null,
            "current_ratio": null,
            "debt_ratio": null,
            "inventory_turnover_ratio": null,
            "account_receivable_turnover_ratio": null,
            "reinvestment_rate": null,
            "research_to_sale_ratio": null,
            "price_fair": 0,
            "eps_avg_yearly": 0,
            "eps_latest_yearly": 0,
            "eps_growth_yearly": 0
        },
        "20051": {
            "year_quarter": 20051,
            "year": 2005,
            "quarter": 1,
            "eps": null,
            "eps_growth_year": null,
            "eps_4q": null,
            "eps_4q_growth_year": null,
            "roe": null,
            "roe_4q": 0,
            "gross_profit": null,
            "gross_margin": null,
            "gross_margin_4q_avg": 0,
            "net_income": null,
            "revenue": null,
            "common_shares": null,
            "book_valuer_per_share": null,
            "book_valuer_per_share_4q_avg": 0,
            "equity": null,
            "current_ratio": null,
            "debt_ratio": null,
            "inventory_turnover_ratio": null,
            "account_receivable_turnover_ratio": null,
            "reinvestment_rate": null,
            "research_to_sale_ratio": null,
            "price_fair": 0,
            "eps_avg_yearly": 0,
            "eps_latest_yearly": 0,
            "eps_growth_yearly": 0
        },
        "20052": {
            "year_quarter": 20052,
            "year": 2005,
            "quarter": 2,
            "eps": null,
            "eps_growth_year": null,
            "eps_4q": null,
            "eps_4q_growth_year": null,
            "roe": null,
            "roe_4q": 0,
            "gross_profit": null,
            "gross_margin": null,
            "gross_margin_4q_avg": 0,
            "net_income": null,
            "revenue": null,
            "common_shares": null,
            "book_valuer_per_share": null,
            "book_valuer_per_share_4q_avg": 0,
            "equity": null,
            "current_ratio": null,
            "debt_ratio": null,
            "inventory_turnover_ratio": null,
            "account_receivable_turnover_ratio": null,
            "reinvestment_rate": null,
            "research_to_sale_ratio": null,
            "price_fair": 0,
            "eps_avg_yearly": 0,
            "eps_latest_yearly": 0,
            "eps_growth_yearly": 0
        },
        "20053": {
            "year_quarter": 20053,
            "year": 2005,
            "quarter": 3,
            "eps": null,
            "eps_growth_year": null,
            "eps_4q": null,
            "eps_4q_growth_year": null,
            "roe": null,
            "roe_4q": 0,
            "gross_profit": null,
            "gross_margin": null,
            "gross_margin_4q_avg": 0,
            "net_income": null,
            "revenue": null,
            "common_shares": null,
            "book_valuer_per_share": null,
            "book_valuer_per_share_4q_avg": 0,
            "equity": null,
            "current_ratio": null,
            "debt_ratio": null,
            "inventory_turnover_ratio": null,
            "account_receivable_turnover_ratio": null,
            "reinvestment_rate": null,
            "research_to_sale_ratio": null,
            "price_fair": 0,
            "eps_avg_yearly": 0,
            "eps_latest_yearly": 0,
            "eps_growth_yearly": 0
        },
        "20054": {
            "year_quarter": 20054,
            "year": 2005,
            "quarter": 4,
            "eps": null,
            "eps_growth_year": null,
            "eps_4q": null,
            "eps_4q_growth_year": null,
            "roe": null,
            "roe_4q": 0,
            "gross_profit": null,
            "gross_margin": null,
            "gross_margin_4q_avg": 0,
            "net_income": null,
            "revenue": null,
            "common_shares": null,
            "book_valuer_per_share": null,
            "book_valuer_per_share_4q_avg": 0,
            "equity": null,
            "current_ratio": null,
            "debt_ratio": null,
            "inventory_turnover_ratio": null,
            "account_receivable_turnover_ratio": null,
            "reinvestment_rate": null,
            "research_to_sale_ratio": null,
            "price_fair": 0,
            "eps_avg_yearly": 0,
            "eps_latest_yearly": 0,
            "eps_growth_yearly": 0
        },
        "20061": {
            "year_quarter": 20061,
            "year": 2006,
            "quarter": 1,
            "eps": null,
            "eps_growth_year": null,
            "eps_4q": null,
            "eps_4q_growth_year": null,
            "roe": null,
            "roe_4q": 0,
            "gross_profit": null,
            "gross_margin": null,
            "gross_margin_4q_avg": 0,
            "net_income": null,
            "revenue": null,
            "common_shares": null,
            "book_valuer_per_share": null,
            "book_valuer_per_share_4q_avg": 0,
            "equity": null,
            "current_ratio": null,
            "debt_ratio": null,
            "inventory_turnover_ratio": null,
            "account_receivable_turnover_ratio": null,
            "reinvestment_rate": null,
            "research_to_sale_ratio": null,
            "price_fair": 0,
            "eps_avg_yearly": 0,
            "eps_latest_yearly": 0,
            "eps_growth_yearly": 0
        },
        "20062": {
            "year_quarter": 20062,
            "year": 2006,
            "quarter": 2,
            "eps": null,
            "eps_growth_year": null,
            "eps_4q": null,
            "eps_4q_growth_year": null,
            "roe": null,
            "roe_4q": 0,
            "gross_profit": null,
            "gross_margin": null,
            "gross_margin_4q_avg": 0,
            "net_income": null,
            "revenue": null,
            "common_shares": null,
            "book_valuer_per_share": null,
            "book_valuer_per_share_4q_avg": 0,
            "equity": null,
            "current_ratio": null,
            "debt_ratio": null,
            "inventory_turnover_ratio": null,
            "account_receivable_turnover_ratio": null,
            "reinvestment_rate": null,
            "research_to_sale_ratio": null,
            "price_fair": 0,
            "eps_avg_yearly": 0,
            "eps_latest_yearly": 0,
            "eps_growth_yearly": 0
        },
        "20063": {
            "year_quarter": 20063,
            "year": 2006,
            "quarter": 3,
            "eps": null,
            "eps_growth_year": null,
            "eps_4q": null,
            "eps_4q_growth_year": null,
            "roe": null,
            "roe_4q": 0,
            "gross_profit": null,
            "gross_margin": null,
            "gross_margin_4q_avg": 0,
            "net_income": null,
            "revenue": null,
            "common_shares": null,
            "book_valuer_per_share": null,
            "book_valuer_per_share_4q_avg": 0,
            "equity": null,
            "current_ratio": null,
            "debt_ratio": null,
            "inventory_turnover_ratio": null,
            "account_receivable_turnover_ratio": null,
            "reinvestment_rate": null,
            "research_to_sale_ratio": null,
            "price_fair": 0,
            "eps_avg_yearly": 0,
            "eps_latest_yearly": 0,
            "eps_growth_yearly": 0
        },
        "20064": {
            "year_quarter": 20064,
            "year": 2006,
            "quarter": 4,
            "eps": null,
            "eps_growth_year": null,
            "eps_4q": null,
            "eps_4q_growth_year": null,
            "roe": null,
            "roe_4q": 0,
            "gross_profit": null,
            "gross_margin": null,
            "gross_margin_4q_avg": 0,
            "net_income": null,
            "revenue": null,
            "common_shares": null,
            "book_valuer_per_share": null,
            "book_valuer_per_share_4q_avg": 0,
            "equity": null,
            "current_ratio": null,
            "debt_ratio": null,
            "inventory_turnover_ratio": null,
            "account_receivable_turnover_ratio": null,
            "reinvestment_rate": null,
            "research_to_sale_ratio": null,
            "price_fair": 0,
            "eps_avg_yearly": 0,
            "eps_latest_yearly": 0,
            "eps_growth_yearly": 0
        },
        "20071": {
            "year_quarter": 20071,
            "year": 2007,
            "quarter": 1,
            "eps": null,
            "eps_growth_year": null,
            "eps_4q": null,
            "eps_4q_growth_year": null,
            "roe": null,
            "roe_4q": 0,
            "gross_profit": null,
            "gross_margin": null,
            "gross_margin_4q_avg": 0,
            "net_income": null,
            "revenue": null,
            "common_shares": null,
            "book_valuer_per_share": null,
            "book_valuer_per_share_4q_avg": 0,
            "equity": null,
            "current_ratio": null,
            "debt_ratio": null,
            "inventory_turnover_ratio": null,
            "account_receivable_turnover_ratio": null,
            "reinvestment_rate": null,
            "research_to_sale_ratio": null,
            "price_fair": 0,
            "eps_avg_yearly": 0,
            "eps_latest_yearly": 0,
            "eps_growth_yearly": 0
        },
        "20072": {
            "year_quarter": 20072,
            "year": 2007,
            "quarter": 2,
            "eps": null,
            "eps_growth_year": null,
            "eps_4q": null,
            "eps_4q_growth_year": null,
            "roe": null,
            "roe_4q": 0,
            "gross_profit": null,
            "gross_margin": null,
            "gross_margin_4q_avg": 0,
            "net_income": null,
            "revenue": null,
            "common_shares": null,
            "book_valuer_per_share": null,
            "book_valuer_per_share_4q_avg": 0,
            "equity": null,
            "current_ratio": null,
            "debt_ratio": null,
            "inventory_turnover_ratio": null,
            "account_receivable_turnover_ratio": null,
            "reinvestment_rate": null,
            "research_to_sale_ratio": null,
            "price_fair": 0,
            "eps_avg_yearly": 0,
            "eps_latest_yearly": 0,
            "eps_growth_yearly": 0
        },
        "20073": {
            "year_quarter": 20073,
            "year": 2007,
            "quarter": 3,
            "eps": null,
            "eps_growth_year": null,
            "eps_4q": null,
            "eps_4q_growth_year": null,
            "roe": null,
            "roe_4q": 0,
            "gross_profit": null,
            "gross_margin": null,
            "gross_margin_4q_avg": 0,
            "net_income": null,
            "revenue": null,
            "common_shares": null,
            "book_valuer_per_share": null,
            "book_valuer_per_share_4q_avg": 0,
            "equity": null,
            "current_ratio": null,
            "debt_ratio": null,
            "inventory_turnover_ratio": null,
            "account_receivable_turnover_ratio": null,
            "reinvestment_rate": null,
            "research_to_sale_ratio": null,
            "price_fair": 0,
            "eps_avg_yearly": 0,
            "eps_latest_yearly": 0,
            "eps_growth_yearly": 0
        },
        "20074": {
            "year_quarter": 20074,
            "year": 2007,
            "quarter": 4,
            "eps": null,
            "eps_growth_year": null,
            "eps_4q": null,
            "eps_4q_growth_year": null,
            "roe": null,
            "roe_4q": 0,
            "gross_profit": null,
            "gross_margin": null,
            "gross_margin_4q_avg": 0,
            "net_income": null,
            "revenue": null,
            "common_shares": null,
            "book_valuer_per_share": null,
            "book_valuer_per_share_4q_avg": 0,
            "equity": null,
            "current_ratio": null,
            "debt_ratio": null,
            "inventory_turnover_ratio": null,
            "account_receivable_turnover_ratio": null,
            "reinvestment_rate": null,
            "research_to_sale_ratio": null,
            "price_fair": 0,
            "eps_avg_yearly": 0,
            "eps_latest_yearly": 0,
            "eps_growth_yearly": 0
        },
        "20081": {
            "year_quarter": 20081,
            "year": 2008,
            "quarter": 1,
            "eps": null,
            "eps_growth_year": null,
            "eps_4q": null,
            "eps_4q_growth_year": null,
            "roe": null,
            "roe_4q": 0,
            "gross_profit": null,
            "gross_margin": null,
            "gross_margin_4q_avg": 0,
            "net_income": null,
            "revenue": null,
            "common_shares": null,
            "book_valuer_per_share": null,
            "book_valuer_per_share_4q_avg": 0,
            "equity": null,
            "current_ratio": null,
            "debt_ratio": null,
            "inventory_turnover_ratio": null,
            "account_receivable_turnover_ratio": null,
            "reinvestment_rate": null,
            "research_to_sale_ratio": null,
            "price_fair": 0,
            "eps_avg_yearly": 0,
            "eps_latest_yearly": 0,
            "eps_growth_yearly": 0
        },
        "20082": {
            "year_quarter": 20082,
            "year": 2008,
            "quarter": 2,
            "eps": null,
            "eps_growth_year": null,
            "eps_4q": null,
            "eps_4q_growth_year": null,
            "roe": null,
            "roe_4q": 0,
            "gross_profit": null,
            "gross_margin": null,
            "gross_margin_4q_avg": 0,
            "net_income": null,
            "revenue": null,
            "common_shares": null,
            "book_valuer_per_share": null,
            "book_valuer_per_share_4q_avg": 0,
            "equity": null,
            "current_ratio": null,
            "debt_ratio": null,
            "inventory_turnover_ratio": null,
            "account_receivable_turnover_ratio": null,
            "reinvestment_rate": null,
            "research_to_sale_ratio": null,
            "price_fair": 0,
            "eps_avg_yearly": 0,
            "eps_latest_yearly": 0,
            "eps_growth_yearly": 0
        },
        "20083": {
            "year_quarter": 20083,
            "year": 2008,
            "quarter": 3,
            "eps": null,
            "eps_growth_year": null,
            "eps_4q": null,
            "eps_4q_growth_year": null,
            "roe": null,
            "roe_4q": 0,
            "gross_profit": null,
            "gross_margin": null,
            "gross_margin_4q_avg": 0,
            "net_income": null,
            "revenue": null,
            "common_shares": null,
            "book_valuer_per_share": null,
            "book_valuer_per_share_4q_avg": 0,
            "equity": null,
            "current_ratio": null,
            "debt_ratio": null,
            "inventory_turnover_ratio": null,
            "account_receivable_turnover_ratio": null,
            "reinvestment_rate": null,
            "research_to_sale_ratio": null,
            "price_fair": 0,
            "eps_avg_yearly": 0,
            "eps_latest_yearly": 0,
            "eps_growth_yearly": 0
        },
        "20084": {
            "year_quarter": 20084,
            "year": 2008,
            "quarter": 4,
            "eps": null,
            "eps_growth_year": null,
            "eps_4q": null,
            "eps_4q_growth_year": null,
            "roe": null,
            "roe_4q": 0,
            "gross_profit": null,
            "gross_margin": null,
            "gross_margin_4q_avg": 0,
            "net_income": null,
            "revenue": null,
            "common_shares": 97375372,
            "book_valuer_per_share": null,
            "book_valuer_per_share_4q_avg": 0,
            "equity": 145498955,
            "current_ratio": null,
            "debt_ratio": null,
            "inventory_turnover_ratio": null,
            "account_receivable_turnover_ratio": null,
            "reinvestment_rate": null,
            "research_to_sale_ratio": null,
            "price_fair": 0,
            "eps_avg_yearly": 0,
            "eps_latest_yearly": 0,
            "eps_growth_yearly": 0
        },
        "20091": {
            "year_quarter": 20091,
            "year": 2009,
            "quarter": 1,
            "eps": null,
            "eps_growth_year": null,
            "eps_4q": null,
            "eps_4q_growth_year": null,
            "roe": null,
            "roe_4q": 0,
            "gross_profit": null,
            "gross_margin": null,
            "gross_margin_4q_avg": 0,
            "net_income": 5027887,
            "revenue": 88416548,
            "common_shares": 97375372,
            "book_valuer_per_share": null,
            "book_valuer_per_share_4q_avg": 0,
            "equity": 157821691,
            "current_ratio": null,
            "debt_ratio": null,
            "inventory_turnover_ratio": null,
            "account_receivable_turnover_ratio": null,
            "reinvestment_rate": null,
            "research_to_sale_ratio": null,
            "price_fair": 0,
            "eps_avg_yearly": 0,
            "eps_latest_yearly": 0,
            "eps_growth_yearly": 0
        },
        "20092": {
            "year_quarter": 20092,
            "year": 2009,
            "quarter": 2,
            "eps": null,
            "eps_growth_year": null,
            "eps_4q": null,
            "eps_4q_growth_year": null,
            "roe": null,
            "roe_4q": 0,
            "gross_profit": null,
            "gross_margin": null,
            "gross_margin_4q_avg": 0,
            "net_income": 356394,
            "revenue": 58037859,
            "common_shares": 97375372,
            "book_valuer_per_share": null,
            "book_valuer_per_share_4q_avg": 0,
            "equity": 187884525,
            "current_ratio": null,
            "debt_ratio": null,
            "inventory_turnover_ratio": null,
            "account_receivable_turnover_ratio": null,
            "reinvestment_rate": null,
            "research_to_sale_ratio": null,
            "price_fair": 0,
            "eps_avg_yearly": 0,
            "eps_latest_yearly": 0,
            "eps_growth_yearly": 0
        },
        "20093": {
            "year_quarter": 20093,
            "year": 2009,
            "quarter": 3,
            "eps": null,
            "eps_growth_year": null,
            "eps_4q": null,
            "eps_4q_growth_year": null,
            "roe": null,
            "roe_4q": 0,
            "gross_profit": null,
            "gross_margin": null,
            "gross_margin_4q_avg": 0,
            "net_income": 2330620,
            "revenue": 70361157,
            "common_shares": 97375372,
            "book_valuer_per_share": null,
            "book_valuer_per_share_4q_avg": 0,
            "equity": 206453824,
            "current_ratio": null,
            "debt_ratio": null,
            "inventory_turnover_ratio": null,
            "account_receivable_turnover_ratio": null,
            "reinvestment_rate": null,
            "research_to_sale_ratio": null,
            "price_fair": 0,
            "eps_avg_yearly": 0,
            "eps_latest_yearly": 0,
            "eps_growth_yearly": 0
        },
        "20094": {
            "year_quarter": 20094,
            "year": 2009,
            "quarter": 4,
            "eps": null,
            "eps_growth_year": null,
            "eps_4q": null,
            "eps_4q_growth_year": null,
            "roe": null,
            "roe_4q": 0,
            "gross_profit": null,
            "gross_margin": null,
            "gross_margin_4q_avg": 0,
            "net_income": 3116980,
            "revenue": 105988494,
            "common_shares": 96708774,
            "book_valuer_per_share": 22.28,
            "book_valuer_per_share_4q_avg": 5.57,
            "equity": 215423168,
            "current_ratio": null,
            "debt_ratio": 94.98,
            "inventory_turnover_ratio": null,
            "account_receivable_turnover_ratio": null,
            "reinvestment_rate": null,
            "research_to_sale_ratio": null,
            "price_fair": 0,
            "eps_avg_yearly": 0,
            "eps_latest_yearly": 0,
            "eps_growth_yearly": 0
        },
        "20101": {
            "year_quarter": 20101,
            "year": 2010,
            "quarter": 1,
            "eps": -0.14,
            "eps_growth_year": null,
            "eps_4q": -0.14,
            "eps_4q_growth_year": null,
            "roe": -0.66,
            "roe_4q": -0.66,
            "gross_profit": null,
            "gross_margin": null,
            "gross_margin_4q_avg": 0,
            "net_income": -1386566,
            "revenue": 95816903,
            "common_shares": 96708774,
            "book_valuer_per_share": 21.38,
            "book_valuer_per_share_4q_avg": 10.92,
            "equity": 206797408,
            "current_ratio": null,
            "debt_ratio": 95.24,
            "inventory_turnover_ratio": null,
            "account_receivable_turnover_ratio": null,
            "reinvestment_rate": null,
            "research_to_sale_ratio": null,
            "price_fair": 0,
            "eps_avg_yearly": 0,
            "eps_latest_yearly": 0,
            "eps_growth_yearly": 0
        },
        "20102": {
            "year_quarter": 20102,
            "year": 2010,
            "quarter": 2,
            "eps": 0.03,
            "eps_growth_year": null,
            "eps_4q": -0.1,
            "eps_4q_growth_year": null,
            "roe": 0.15,
            "roe_4q": -0.51,
            "gross_profit": null,
            "gross_margin": null,
            "gross_margin_4q_avg": 0,
            "net_income": 304732,
            "revenue": 101566334,
            "common_shares": 96708774,
            "book_valuer_per_share": 20.22,
            "book_valuer_per_share_4q_avg": 15.97,
            "equity": 195554974,
            "current_ratio": null,
            "debt_ratio": 95.6,
            "inventory_turnover_ratio": null,
            "account_receivable_turnover_ratio": null,
            "reinvestment_rate": null,
            "research_to_sale_ratio": null,
            "price_fair": 0,
            "eps_avg_yearly": 0,
            "eps_latest_yearly": 0,
            "eps_growth_yearly": 0
        },
        "20103": {
            "year_quarter": 20103,
            "year": 2010,
            "quarter": 3,
            "eps": 0.51,
            "eps_growth_year": null,
            "eps_4q": 0.42,
            "eps_4q_growth_year": null,
            "roe": 2.44,
            "roe_4q": 1.9299999999999997,
            "gross_profit": null,
            "gross_margin": null,
            "gross_margin_4q_avg": 0,
            "net_income": 5080770,
            "revenue": 85167624,
            "common_shares": 101544213,
            "book_valuer_per_share": 21.73,
            "book_valuer_per_share_4q_avg": 21.4,
            "equity": 220685043,
            "current_ratio": null,
            "debt_ratio": 95.21,
            "inventory_turnover_ratio": null,
            "account_receivable_turnover_ratio": null,
            "reinvestment_rate": null,
            "research_to_sale_ratio": null,
            "price_fair": 71.4,
            "eps_avg_yearly": 2.04,
            "eps_latest_yearly": 2.04,
            "eps_growth_yearly": 6400
        },
        "20104": {
            "year_quarter": 20104,
            "year": 2010,
            "quarter": 4,
            "eps": 0.04,
            "eps_growth_year": null,
            "eps_4q": 0.45,
            "eps_4q_growth_year": null,
            "roe": 0.14,
            "roe_4q": 2.07,
            "gross_profit": null,
            "gross_margin": null,
            "gross_margin_4q_avg": 0,
            "net_income": 309308,
            "revenue": 61441569,
            "common_shares": 101544213,
            "book_valuer_per_share": 21.91,
            "book_valuer_per_share_4q_avg": 21.31,
            "equity": 222474676,
            "current_ratio": null,
            "debt_ratio": 95.26,
            "inventory_turnover_ratio": null,
            "account_receivable_turnover_ratio": null,
            "reinvestment_rate": null,
            "research_to_sale_ratio": null,
            "price_fair": 38.5,
            "eps_avg_yearly": 1.1,
            "eps_latest_yearly": 0.16,
            "eps_growth_yearly": 3015.69
        },
        "20111": {
            "year_quarter": 20111,
            "year": 2011,
            "quarter": 1,
            "eps": 0.19,
            "eps_growth_year": null,
            "eps_4q": 0.77,
            "eps_4q_growth_year": null,
            "roe": 0.87,
            "roe_4q": 3.6,
            "gross_profit": null,
            "gross_margin": null,
            "gross_margin_4q_avg": 0,
            "net_income": 1910277,
            "revenue": 65005830,
            "common_shares": 101544213,
            "book_valuer_per_share": 21.35,
            "book_valuer_per_share_4q_avg": 21.3,
            "equity": 216800790,
            "current_ratio": null,
            "debt_ratio": 95.46,
            "inventory_turnover_ratio": null,
            "account_receivable_turnover_ratio": null,
            "reinvestment_rate": null,
            "research_to_sale_ratio": null,
            "price_fair": 34.53,
            "eps_avg_yearly": 0.99,
            "eps_latest_yearly": 0.76,
            "eps_growth_yearly": 2510.46
        },
        "20112": {
            "year_quarter": 20112,
            "year": 2011,
            "quarter": 2,
            "eps": 0.46,
            "eps_growth_year": 1273.44,
            "eps_4q": 1.18,
            "eps_4q_growth_year": null,
            "roe": 2.3,
            "roe_4q": 5.75,
            "gross_profit": null,
            "gross_margin": null,
            "gross_margin_4q_avg": 0,
            "net_income": 4929348,
            "revenue": 56842231,
            "common_shares": 101544213,
            "book_valuer_per_share": 20.92,
            "book_valuer_per_share_4q_avg": 21.48,
            "equity": 212427235,
            "current_ratio": null,
            "debt_ratio": 95.62,
            "inventory_turnover_ratio": null,
            "account_receivable_turnover_ratio": null,
            "reinvestment_rate": null,
            "research_to_sale_ratio": null,
            "price_fair": 42,
            "eps_avg_yearly": 1.2,
            "eps_latest_yearly": 1.84,
            "eps_growth_yearly": 2024.95
        },
        "20113": {
            "year_quarter": 20113,
            "year": 2011,
            "quarter": 3,
            "eps": 0.48,
            "eps_growth_year": -5.47,
            "eps_4q": 1.17,
            "eps_4q_growth_year": 181.61,
            "roe": 2.54,
            "roe_4q": 5.85,
            "gross_profit": null,
            "gross_margin": null,
            "gross_margin_4q_avg": 0,
            "net_income": 4915233,
            "revenue": 55922898,
            "common_shares": 103575097,
            "book_valuer_per_share": 17.21,
            "book_valuer_per_share_4q_avg": 20.35,
            "equity": 175256855,
            "current_ratio": null,
            "debt_ratio": 96.51,
            "inventory_turnover_ratio": null,
            "account_receivable_turnover_ratio": null,
            "reinvestment_rate": null,
            "research_to_sale_ratio": null,
            "price_fair": 47.04,
            "eps_avg_yearly": 1.34,
            "eps_latest_yearly": 1.92,
            "eps_growth_yearly": 1623.44
        },
        "20114": {
            "year_quarter": 20114,
            "year": 2011,
            "quarter": 4,
            "eps": -0.04,
            "eps_growth_year": -218.97,
            "eps_4q": 1.1,
            "eps_4q_growth_year": 141.83,
            "roe": -0.24,
            "roe_4q": 5.47,
            "gross_profit": null,
            "gross_margin": null,
            "gross_margin_4q_avg": 0,
            "net_income": -470328,
            "revenue": 76999953,
            "common_shares": 103575097,
            "book_valuer_per_share": 21.43,
            "book_valuer_per_share_4q_avg": 20.23,
            "equity": 217711573,
            "current_ratio": null,
            "debt_ratio": 95.65,
            "inventory_turnover_ratio": null,
            "account_receivable_turnover_ratio": null,
            "reinvestment_rate": null,
            "research_to_sale_ratio": null,
            "price_fair": 47.04,
            "eps_avg_yearly": 1.34,
            "eps_latest_yearly": 1.92,
            "eps_growth_yearly": 1623.44
        },
        "20121": {
            "year_quarter": 20121,
            "year": 2012,
            "quarter": 1,
            "eps": 0.21,
            "eps_growth_year": 10.53,
            "eps_4q": 1.1,
            "eps_4q_growth_year": 43.52,
            "roe": 0.91,
            "roe_4q": 5.51,
            "gross_profit": null,
            "gross_margin": null,
            "gross_margin_4q_avg": 0,
            "net_income": 2085621,
            "revenue": 117480441,
            "common_shares": 103575097,
            "book_valuer_per_share": 23.68,
            "book_valuer_per_share_4q_avg": 20.81,
            "equity": 240544361,
            "current_ratio": null,
            "debt_ratio": 95.38,
            "inventory_turnover_ratio": null,
            "account_receivable_turnover_ratio": null,
            "reinvestment_rate": null,
            "research_to_sale_ratio": null,
            "price_fair": 47.04,
            "eps_avg_yearly": 1.34,
            "eps_latest_yearly": 1.92,
            "eps_growth_yearly": 1623.44
        },
        "20122": {
            "year_quarter": 20122,
            "year": 2012,
            "quarter": 2,
            "eps": 0.3,
            "eps_growth_year": -33.85,
            "eps_4q": 0.91,
            "eps_4q_growth_year": -22.93,
            "roe": 1.4,
            "roe_4q": 4.61,
            "gross_profit": null,
            "gross_margin": null,
            "gross_margin_4q_avg": 0,
            "net_income": 3237712,
            "revenue": 96137218,
            "common_shares": 103575097,
            "book_valuer_per_share": 21.7,
            "book_valuer_per_share_4q_avg": 21.01,
            "equity": 220460574,
            "current_ratio": null,
            "debt_ratio": 95.76,
            "inventory_turnover_ratio": null,
            "account_receivable_turnover_ratio": null,
            "reinvestment_rate": null,
            "research_to_sale_ratio": null,
            "price_fair": 46.2,
            "eps_avg_yearly": 1.32,
            "eps_latest_yearly": 1.2,
            "eps_growth_yearly": 1381.44
        },
        "20123": {
            "year_quarter": 20123,
            "year": 2012,
            "quarter": 3,
            "eps": 0.71,
            "eps_growth_year": 47.42,
            "eps_4q": 1.16,
            "eps_4q_growth_year": -1.05,
            "roe": 3.28,
            "roe_4q": 5.35,
            "gross_profit": null,
            "gross_margin": null,
            "gross_margin_4q_avg": 0,
            "net_income": 7643846,
            "revenue": 82731513,
            "common_shares": 108653851,
            "book_valuer_per_share": 23.08,
            "book_valuer_per_share_4q_avg": 22.47,
            "equity": 246116012,
            "current_ratio": null,
            "debt_ratio": 95.42,
            "inventory_turnover_ratio": null,
            "account_receivable_turnover_ratio": null,
            "reinvestment_rate": null,
            "research_to_sale_ratio": null,
            "price_fair": 53.8,
            "eps_avg_yearly": 1.54,
            "eps_latest_yearly": 2.84,
            "eps_growth_yearly": 1262.18
        },
        "20124": {
            "year_quarter": 20124,
            "year": 2012,
            "quarter": 4,
            "eps": 0.39,
            "eps_growth_year": null,
            "eps_4q": 1.59,
            "eps_4q_growth_year": 45.5,
            "roe": 1.65,
            "roe_4q": 7.24,
            "gross_profit": null,
            "gross_margin": null,
            "gross_margin_4q_avg": 0,
            "net_income": 4090858,
            "revenue": 82413236,
            "common_shares": 108653851,
            "book_valuer_per_share": 23.31,
            "book_valuer_per_share_4q_avg": 22.94,
            "equity": 248584448,
            "current_ratio": null,
            "debt_ratio": 95.43,
            "inventory_turnover_ratio": null,
            "account_receivable_turnover_ratio": null,
            "reinvestment_rate": 114.13,
            "research_to_sale_ratio": null,
            "price_fair": 53.9,
            "eps_avg_yearly": 1.54,
            "eps_latest_yearly": 1.56,
            "eps_growth_yearly": 1081.87
        },
        "20131": {
            "year_quarter": 20131,
            "year": 2013,
            "quarter": 1,
            "eps": 0.65,
            "eps_growth_year": 209.52,
            "eps_4q": 2.06,
            "eps_4q_growth_year": 86.63,
            "roe": 2.8,
            "roe_4q": 9.129999999999999,
            "gross_profit": null,
            "gross_margin": null,
            "gross_margin_4q_avg": 0,
            "net_income": 7064420,
            "revenue": 87824966,
            "common_shares": 108653851,
            "book_valuer_per_share": 23.58,
            "book_valuer_per_share_4q_avg": 22.92,
            "equity": 255475724,
            "current_ratio": null,
            "debt_ratio": 95.5,
            "inventory_turnover_ratio": null,
            "account_receivable_turnover_ratio": null,
            "reinvestment_rate": 159.9,
            "research_to_sale_ratio": null,
            "price_fair": 58.02,
            "eps_avg_yearly": 1.66,
            "eps_latest_yearly": 2.6,
            "eps_growth_yearly": 991.3
        },
        "20132": {
            "year_quarter": 20132,
            "year": 2013,
            "quarter": 2,
            "eps": 0.74,
            "eps_growth_year": 144.12,
            "eps_4q": 2.33,
            "eps_4q_growth_year": 156.53,
            "roe": 3.19,
            "roe_4q": 10.92,
            "gross_profit": null,
            "gross_margin": null,
            "gross_margin_4q_avg": 0,
            "net_income": 7909971,
            "revenue": 80949396,
            "common_shares": 108653851,
            "book_valuer_per_share": 22.26,
            "book_valuer_per_share_4q_avg": 23.06,
            "equity": 241197053,
            "current_ratio": null,
            "debt_ratio": 95.81,
            "inventory_turnover_ratio": null,
            "account_receivable_turnover_ratio": null,
            "reinvestment_rate": 137.27,
            "research_to_sale_ratio": null,
            "price_fair": 62.58,
            "eps_avg_yearly": 1.79,
            "eps_latest_yearly": 2.96,
            "eps_growth_yearly": 897.7
        },
        "20133": {
            "year_quarter": 20133,
            "year": 2013,
            "quarter": 3,
            "eps": 1.03,
            "eps_growth_year": 44.26,
            "eps_4q": 2.61,
            "eps_4q_growth_year": 125.12,
            "roe": 4.73,
            "roe_4q": 12.37,
            "gross_profit": null,
            "gross_margin": null,
            "gross_margin_4q_avg": 0,
            "net_income": 11804641,
            "revenue": 87908981,
            "common_shares": 112183851,
            "book_valuer_per_share": 23.01,
            "book_valuer_per_share_4q_avg": 23.04,
            "equity": 257735706,
            "current_ratio": null,
            "debt_ratio": 95.63,
            "inventory_turnover_ratio": null,
            "account_receivable_turnover_ratio": null,
            "reinvestment_rate": 118.52,
            "research_to_sale_ratio": null,
            "price_fair": 70,
            "eps_avg_yearly": 2,
            "eps_latest_yearly": 4.12,
            "eps_growth_yearly": 830.35
        },
        "20134": {
            "year_quarter": 20134,
            "year": 2013,
            "quarter": 4,
            "eps": 0.19,
            "eps_growth_year": -51.66,
            "eps_4q": 2.41,
            "eps_4q_growth_year": 51.08,
            "roe": 0.83,
            "roe_4q": 11.55,
            "gross_profit": null,
            "gross_margin": null,
            "gross_margin_4q_avg": 0,
            "net_income": 2241079,
            "revenue": 126193939,
            "common_shares": 119649621,
            "book_valuer_per_share": 23.49,
            "book_valuer_per_share_4q_avg": 23.09,
            "equity": 285260051,
            "current_ratio": null,
            "debt_ratio": 95.31,
            "inventory_turnover_ratio": null,
            "account_receivable_turnover_ratio": null,
            "reinvestment_rate": 106.09,
            "research_to_sale_ratio": null,
            "price_fair": 66.38,
            "eps_avg_yearly": 1.9,
            "eps_latest_yearly": 0.76,
            "eps_growth_yearly": 733.97
        },
        "20141": {
            "year_quarter": 20141,
            "year": 2014,
            "quarter": 1,
            "eps": 1.03,
            "eps_growth_year": 58.46,
            "eps_4q": 2.86,
            "eps_4q_growth_year": 38.7,
            "roe": 3.63,
            "roe_4q": 12.38,
            "gross_profit": null,
            "gross_margin": null,
            "gross_margin_4q_avg": 0,
            "net_income": 12353208,
            "revenue": 85702500,
            "common_shares": 119649621,
            "book_valuer_per_share": 32.63,
            "book_valuer_per_share_4q_avg": 25.35,
            "equity": 394761016,
            "current_ratio": null,
            "debt_ratio": 93.81,
            "inventory_turnover_ratio": null,
            "account_receivable_turnover_ratio": null,
            "reinvestment_rate": 73.58,
            "research_to_sale_ratio": null,
            "price_fair": 72.37,
            "eps_avg_yearly": 2.07,
            "eps_latest_yearly": 4.12,
            "eps_growth_yearly": 813.54
        },
        "20142": {
            "year_quarter": 20142,
            "year": 2014,
            "quarter": 2,
            "eps": 1.45,
            "eps_growth_year": 95.95,
            "eps_4q": 3.54,
            "eps_4q_growth_year": 51.79,
            "roe": 4.53,
            "roe_4q": 13.72,
            "gross_profit": null,
            "gross_margin": null,
            "gross_margin_4q_avg": 0,
            "net_income": 18248641,
            "revenue": 81409497,
            "common_shares": 119649621,
            "book_valuer_per_share": 33.91,
            "book_valuer_per_share_4q_avg": 28.26,
            "equity": 410873245,
            "current_ratio": null,
            "debt_ratio": 93.68,
            "inventory_turnover_ratio": null,
            "account_receivable_turnover_ratio": null,
            "reinvestment_rate": 61.07,
            "research_to_sale_ratio": null,
            "price_fair": 81.7,
            "eps_avg_yearly": 2.33,
            "eps_latest_yearly": 5.8,
            "eps_growth_yearly": 767.08
        },
        "20143": {
            "year_quarter": 20143,
            "year": 2014,
            "quarter": 3,
            "eps": 1.12,
            "eps_growth_year": 8.74,
            "eps_4q": 3.72,
            "eps_4q_growth_year": 42.48,
            "roe": 3.49,
            "roe_4q": 12.479999999999999,
            "gross_profit": null,
            "gross_margin": null,
            "gross_margin_4q_avg": 0,
            "net_income": 14142912,
            "revenue": 118313900,
            "common_shares": 125632102,
            "book_valuer_per_share": 31.47,
            "book_valuer_per_share_4q_avg": 30.38,
            "equity": 400731556,
            "current_ratio": null,
            "debt_ratio": 93.98,
            "inventory_turnover_ratio": null,
            "account_receivable_turnover_ratio": null,
            "reinvestment_rate": 55.84,
            "research_to_sale_ratio": null,
            "price_fair": 87.8,
            "eps_avg_yearly": 2.51,
            "eps_latest_yearly": 4.48,
            "eps_growth_yearly": 303.43
        },
        "20144": {
            "year_quarter": 20144,
            "year": 2014,
            "quarter": 4,
            "eps": 0.4,
            "eps_growth_year": 111.43,
            "eps_4q": 3.94,
            "eps_4q_growth_year": 63.68,
            "roe": 1.2,
            "roe_4q": 12.850000000000001,
            "gross_profit": null,
            "gross_margin": null,
            "gross_margin_4q_avg": 0,
            "net_income": 5039876,
            "revenue": 121949606,
            "common_shares": 125632102,
            "book_valuer_per_share": 34.44,
            "book_valuer_per_share_4q_avg": 33.11,
            "equity": 438320982,
            "current_ratio": null,
            "debt_ratio": 93.69,
            "inventory_turnover_ratio": null,
            "account_receivable_turnover_ratio": null,
            "reinvestment_rate": 53.52,
            "research_to_sale_ratio": null,
            "price_fair": 91.4,
            "eps_avg_yearly": 2.61,
            "eps_latest_yearly": 1.6,
            "eps_growth_yearly": 311.4
        },
        "20151": {
            "year_quarter": 20151,
            "year": 2015,
            "quarter": 1,
            "eps": 1.43,
            "eps_growth_year": 38.84,
            "eps_4q": 4.39,
            "eps_4q_growth_year": 53.73,
            "roe": 4.03,
            "roe_4q": 13.25,
            "gross_profit": null,
            "gross_margin": null,
            "gross_margin_4q_avg": 0,
            "net_income": 18108672,
            "revenue": 104157803,
            "common_shares": 125632102,
            "book_valuer_per_share": 36.1,
            "book_valuer_per_share_4q_avg": 33.98,
            "equity": 459317095,
            "current_ratio": null,
            "debt_ratio": 93.48,
            "inventory_turnover_ratio": null,
            "account_receivable_turnover_ratio": null,
            "reinvestment_rate": 48.01,
            "research_to_sale_ratio": null,
            "price_fair": 103.8,
            "eps_avg_yearly": 2.97,
            "eps_latest_yearly": 5.72,
            "eps_growth_yearly": 277.83
        },
        "20152": {
            "year_quarter": 20152,
            "year": 2015,
            "quarter": 2,
            "eps": 1.83,
            "eps_growth_year": 26.21,
            "eps_4q": 4.77,
            "eps_4q_growth_year": 34.87,
            "roe": 5.18,
            "roe_4q": 13.9,
            "gross_profit": null,
            "gross_margin": null,
            "gross_margin_4q_avg": 0,
            "net_income": 23124982,
            "revenue": 132751352,
            "common_shares": 125632102,
            "book_valuer_per_share": 34.01,
            "book_valuer_per_share_4q_avg": 34.01,
            "equity": 433100868,
            "current_ratio": null,
            "debt_ratio": 93.92,
            "inventory_turnover_ratio": null,
            "account_receivable_turnover_ratio": null,
            "reinvestment_rate": 55.32,
            "research_to_sale_ratio": null,
            "price_fair": 117.5,
            "eps_avg_yearly": 3.36,
            "eps_latest_yearly": 7.32,
            "eps_growth_yearly": 245.22
        },
        "20153": {
            "year_quarter": 20153,
            "year": 2015,
            "quarter": 3,
            "eps": 1.07,
            "eps_growth_year": -4.46,
            "eps_4q": 4.73,
            "eps_4q_growth_year": 27.19,
            "roe": 3.11,
            "roe_4q": 13.52,
            "gross_profit": null,
            "gross_margin": null,
            "gross_margin_4q_avg": 0,
            "net_income": 13651099,
            "revenue": 111669865,
            "common_shares": 125632102,
            "book_valuer_per_share": 34.81,
            "book_valuer_per_share_4q_avg": 34.84,
            "equity": 443451026,
            "current_ratio": null,
            "debt_ratio": 94.1,
            "inventory_turnover_ratio": null,
            "account_receivable_turnover_ratio": null,
            "reinvestment_rate": 52.63,
            "research_to_sale_ratio": null,
            "price_fair": 123.4,
            "eps_avg_yearly": 3.53,
            "eps_latest_yearly": 4.28,
            "eps_growth_yearly": 232.11
        },
        "20154": {
            "year_quarter": 20154,
            "year": 2015,
            "quarter": 4,
            "eps": 0.25,
            "eps_growth_year": -38.8,
            "eps_4q": 4.58,
            "eps_4q_growth_year": 16.14,
            "roe": 0.66,
            "roe_4q": 12.98,
            "gross_profit": null,
            "gross_margin": null,
            "gross_margin_4q_avg": 0,
            "net_income": 2997618,
            "revenue": 92686019,
            "common_shares": 125632102,
            "book_valuer_per_share": 36.22,
            "book_valuer_per_share_4q_avg": 35.29,
            "equity": 461062202,
            "current_ratio": null,
            "debt_ratio": 93.91,
            "inventory_turnover_ratio": null,
            "account_receivable_turnover_ratio": null,
            "reinvestment_rate": 54.36,
            "research_to_sale_ratio": null,
            "price_fair": 117.51,
            "eps_avg_yearly": 3.36,
            "eps_latest_yearly": 1,
            "eps_growth_yearly": 196.2
        },
        "20161": {
            "year_quarter": 20161,
            "year": 2016,
            "quarter": 1,
            "eps": 0.65,
            "eps_growth_year": -54.55,
            "eps_4q": 3.8,
            "eps_4q_growth_year": -13.42,
            "roe": 1.79,
            "roe_4q": 10.74,
            "gross_profit": null,
            "gross_margin": null,
            "gross_margin_4q_avg": 0,
            "net_income": 8337866,
            "revenue": 120302943,
            "common_shares": 125632102,
            "book_valuer_per_share": 36.99,
            "book_valuer_per_share_4q_avg": 35.51,
            "equity": 470969726,
            "current_ratio": null,
            "debt_ratio": 93.83,
            "inventory_turnover_ratio": null,
            "account_receivable_turnover_ratio": null,
            "reinvestment_rate": 52.76,
            "research_to_sale_ratio": null,
            "price_fair": 115.85,
            "eps_avg_yearly": 3.31,
            "eps_latest_yearly": 2.6,
            "eps_growth_yearly": 223.94
        },
        "20162": {
            "year_quarter": 20162,
            "year": 2016,
            "quarter": 2,
            "eps": 0.46,
            "eps_growth_year": -74.86,
            "eps_4q": 2.43,
            "eps_4q_growth_year": -49.13,
            "roe": 1.27,
            "roe_4q": 6.83,
            "gross_profit": null,
            "gross_margin": null,
            "gross_margin_4q_avg": 0,
            "net_income": 5905369,
            "revenue": 138268841,
            "common_shares": 125632102,
            "book_valuer_per_share": 35.86,
            "book_valuer_per_share_4q_avg": 35.97,
            "equity": 456655124,
            "current_ratio": null,
            "debt_ratio": 94.15,
            "inventory_turnover_ratio": null,
            "account_receivable_turnover_ratio": null,
            "reinvestment_rate": 52.22,
            "research_to_sale_ratio": null,
            "price_fair": 117.25,
            "eps_avg_yearly": 3.35,
            "eps_latest_yearly": 1.84,
            "eps_growth_yearly": 205.91
        },
        "20163": {
            "year_quarter": 20163,
            "year": 2016,
            "quarter": 3,
            "eps": 1.97,
            "eps_growth_year": 84.11,
            "eps_4q": 3.33,
            "eps_4q_growth_year": -29.65,
            "roe": 5.24,
            "roe_4q": 8.96,
            "gross_profit": null,
            "gross_margin": null,
            "gross_margin_4q_avg": 0,
            "net_income": 25006235,
            "revenue": 150023273,
            "common_shares": 125632102,
            "book_valuer_per_share": 39.2,
            "book_valuer_per_share_4q_avg": 37.07,
            "equity": 498628644,
            "current_ratio": null,
            "debt_ratio": 93.72,
            "inventory_turnover_ratio": null,
            "account_receivable_turnover_ratio": null,
            "reinvestment_rate": 45.67,
            "research_to_sale_ratio": null,
            "price_fair": 128.28,
            "eps_avg_yearly": 3.67,
            "eps_latest_yearly": 7.88,
            "eps_growth_yearly": 253.81
        },
        "20164": {
            "year_quarter": 20164,
            "year": 2016,
            "quarter": 4,
            "eps": 0.71,
            "eps_growth_year": 187.63,
            "eps_4q": 3.79,
            "eps_4q_growth_year": -17.2,
            "roe": 1.71,
            "roe_4q": 10.010000000000002,
            "gross_profit": null,
            "gross_margin": null,
            "gross_margin_4q_avg": 0,
            "net_income": 8789730,
            "revenue": 130685127,
            "common_shares": 125632102,
            "book_valuer_per_share": 39.06,
            "book_valuer_per_share_4q_avg": 37.78,
            "equity": 529824021,
            "current_ratio": null,
            "debt_ratio": 93.49,
            "inventory_turnover_ratio": null,
            "account_receivable_turnover_ratio": null,
            "reinvestment_rate": 81.41,
            "research_to_sale_ratio": null,
            "price_fair": 131.08,
            "eps_avg_yearly": 3.75,
            "eps_latest_yearly": 2.84,
            "eps_growth_yearly": 249.09
        },
        "20171": {
            "year_quarter": 20171,
            "year": 2017,
            "quarter": 1,
            "eps": 0.85,
            "eps_growth_year": 30.77,
            "eps_4q": 3.99,
            "eps_4q_growth_year": 4.86,
            "roe": 2.01,
            "roe_4q": 10.23,
            "gross_profit": null,
            "gross_margin": null,
            "gross_margin_4q_avg": 0,
            "net_income": 10790222,
            "revenue": 126926382,
            "common_shares": 125632102,
            "book_valuer_per_share": 40.09,
            "book_valuer_per_share_4q_avg": 38.55,
            "equity": 543292810,
            "current_ratio": null,
            "debt_ratio": 93.44,
            "inventory_turnover_ratio": null,
            "account_receivable_turnover_ratio": null,
            "reinvestment_rate": 68.36,
            "research_to_sale_ratio": null,
            "price_fair": 132.83,
            "eps_avg_yearly": 3.8,
            "eps_latest_yearly": 3.4,
            "eps_growth_yearly": 237.35
        },
        "20172": {
            "year_quarter": 20172,
            "year": 2017,
            "quarter": 2,
            "eps": 1.24,
            "eps_growth_year": 169.57,
            "eps_4q": 4.77,
            "eps_4q_growth_year": 96.61,
            "roe": 2.83,
            "roe_4q": 11.79,
            "gross_profit": null,
            "gross_margin": null,
            "gross_margin_4q_avg": 0,
            "net_income": 15664857,
            "revenue": 147435853,
            "common_shares": 125632102,
            "book_valuer_per_share": 41.51,
            "book_valuer_per_share_4q_avg": 39.97,
            "equity": 562420580,
            "current_ratio": null,
            "debt_ratio": 93.35,
            "inventory_turnover_ratio": null,
            "account_receivable_turnover_ratio": null,
            "reinvestment_rate": 65.52,
            "research_to_sale_ratio": null,
            "price_fair": 137.2,
            "eps_avg_yearly": 3.92,
            "eps_latest_yearly": 4.96,
            "eps_growth_yearly": 245.36
        },
        "20173": {
            "year_quarter": 20173,
            "year": 2017,
            "quarter": 3,
            "eps": 1.72,
            "eps_growth_year": -12.69,
            "eps_4q": 4.52,
            "eps_4q_growth_year": 35.8,
            "roe": 3.77,
            "roe_4q": 10.32,
            "gross_profit": null,
            "gross_margin": null,
            "gross_margin_4q_avg": 0,
            "net_income": 21805675,
            "revenue": 153626187,
            "common_shares": 125632102,
            "book_valuer_per_share": 43.6,
            "book_valuer_per_share_4q_avg": 41.07,
            "equity": 593710239,
            "current_ratio": null,
            "debt_ratio": 93.19,
            "inventory_turnover_ratio": null,
            "account_receivable_turnover_ratio": null,
            "reinvestment_rate": 62.02,
            "research_to_sale_ratio": null,
            "price_fair": 143.24,
            "eps_avg_yearly": 4.09,
            "eps_latest_yearly": 6.88,
            "eps_growth_yearly": 245.24
        },
        "20174": {
            "year_quarter": 20174,
            "year": 2017,
            "quarter": 4,
            "eps": 0.67,
            "eps_growth_year": -5.69,
            "eps_4q": 4.48,
            "eps_4q_growth_year": 18.24,
            "roe": 1.4,
            "roe_4q": 10.01,
            "gross_profit": null,
            "gross_margin": null,
            "gross_margin_4q_avg": 0,
            "net_income": 8412470,
            "revenue": 156213515,
            "common_shares": 125632102,
            "book_valuer_per_share": 44.72,
            "book_valuer_per_share_4q_avg": 42.48,
            "equity": 608470543,
            "current_ratio": null,
            "debt_ratio": 93.12,
            "inventory_turnover_ratio": null,
            "account_receivable_turnover_ratio": null,
            "reinvestment_rate": 45.03,
            "research_to_sale_ratio": null,
            "price_fair": 147.44,
            "eps_avg_yearly": 4.21,
            "eps_latest_yearly": 2.68,
            "eps_growth_yearly": 250.37
        },
        "20181": {
            "year_quarter": 20181,
            "year": 2018,
            "quarter": 1,
            "eps": 1.84,
            "eps_growth_year": 116.47,
            "eps_4q": 5.47,
            "eps_4q_growth_year": 37.29,
            "roe": 3.82,
            "roe_4q": 11.82,
            "gross_profit": null,
            "gross_margin": null,
            "gross_margin_4q_avg": 0,
            "net_income": 23256926,
            "revenue": 121144060,
            "common_shares": 125632102,
            "book_valuer_per_share": 44.73,
            "book_valuer_per_share_4q_avg": 43.64,
            "equity": 608891565,
            "current_ratio": null,
            "debt_ratio": 93.21,
            "inventory_turnover_ratio": null,
            "account_receivable_turnover_ratio": null,
            "reinvestment_rate": 47.25,
            "research_to_sale_ratio": null,
            "price_fair": 154.53,
            "eps_avg_yearly": 4.42,
            "eps_latest_yearly": 7.36,
            "eps_growth_yearly": 183.5
        },
        "20182": {
            "year_quarter": 20182,
            "year": 2018,
            "quarter": 2,
            "eps": 0.87,
            "eps_growth_year": -29.84,
            "eps_4q": 5.26,
            "eps_4q_growth_year": 10.14,
            "roe": 2.11,
            "roe_4q": 11.1,
            "gross_profit": null,
            "gross_margin": null,
            "gross_margin_4q_avg": 0,
            "net_income": 12757473,
            "revenue": 134148640,
            "common_shares": 125632102,
            "book_valuer_per_share": 41.89,
            "book_valuer_per_share_4q_avg": 43.74,
            "equity": 599670952,
            "current_ratio": null,
            "debt_ratio": 93.49,
            "inventory_turnover_ratio": null,
            "account_receivable_turnover_ratio": null,
            "reinvestment_rate": 50.92,
            "research_to_sale_ratio": null,
            "price_fair": 149.45,
            "eps_avg_yearly": 4.27,
            "eps_latest_yearly": 3.48,
            "eps_growth_yearly": 160.13
        },
        "20183": {
            "year_quarter": 20183,
            "year": 2018,
            "quarter": 3,
            "eps": 1.47,
            "eps_growth_year": -14.53,
            "eps_4q": 4.99,
            "eps_4q_growth_year": 10.4,
            "roe": 3.07,
            "roe_4q": 10.4,
            "gross_profit": null,
            "gross_margin": null,
            "gross_margin_4q_avg": 0,
            "net_income": 18582580,
            "revenue": 103906301,
            "common_shares": 125632102,
            "book_valuer_per_share": 42.74,
            "book_valuer_per_share_4q_avg": 43.52,
            "equity": 611670913,
            "current_ratio": null,
            "debt_ratio": 93.39,
            "inventory_turnover_ratio": null,
            "account_receivable_turnover_ratio": null,
            "reinvestment_rate": 51.13,
            "research_to_sale_ratio": null,
            "price_fair": 152.51,
            "eps_avg_yearly": 4.36,
            "eps_latest_yearly": 5.88,
            "eps_growth_yearly": 183.06
        },
        "20184": {
            "year_quarter": 20184,
            "year": 2018,
            "quarter": 4,
            "eps": -0.23,
            "eps_growth_year": -134.54,
            "eps_4q": 4.1,
            "eps_4q_growth_year": -8.59,
            "roe": -0.49,
            "roe_4q": 8.51,
            "gross_profit": null,
            "gross_margin": null,
            "gross_margin_4q_avg": 0,
            "net_income": -2774723,
            "revenue": 114727045,
            "common_shares": 125632102,
            "book_valuer_per_share": 36.87,
            "book_valuer_per_share_4q_avg": 41.56,
            "equity": 529288995,
            "current_ratio": null,
            "debt_ratio": 94.26,
            "inventory_turnover_ratio": null,
            "account_receivable_turnover_ratio": null,
            "reinvestment_rate": 53.53,
            "research_to_sale_ratio": null,
            "price_fair": 158.95,
            "eps_avg_yearly": 4.54,
            "eps_latest_yearly": 5.88,
            "eps_growth_yearly": 212.4
        },
        "20191": {
            "year_quarter": 20191,
            "year": 2019,
            "quarter": 1,
            "eps": 1.05,
            "eps_growth_year": -42.93,
            "eps_4q": 3.31,
            "eps_4q_growth_year": -39.47,
            "roe": 2.28,
            "roe_4q": 6.969999999999999,
            "gross_profit": null,
            "gross_margin": null,
            "gross_margin_4q_avg": 0,
            "net_income": 13550013,
            "revenue": 125086081,
            "common_shares": 125632102,
            "book_valuer_per_share": 46.2,
            "book_valuer_per_share_4q_avg": 41.93,
            "equity": 661118162,
            "current_ratio": null,
            "debt_ratio": 93.07,
            "inventory_turnover_ratio": null,
            "account_receivable_turnover_ratio": null,
            "reinvestment_rate": 24.04,
            "research_to_sale_ratio": null,
            "price_fair": 156,
            "eps_avg_yearly": 4.46,
            "eps_latest_yearly": 5.88,
            "eps_growth_yearly": 154
        },
        "20192": {
            "year_quarter": 20192,
            "year": 2019,
            "quarter": 2,
            "eps": 1.4,
            "eps_growth_year": 60.92,
            "eps_4q": 3.89,
            "eps_4q_growth_year": -25.93,
            "roe": 3.03,
            "roe_4q": 7.889999999999999,
            "gross_profit": null,
            "gross_margin": null,
            "gross_margin_4q_avg": 0,
            "net_income": 20583818,
            "revenue": 117729404,
            "common_shares": 125632102,
            "book_valuer_per_share": 48.85,
            "book_valuer_per_share_4q_avg": 43.67,
            "equity": 698746684,
            "current_ratio": null,
            "debt_ratio": 92.82,
            "inventory_turnover_ratio": null,
            "account_receivable_turnover_ratio": null,
            "reinvestment_rate": 16.33,
            "research_to_sale_ratio": null,
            "price_fair": 151.7,
            "eps_avg_yearly": 4.33,
            "eps_latest_yearly": 5.6,
            "eps_growth_yearly": 155.54
        },
        "20193": {
            "year_quarter": 20193,
            "year": 2019,
            "quarter": 3,
            "eps": 1.41,
            "eps_growth_year": -4.08,
            "eps_4q": 3.84,
            "eps_4q_growth_year": -23.02,
            "roe": 2.52,
            "roe_4q": 7.34,
            "gross_profit": null,
            "gross_margin": null,
            "gross_margin_4q_avg": 0,
            "net_income": 18018343,
            "revenue": 139885203,
            "common_shares": 125632102,
            "book_valuer_per_share": 51.24,
            "book_valuer_per_share_4q_avg": 45.79,
            "equity": 732300632,
            "current_ratio": null,
            "debt_ratio": 92.63,
            "inventory_turnover_ratio": null,
            "account_receivable_turnover_ratio": null,
            "reinvestment_rate": 15.12,
            "research_to_sale_ratio": null,
            "price_fair": 155.1,
            "eps_avg_yearly": 4.43,
            "eps_latest_yearly": 5.64,
            "eps_growth_yearly": 167.61
        },
        "20194": {
            "year_quarter": 20194,
            "year": 2019,
            "quarter": 4,
            "eps": 0.88,
            "eps_growth_year": null,
            "eps_4q": 4.77,
            "eps_4q_growth_year": 16.33,
            "roe": 1.55,
            "roe_4q": 9.379999999999999,
            "gross_profit": null,
            "gross_margin": null,
            "gross_margin_4q_avg": 0,
            "net_income": 11707130,
            "revenue": 173186510,
            "common_shares": 131692102,
            "book_valuer_per_share": 52.49,
            "book_valuer_per_share_4q_avg": 49.7,
            "equity": 782027179,
            "current_ratio": null,
            "debt_ratio": 92.23,
            "inventory_turnover_ratio": null,
            "account_receivable_turnover_ratio": null,
            "reinvestment_rate": 12.38,
            "research_to_sale_ratio": null,
            "price_fair": 161.4,
            "eps_avg_yearly": 4.61,
            "eps_latest_yearly": 3.52,
            "eps_growth_yearly": 178.76
        },
        "20201": {
            "year_quarter": 20201,
            "year": 2020,
            "quarter": 1,
            "eps": 1.77,
            "eps_growth_year": 68.57,
            "eps_4q": 5.53,
            "eps_4q_growth_year": 66.97,
            "roe": 3.24,
            "roe_4q": 10.34,
            "gross_profit": null,
            "gross_margin": null,
            "gross_margin_4q_avg": 0,
            "net_income": 23513314,
            "revenue": 162091752,
            "common_shares": 131692102,
            "book_valuer_per_share": 44.85,
            "book_valuer_per_share_4q_avg": 49.36,
            "equity": 669552290,
            "current_ratio": null,
            "debt_ratio": 93.33,
            "inventory_turnover_ratio": null,
            "account_receivable_turnover_ratio": null,
            "reinvestment_rate": 10.89,
            "research_to_sale_ratio": null,
            "price_fair": 172.6,
            "eps_avg_yearly": 4.93,
            "eps_latest_yearly": 7.08,
            "eps_growth_yearly": 161.94
        },
        "20202": {
            "year_quarter": 20202,
            "year": 2020,
            "quarter": 2,
            "eps": 0.41,
            "eps_growth_year": -70.71,
            "eps_4q": 4.67,
            "eps_4q_growth_year": 19.8,
            "roe": 1.26,
            "roe_4q": 8.57,
            "gross_profit": null,
            "gross_margin": null,
            "gross_margin_4q_avg": 0,
            "net_income": 9188398,
            "revenue": 159058867,
            "common_shares": 131692102,
            "book_valuer_per_share": 52.77,
            "book_valuer_per_share_4q_avg": 50.34,
            "equity": 787238614,
            "current_ratio": null,
            "debt_ratio": 92.39,
            "inventory_turnover_ratio": null,
            "account_receivable_turnover_ratio": null,
            "reinvestment_rate": 3.22,
            "research_to_sale_ratio": null,
            "price_fair": 172.1,
            "eps_avg_yearly": 4.92,
            "eps_latest_yearly": 1.64,
            "eps_growth_yearly": 148.34
        },
        "20203": {
            "year_quarter": 20203,
            "year": 2020,
            "quarter": 3,
            "eps": 2.37,
            "eps_growth_year": 68.09,
            "eps_4q": 5.69,
            "eps_4q_growth_year": 48.07,
            "roe": 3.94,
            "roe_4q": 9.990000000000002,
            "gross_profit": null,
            "gross_margin": null,
            "gross_margin_4q_avg": 0,
            "net_income": 31713722,
            "revenue": 153000336,
            "common_shares": 131692102,
            "book_valuer_per_share": 55.31,
            "book_valuer_per_share_4q_avg": 51.36,
            "equity": 824630007,
            "current_ratio": null,
            "debt_ratio": 92.19,
            "inventory_turnover_ratio": null,
            "account_receivable_turnover_ratio": null,
            "reinvestment_rate": 2.58,
            "research_to_sale_ratio": null,
            "price_fair": 176.1,
            "eps_avg_yearly": 5.03,
            "eps_latest_yearly": 9.48,
            "eps_growth_yearly": 191.14
        },
        "20204": {
            "year_quarter": 20204,
            "year": 2020,
            "quarter": 4,
            "eps": 0.85,
            "eps_growth_year": -3.05,
            "eps_4q": 5.66,
            "eps_4q_growth_year": 18.84,
            "roe": 1.33,
            "roe_4q": 9.77,
            "gross_profit": null,
            "gross_margin": null,
            "gross_margin_4q_avg": 0,
            "net_income": 11542789,
            "revenue": 155763530,
            "common_shares": 131692102,
            "book_valuer_per_share": 60.74,
            "book_valuer_per_share_4q_avg": 53.42,
            "equity": 904775681,
            "current_ratio": null,
            "debt_ratio": 91.74,
            "inventory_turnover_ratio": null,
            "account_receivable_turnover_ratio": null,
            "reinvestment_rate": -27.69,
            "research_to_sale_ratio": null,
            "price_fair": 177.5,
            "eps_avg_yearly": 5.07,
            "eps_latest_yearly": 3.4,
            "eps_growth_yearly": 191.09
        },
        "20211": {
            "year_quarter": 20211,
            "year": 2021,
            "quarter": 1,
            "eps": 4.36,
            "eps_growth_year": 146.33,
            "eps_4q": 8.25,
            "eps_4q_growth_year": 49.18,
            "roe": 6.51,
            "roe_4q": 13.04,
            "gross_profit": null,
            "gross_margin": null,
            "gross_margin_4q_avg": 0,
            "net_income": 57566600,
            "revenue": 189607853,
            "common_shares": 131692102,
            "book_valuer_per_share": 58.07,
            "book_valuer_per_share_4q_avg": 56.72,
            "equity": 864825075,
            "current_ratio": null,
            "debt_ratio": 92.2,
            "inventory_turnover_ratio": null,
            "account_receivable_turnover_ratio": null,
            "reinvestment_rate": -23.72,
            "research_to_sale_ratio": null,
            "price_fair": 212.6,
            "eps_avg_yearly": 6.07,
            "eps_latest_yearly": 17.44,
            "eps_growth_yearly": 303.44
        },
        "20212": {
            "year_quarter": 20212,
            "year": 2021,
            "quarter": 2,
            "eps": 2.3,
            "eps_growth_year": 460.98,
            "eps_4q": 10.14,
            "eps_4q_growth_year": 117.3,
            "roe": 3.85,
            "roe_4q": 15.629999999999999,
            "gross_profit": null,
            "gross_margin": null,
            "gross_margin_4q_avg": 0,
            "net_income": 33949413,
            "revenue": 156168588,
            "common_shares": 131692102,
            "book_valuer_per_share": 60.27,
            "book_valuer_per_share_4q_avg": 58.6,
            "equity": 897416552,
            "current_ratio": null,
            "debt_ratio": 92.07,
            "inventory_turnover_ratio": null,
            "account_receivable_turnover_ratio": null,
            "reinvestment_rate": -21.96,
            "research_to_sale_ratio": null,
            "price_fair": 223.2,
            "eps_avg_yearly": 6.38,
            "eps_latest_yearly": 9.2,
            "eps_growth_yearly": 276.83
        },
        "20213": {
            "year_quarter": 20213,
            "year": 2021,
            "quarter": 3,
            "eps": 2.32,
            "eps_growth_year": -2.11,
            "eps_4q": 10.09,
            "eps_4q_growth_year": 77.27,
            "roe": 3.49,
            "roe_4q": 15.18,
            "gross_profit": null,
            "gross_margin": null,
            "gross_margin_4q_avg": 0,
            "net_income": 30853447,
            "revenue": 131812609,
            "common_shares": 131692102,
            "book_valuer_per_share": 58.41,
            "book_valuer_per_share_4q_avg": 59.37,
            "equity": 870033205,
            "current_ratio": null,
            "debt_ratio": 92.36,
            "inventory_turnover_ratio": null,
            "account_receivable_turnover_ratio": null,
            "reinvestment_rate": -21.66,
            "research_to_sale_ratio": null,
            "price_fair": 229.2,
            "eps_avg_yearly": 6.55,
            "eps_latest_yearly": 9.28,
            "eps_growth_yearly": 266.02
        },
        "20214": {
            "year_quarter": 20214,
            "year": 2021,
            "quarter": 4,
            "eps": 1.36,
            "eps_growth_year": 59.47,
            "eps_4q": 10.59,
            "eps_4q_growth_year": 87.07,
            "roe": 2.08,
            "roe_4q": 15.93,
            "gross_profit": null,
            "gross_margin": null,
            "gross_margin_4q_avg": 0,
            "net_income": 18519850,
            "revenue": 148373555,
            "common_shares": 131692102,
            "book_valuer_per_share": 61.35,
            "book_valuer_per_share_4q_avg": 59.53,
            "equity": 914038727,
            "current_ratio": null,
            "debt_ratio": 92.12,
            "inventory_turnover_ratio": null,
            "account_receivable_turnover_ratio": null,
            "reinvestment_rate": -21.93,
            "research_to_sale_ratio": null,
            "price_fair": 236.1,
            "eps_avg_yearly": 6.75,
            "eps_latest_yearly": 5.44,
            "eps_growth_yearly": 271.64
        },
        "20221": {
            "year_quarter": 20221,
            "year": 2022,
            "quarter": 1,
            "eps": 2.6,
            "eps_growth_year": -40.37,
            "eps_4q": 8.84,
            "eps_4q_growth_year": 7.09,
            "roe": 4.09,
            "roe_4q": 13.51,
            "gross_profit": null,
            "gross_margin": null,
            "gross_margin_4q_avg": 0,
            "net_income": 34375283,
            "revenue": 132076882,
            "common_shares": 131692102,
            "book_valuer_per_share": 51.33,
            "book_valuer_per_share_4q_avg": 57.84,
            "equity": 766879036,
            "current_ratio": null,
            "debt_ratio": 93.45,
            "inventory_turnover_ratio": null,
            "account_receivable_turnover_ratio": null,
            "reinvestment_rate": -20.79,
            "research_to_sale_ratio": null,
            "price_fair": 243.7,
            "eps_avg_yearly": 6.96,
            "eps_latest_yearly": 10.4,
            "eps_growth_yearly": 247.79
        },
        "20222": {
            "year_quarter": 20222,
            "year": 2022,
            "quarter": 2,
            "eps": 0.85,
            "eps_growth_year": -63.04,
            "eps_4q": 7.39,
            "eps_4q_growth_year": -27.14,
            "roe": 2.45,
            "roe_4q": 12.110000000000001,
            "gross_profit": null,
            "gross_margin": null,
            "gross_margin_4q_avg": 0,
            "net_income": 14938111,
            "revenue": 105719383,
            "common_shares": 131692102,
            "book_valuer_per_share": 29.9,
            "book_valuer_per_share_4q_avg": 50.25,
            "equity": 451392583,
            "current_ratio": null,
            "debt_ratio": 96.1,
            "inventory_turnover_ratio": null,
            "account_receivable_turnover_ratio": null,
            "reinvestment_rate": -22.12,
            "research_to_sale_ratio": null,
            "price_fair": 243.5,
            "eps_avg_yearly": 6.96,
            "eps_latest_yearly": 3.4,
            "eps_growth_yearly": 243.63
        },
        "20223": {
            "year_quarter": 20223,
            "year": 2022,
            "quarter": 3,
            "eps": 0.38,
            "eps_growth_year": -83.62,
            "eps_4q": 5.45,
            "eps_4q_growth_year": -45.94,
            "roe": 1.36,
            "roe_4q": 9.98,
            "gross_profit": null,
            "gross_margin": null,
            "gross_margin_4q_avg": 0,
            "net_income": 5165938,
            "revenue": 68694454,
            "common_shares": 131692102,
            "book_valuer_per_share": 20.06,
            "book_valuer_per_share_4q_avg": 40.66,
            "equity": 306642682,
            "current_ratio": null,
            "debt_ratio": 97.42,
            "inventory_turnover_ratio": null,
            "account_receivable_turnover_ratio": null,
            "reinvestment_rate": -23.44,
            "research_to_sale_ratio": null,
            "price_fair": 232.6,
            "eps_avg_yearly": 6.65,
            "eps_latest_yearly": 1.52,
            "eps_growth_yearly": 208.12
        },
        "20224": {
            "year_quarter": 20224,
            "year": 2022,
            "quarter": 4,
            "eps": -1.13,
            "eps_growth_year": -182.84,
            "eps_4q": 2.55,
            "eps_4q_growth_year": -75.96,
            "roe": -3.6,
            "roe_4q": 4.3,
            "gross_profit": null,
            "gross_margin": null,
            "gross_margin_4q_avg": 0,
            "net_income": -16517218,
            "revenue": 34942939,
            "common_shares": 146692102,
            "book_valuer_per_share": 36.96,
            "book_valuer_per_share_4q_avg": 34.56,
            "equity": 611708035,
            "current_ratio": null,
            "debt_ratio": 94.93,
            "inventory_turnover_ratio": null,
            "account_receivable_turnover_ratio": null,
            "reinvestment_rate": -22.26,
            "research_to_sale_ratio": null,
            "price_fair": 232.6,
            "eps_avg_yearly": 6.65,
            "eps_latest_yearly": 1.52,
            "eps_growth_yearly": 208.12
        },
        "20231": {
            "year_quarter": 20231,
            "year": 2023,
            "quarter": 1,
            "eps": 0.48,
            "eps_growth_year": -81.54,
            "eps_4q": 0.69,
            "eps_4q_growth_year": -92.16,
            "roe": 1.1,
            "roe_4q": 1.3100000000000003,
            "gross_profit": null,
            "gross_margin": null,
            "gross_margin_4q_avg": 0,
            "net_income": 7173384,
            "revenue": 68410247,
            "common_shares": 146692102,
            "book_valuer_per_share": 42.12,
            "book_valuer_per_share_4q_avg": 32.26,
            "equity": 695847162,
            "current_ratio": null,
            "debt_ratio": 94.32,
            "inventory_turnover_ratio": null,
            "account_receivable_turnover_ratio": null,
            "reinvestment_rate": -2.42,
            "research_to_sale_ratio": null,
            "price_fair": 232.6,
            "eps_avg_yearly": 6.65,
            "eps_latest_yearly": 1.52,
            "eps_growth_yearly": 208.12
        },
        "20232": {
            "year_quarter": 20232,
            "year": 2023,
            "quarter": 2,
            "eps": 1.5,
            "eps_growth_year": 76.47,
            "eps_4q": 1.43,
            "eps_4q_growth_year": -80.57,
            "roe": 3.65,
            "roe_4q": 2.51,
            "gross_profit": null,
            "gross_margin": null,
            "gross_margin_4q_avg": 0,
            "net_income": 25844404,
            "revenue": 94002234,
            "common_shares": 146692102,
            "book_valuer_per_share": 43.65,
            "book_valuer_per_share_4q_avg": 35.7,
            "equity": 720567088,
            "current_ratio": null,
            "debt_ratio": 94.33,
            "inventory_turnover_ratio": null,
            "account_receivable_turnover_ratio": null,
            "reinvestment_rate": -2.56,
            "research_to_sale_ratio": null,
            "price_fair": 233.6,
            "eps_avg_yearly": 6.67,
            "eps_latest_yearly": 6,
            "eps_growth_yearly": 259.31
        }
    },
    "months": {
        "2001-12": {
            "month": "2001-12",
            "price": "57.00",
            "revenue": 0
        },
        "2002-01": {
            "month": "2002-01",
            "price": "52.84",
            "revenue": 599134
        },
        "2002-02": {
            "month": "2002-02",
            "price": "51.12",
            "revenue": 951600
        },
        "2002-03": {
            "month": "2002-03",
            "price": "49.47",
            "revenue": 3509419
        },
        "2002-04": {
            "month": "2002-04",
            "price": "51.74",
            "revenue": 1758916
        },
        "2002-05": {
            "month": "2002-05",
            "price": "49.60",
            "revenue": 712112
        },
        "2002-06": {
            "month": "2002-06",
            "price": "49.17",
            "revenue": -1378530
        },
        "2002-07": {
            "month": "2002-07",
            "price": "45.16",
            "revenue": -1271393
        },
        "2002-08": {
            "month": "2002-08",
            "price": "43.72",
            "revenue": 349746
        },
        "2002-09": {
            "month": "2002-09",
            "price": "39.91",
            "revenue": 1387932
        },
        "2002-10": {
            "month": "2002-10",
            "price": "38.32",
            "revenue": 356532
        },
        "2002-11": {
            "month": "2002-11",
            "price": "36.97",
            "revenue": 712990
        },
        "2002-12": {
            "month": "2002-12",
            "price": "36.02",
            "revenue": 6522176
        },
        "2003-01": {
            "month": "2003-01",
            "price": "41.39",
            "revenue": 2491619
        },
        "2003-02": {
            "month": "2003-02",
            "price": "39.91",
            "revenue": 1704265
        },
        "2003-03": {
            "month": "2003-03",
            "price": "38.01",
            "revenue": 3311048
        },
        "2003-04": {
            "month": "2003-04",
            "price": "40.79",
            "revenue": 897344
        },
        "2003-05": {
            "month": "2003-05",
            "price": "40.26",
            "revenue": 3837615
        },
        "2003-06": {
            "month": "2003-06",
            "price": "42.68",
            "revenue": 1937274
        },
        "2003-07": {
            "month": "2003-07",
            "price": "43.50",
            "revenue": 2433790
        },
        "2003-08": {
            "month": "2003-08",
            "price": "40.03",
            "revenue": 1863775
        },
        "2003-09": {
            "month": "2003-09",
            "price": "43.77",
            "revenue": 2632902
        },
        "2003-10": {
            "month": "2003-10",
            "price": "52.25",
            "revenue": -575760
        },
        "2003-11": {
            "month": "2003-11",
            "price": "50.90",
            "revenue": 2474685
        },
        "2003-12": {
            "month": "2003-12",
            "price": "51.80",
            "revenue": -2044987
        },
        "2004-01": {
            "month": "2004-01",
            "price": "55.23",
            "revenue": 4024307
        },
        "2004-02": {
            "month": "2004-02",
            "price": "59.32",
            "revenue": 2816851
        },
        "2004-03": {
            "month": "2004-03",
            "price": "61.96",
            "revenue": 4855368
        },
        "2004-04": {
            "month": "2004-04",
            "price": "61.95",
            "revenue": 2511552
        },
        "2004-05": {
            "month": "2004-05",
            "price": "57.62",
            "revenue": 1828110
        },
        "2004-06": {
            "month": "2004-06",
            "price": "59.10",
            "revenue": 2133525
        },
        "2004-07": {
            "month": "2004-07",
            "price": "57.86",
            "revenue": 4365674
        },
        "2004-08": {
            "month": "2004-08",
            "price": "57.35",
            "revenue": 1849025
        },
        "2004-09": {
            "month": "2004-09",
            "price": "62.67",
            "revenue": 1719322
        },
        "2004-10": {
            "month": "2004-10",
            "price": "64.45",
            "revenue": 1590175
        },
        "2004-11": {
            "month": "2004-11",
            "price": "64.20",
            "revenue": 1617361
        },
        "2004-12": {
            "month": "2004-12",
            "price": "63.00",
            "revenue": 693625
        },
        "2005-01": {
            "month": "2005-01",
            "price": "62.71",
            "revenue": 1706888
        },
        "2005-02": {
            "month": "2005-02",
            "price": "62.77",
            "revenue": 1585248
        },
        "2005-03": {
            "month": "2005-03",
            "price": "60.54",
            "revenue": 1857647
        },
        "2005-04": {
            "month": "2005-04",
            "price": "58.25",
            "revenue": 1842758
        },
        "2005-05": {
            "month": "2005-05",
            "price": "58.09",
            "revenue": 1701630
        },
        "2005-06": {
            "month": "2005-06",
            "price": "61.18",
            "revenue": 2698907
        },
        "2005-07": {
            "month": "2005-07",
            "price": "62.73",
            "revenue": 3865647
        },
        "2005-08": {
            "month": "2005-08",
            "price": "61.67",
            "revenue": 3535692
        },
        "2005-09": {
            "month": "2005-09",
            "price": "61.74",
            "revenue": 9519667
        },
        "2005-10": {
            "month": "2005-10",
            "price": "60.43",
            "revenue": 1102194
        },
        "2005-11": {
            "month": "2005-11",
            "price": "60.27",
            "revenue": 716032
        },
        "2005-12": {
            "month": "2005-12",
            "price": "60.24",
            "revenue": -6978686
        },
        "2006-01": {
            "month": "2006-01",
            "price": "59.97",
            "revenue": 6420289
        },
        "2006-02": {
            "month": "2006-02",
            "price": "62.50",
            "revenue": 2629047
        },
        "2006-03": {
            "month": "2006-03",
            "price": "59.25",
            "revenue": -11313
        },
        "2006-04": {
            "month": "2006-04",
            "price": "62.51",
            "revenue": 791477
        },
        "2006-05": {
            "month": "2006-05",
            "price": "73.22",
            "revenue": -28784
        },
        "2006-06": {
            "month": "2006-06",
            "price": "70.68",
            "revenue": 904786
        },
        "2006-07": {
            "month": "2006-07",
            "price": "70.38",
            "revenue": 1529188
        },
        "2006-08": {
            "month": "2006-08",
            "price": "66.80",
            "revenue": 1801163
        },
        "2006-09": {
            "month": "2006-09",
            "price": "64.98",
            "revenue": 852734
        },
        "2006-10": {
            "month": "2006-10",
            "price": "65.66",
            "revenue": 4666205
        },
        "2006-11": {
            "month": "2006-11",
            "price": "66.74",
            "revenue": -780361
        },
        "2006-12": {
            "month": "2006-12",
            "price": "72.50",
            "revenue": -5741290
        },
        "2007-01": {
            "month": "2007-01",
            "price": "74.23",
            "revenue": 3229093
        },
        "2007-02": {
            "month": "2007-02",
            "price": "73.22",
            "revenue": 2588213
        },
        "2007-03": {
            "month": "2007-03",
            "price": "68.23",
            "revenue": 4433684
        },
        "2007-04": {
            "month": "2007-04",
            "price": "69.12",
            "revenue": 4540705
        },
        "2007-05": {
            "month": "2007-05",
            "price": "71.01",
            "revenue": 2680005
        },
        "2007-06": {
            "month": "2007-06",
            "price": "74.56",
            "revenue": 3387469
        },
        "2007-07": {
            "month": "2007-07",
            "price": "86.25",
            "revenue": 7845335
        },
        "2007-08": {
            "month": "2007-08",
            "price": "75.89",
            "revenue": 1263171
        },
        "2007-09": {
            "month": "2007-09",
            "price": "73.88",
            "revenue": 3310166
        },
        "2007-10": {
            "month": "2007-10",
            "price": "81.45",
            "revenue": 3704968
        },
        "2007-11": {
            "month": "2007-11",
            "price": "74.63",
            "revenue": -4246096
        },
        "2007-12": {
            "month": "2007-12",
            "price": "68.35",
            "revenue": -1114456
        },
        "2008-01": {
            "month": "2008-01",
            "price": "73.75",
            "revenue": 2730
        },
        "2008-02": {
            "month": "2008-02",
            "price": "80.11",
            "revenue": 463702
        },
        "2008-03": {
            "month": "2008-03",
            "price": "78.13",
            "revenue": -85785
        },
        "2008-04": {
            "month": "2008-04",
            "price": "81.13",
            "revenue": -29154
        },
        "2008-05": {
            "month": "2008-05",
            "price": "80.61",
            "revenue": -21862
        },
        "2008-06": {
            "month": "2008-06",
            "price": "74.19",
            "revenue": 85815
        },
        "2008-07": {
            "month": "2008-07",
            "price": "62.05",
            "revenue": 37756
        },
        "2008-08": {
            "month": "2008-08",
            "price": "61.39",
            "revenue": 4168094
        },
        "2008-09": {
            "month": "2008-09",
            "price": "52.86",
            "revenue": 325357
        },
        "2008-10": {
            "month": "2008-10",
            "price": "36.32",
            "revenue": 435988
        },
        "2008-11": {
            "month": "2008-11",
            "price": "33.76",
            "revenue": 219089
        },
        "2008-12": {
            "month": "2008-12",
            "price": "35.10",
            "revenue": -2051164
        },
        "2009-01": {
            "month": "2009-01",
            "price": "34.75",
            "revenue": 1916496
        },
        "2009-02": {
            "month": "2009-02",
            "price": "30.48",
            "revenue": 2226040
        },
        "2009-03": {
            "month": "2009-03",
            "price": "27.22",
            "revenue": 863259
        },
        "2009-04": {
            "month": "2009-04",
            "price": "35.03",
            "revenue": 645846
        },
        "2009-05": {
            "month": "2009-05",
            "price": "47.50",
            "revenue": -292210
        },
        "2009-06": {
            "month": "2009-06",
            "price": "48.63",
            "revenue": 416110
        },
        "2009-07": {
            "month": "2009-07",
            "price": "50.75",
            "revenue": 331930
        },
        "2009-08": {
            "month": "2009-08",
            "price": "48.13",
            "revenue": 903520
        },
        "2009-09": {
            "month": "2009-09",
            "price": "52.05",
            "revenue": 1409597
        },
        "2009-10": {
            "month": "2009-10",
            "price": "59.28",
            "revenue": 1008891
        },
        "2009-11": {
            "month": "2009-11",
            "price": "58.73",
            "revenue": 1156453
        },
        "2009-12": {
            "month": "2009-12",
            "price": "57.83",
            "revenue": 1621941
        },
        "2010-01": {
            "month": "2010-01",
            "price": "58.10",
            "revenue": -492876
        },
        "2010-02": {
            "month": "2010-02",
            "price": "51.88",
            "revenue": -1060971
        },
        "2010-03": {
            "month": "2010-03",
            "price": "53.35",
            "revenue": 239655
        },
        "2010-04": {
            "month": "2010-04",
            "price": "52.80",
            "revenue": 31460
        },
        "2010-05": {
            "month": "2010-05",
            "price": "48.70",
            "revenue": 1656848
        },
        "2010-06": {
            "month": "2010-06",
            "price": "47.03",
            "revenue": -765622
        },
        "2010-07": {
            "month": "2010-07",
            "price": "49.95",
            "revenue": 1434613
        },
        "2010-08": {
            "month": "2010-08",
            "price": "49.37",
            "revenue": 1794926
        },
        "2010-09": {
            "month": "2010-09",
            "price": "47.83",
            "revenue": 2082737
        },
        "2010-10": {
            "month": "2010-10",
            "price": "47.44",
            "revenue": 1398880
        },
        "2010-11": {
            "month": "2010-11",
            "price": "47.25",
            "revenue": 1508050
        },
        "2010-12": {
            "month": "2010-12",
            "price": "47.58",
            "revenue": -2603226
        },
        "2011-01": {
            "month": "2011-01",
            "price": "53.40",
            "revenue": 1421059
        },
        "2011-02": {
            "month": "2011-02",
            "price": "49.00",
            "revenue": 1207566
        },
        "2011-03": {
            "month": "2011-03",
            "price": "46.51",
            "revenue": -695859
        },
        "2011-04": {
            "month": "2011-04",
            "price": "46.88",
            "revenue": 1136168
        },
        "2011-05": {
            "month": "2011-05",
            "price": "46.14",
            "revenue": 654615
        },
        "2011-06": {
            "month": "2011-06",
            "price": "44.64",
            "revenue": 3065346
        },
        "2011-07": {
            "month": "2011-07",
            "price": "44.61",
            "revenue": 3393596
        },
        "2011-08": {
            "month": "2011-08",
            "price": "38.13",
            "revenue": 1432416
        },
        "2011-09": {
            "month": "2011-09",
            "price": "35.82",
            "revenue": 181312
        },
        "2011-10": {
            "month": "2011-10",
            "price": "34.19",
            "revenue": 1395268
        },
        "2011-11": {
            "month": "2011-11",
            "price": "32.40",
            "revenue": -1288627
        },
        "2011-12": {
            "month": "2011-12",
            "price": "31.35",
            "revenue": -488582
        },
        "2012-01": {
            "month": "2012-01",
            "price": "32.44",
            "revenue": -1083674
        },
        "2012-02": {
            "month": "2012-02",
            "price": "34.64",
            "revenue": 1218726
        },
        "2012-03": {
            "month": "2012-03",
            "price": "33.82",
            "revenue": 1940575
        },
        "2012-04": {
            "month": "2012-04",
            "price": "31.40",
            "revenue": 1049048
        },
        "2012-05": {
            "month": "2012-05",
            "price": "29.78",
            "revenue": 1116679
        },
        "2012-06": {
            "month": "2012-06",
            "price": "28.94",
            "revenue": 1334304
        },
        "2012-07": {
            "month": "2012-07",
            "price": "29.10",
            "revenue": 4614171
        },
        "2012-08": {
            "month": "2012-08",
            "price": "29.44",
            "revenue": 1253799
        },
        "2012-09": {
            "month": "2012-09",
            "price": "30.46",
            "revenue": 1895182
        },
        "2012-10": {
            "month": "2012-10",
            "price": "31.23",
            "revenue": 1337959
        },
        "2012-11": {
            "month": "2012-11",
            "price": "29.64",
            "revenue": 1401355
        },
        "2012-12": {
            "month": "2012-12",
            "price": "31.22",
            "revenue": 1283565
        },
        "2013-01": {
            "month": "2013-01",
            "price": "31.94",
            "revenue": 42026866
        },
        "2013-02": {
            "month": "2013-02",
            "price": "36.29",
            "revenue": 16910097
        },
        "2013-03": {
            "month": "2013-03",
            "price": "40.35",
            "revenue": 28297105
        },
        "2013-04": {
            "month": "2013-04",
            "price": "38.79",
            "revenue": 35014060
        },
        "2013-05": {
            "month": "2013-05",
            "price": "40.15",
            "revenue": 28958003
        },
        "2013-06": {
            "month": "2013-06",
            "price": "39.79",
            "revenue": 17390572
        },
        "2013-07": {
            "month": "2013-07",
            "price": "42.39",
            "revenue": 44079687
        },
        "2013-08": {
            "month": "2013-08",
            "price": "41.74",
            "revenue": 22929676
        },
        "2013-09": {
            "month": "2013-09",
            "price": "42.62",
            "revenue": 21555523
        },
        "2013-10": {
            "month": "2013-10",
            "price": "45.25",
            "revenue": 46548502
        },
        "2013-11": {
            "month": "2013-11",
            "price": "44.41",
            "revenue": 21379998
        },
        "2013-12": {
            "month": "2013-12",
            "price": "46.62",
            "revenue": 57966784
        },
        "2014-01": {
            "month": "2014-01",
            "price": "47.49",
            "revenue": 39150040
        },
        "2014-02": {
            "month": "2014-02",
            "price": "45.12",
            "revenue": 28123944
        },
        "2014-03": {
            "month": "2014-03",
            "price": "44.11",
            "revenue": 18588781
        },
        "2014-04": {
            "month": "2014-04",
            "price": "44.06",
            "revenue": 29385131
        },
        "2014-05": {
            "month": "2014-05",
            "price": "44.76",
            "revenue": 22852316
        },
        "2014-06": {
            "month": "2014-06",
            "price": "46.39",
            "revenue": 29341271
        },
        "2014-07": {
            "month": "2014-07",
            "price": "49.56",
            "revenue": 45478088
        },
        "2014-08": {
            "month": "2014-08",
            "price": "49.89",
            "revenue": 18839211
        },
        "2014-09": {
            "month": "2014-09",
            "price": "50.79",
            "revenue": 54560216
        },
        "2014-10": {
            "month": "2014-10",
            "price": "48.37",
            "revenue": 38812653
        },
        "2014-11": {
            "month": "2014-11",
            "price": "49.60",
            "revenue": 18915309
        },
        "2014-12": {
            "month": "2014-12",
            "price": "46.53",
            "revenue": 64621258
        },
        "2015-01": {
            "month": "2015-01",
            "price": "45.50",
            "revenue": 32865718
        },
        "2015-02": {
            "month": "2015-02",
            "price": "46.96",
            "revenue": 22717693
        },
        "2015-03": {
            "month": "2015-03",
            "price": "48.58",
            "revenue": 48697965
        },
        "2015-04": {
            "month": "2015-04",
            "price": "51.54",
            "revenue": 38084342
        },
        "2015-05": {
            "month": "2015-05",
            "price": "54.80",
            "revenue": 43607780
        },
        "2015-06": {
            "month": "2015-06",
            "price": "53.34",
            "revenue": 51506597
        },
        "2015-07": {
            "month": "2015-07",
            "price": "51.65",
            "revenue": 37962307
        },
        "2015-08": {
            "month": "2015-08",
            "price": "46.68",
            "revenue": 21973047
        },
        "2015-09": {
            "month": "2015-09",
            "price": "45.62",
            "revenue": 52408893
        },
        "2015-10": {
            "month": "2015-10",
            "price": "46.23",
            "revenue": 21647703
        },
        "2015-11": {
            "month": "2015-11",
            "price": "46.85",
            "revenue": 17390808
        },
        "2015-12": {
            "month": "2015-12",
            "price": "43.82",
            "revenue": 54296125
        },
        "2016-01": {
            "month": "2016-01",
            "price": "36.91",
            "revenue": 41408476
        },
        "2016-02": {
            "month": "2016-02",
            "price": "36.63",
            "revenue": 24551832
        },
        "2016-03": {
            "month": "2016-03",
            "price": "38.75",
            "revenue": 54715023
        },
        "2016-04": {
            "month": "2016-04",
            "price": "36.38",
            "revenue": 50495532
        },
        "2016-05": {
            "month": "2016-05",
            "price": "35.93",
            "revenue": 40094569
        },
        "2016-06": {
            "month": "2016-06",
            "price": "37.05",
            "revenue": 48172985
        },
        "2016-07": {
            "month": "2016-07",
            "price": "35.76",
            "revenue": 53375269
        },
        "2016-08": {
            "month": "2016-08",
            "price": "37.80",
            "revenue": 48845865
        },
        "2016-09": {
            "month": "2016-09",
            "price": "40.14",
            "revenue": 48131757
        },
        "2016-10": {
            "month": "2016-10",
            "price": "40.33",
            "revenue": 18812447
        },
        "2016-11": {
            "month": "2016-11",
            "price": "44.00",
            "revenue": 49927536
        },
        "2016-12": {
            "month": "2016-12",
            "price": "48.60",
            "revenue": 62148790
        },
        "2017-01": {
            "month": "2017-01",
            "price": "48.00",
            "revenue": 39975989
        },
        "2017-02": {
            "month": "2017-02",
            "price": "48.36",
            "revenue": 36178120
        },
        "2017-03": {
            "month": "2017-03",
            "price": "49.88",
            "revenue": 51102376
        },
        "2017-04": {
            "month": "2017-04",
            "price": "47.89",
            "revenue": 33791270
        },
        "2017-05": {
            "month": "2017-05",
            "price": "48.99",
            "revenue": 64462086
        },
        "2017-06": {
            "month": "2017-06",
            "price": "48.40",
            "revenue": 49469513
        },
        "2017-07": {
            "month": "2017-07",
            "price": "49.28",
            "revenue": 49487094
        },
        "2017-08": {
            "month": "2017-08",
            "price": "48.60",
            "revenue": 52155357
        },
        "2017-09": {
            "month": "2017-09",
            "price": "48.39",
            "revenue": 52513623
        },
        "2017-10": {
            "month": "2017-10",
            "price": "49.20",
            "revenue": 38805710
        },
        "2017-11": {
            "month": "2017-11",
            "price": "51.00",
            "revenue": 41921642
        },
        "2017-12": {
            "month": "2017-12",
            "price": "53.74",
            "revenue": 76530430
        },
        "2018-01": {
            "month": "2018-01",
            "price": "55.53",
            "revenue": 48304545
        },
        "2018-02": {
            "month": "2018-02",
            "price": "53.68",
            "revenue": 32018014
        },
        "2018-03": {
            "month": "2018-03",
            "price": "53.01",
            "revenue": 41377898
        },
        "2018-04": {
            "month": "2018-04",
            "price": "52.69",
            "revenue": 54886096
        },
        "2018-05": {
            "month": "2018-05",
            "price": "53.95",
            "revenue": 42685257
        },
        "2018-06": {
            "month": "2018-06",
            "price": "54.66",
            "revenue": 37697750
        },
        "2018-07": {
            "month": "2018-07",
            "price": "52.10",
            "revenue": 43124017
        },
        "2018-08": {
            "month": "2018-08",
            "price": "52.37",
            "revenue": 40473410
        },
        "2018-09": {
            "month": "2018-09",
            "price": "51.68",
            "revenue": 21882228
        },
        "2018-10": {
            "month": "2018-10",
            "price": "50.29",
            "revenue": 36630492
        },
        "2018-11": {
            "month": "2018-11",
            "price": "49.93",
            "revenue": 31598872
        },
        "2018-12": {
            "month": "2018-12",
            "price": "47.45",
            "revenue": 49577550
        },
        "2019-01": {
            "month": "2019-01",
            "price": "44.40",
            "revenue": 34327341
        },
        "2019-02": {
            "month": "2019-02",
            "price": "44.75",
            "revenue": 38505174
        },
        "2019-03": {
            "month": "2019-03",
            "price": "45.26",
            "revenue": 52142558
        },
        "2019-04": {
            "month": "2019-04",
            "price": "44.36",
            "revenue": 52261520
        },
        "2019-05": {
            "month": "2019-05",
            "price": "41.87",
            "revenue": 45907226
        },
        "2019-06": {
            "month": "2019-06",
            "price": "42.00",
            "revenue": 19864804
        },
        "2019-07": {
            "month": "2019-07",
            "price": "41.65",
            "revenue": 59755339
        },
        "2019-08": {
            "month": "2019-08",
            "price": "39.81",
            "revenue": 50076418
        },
        "2019-09": {
            "month": "2019-09",
            "price": "41.10",
            "revenue": 30702621
        },
        "2019-10": {
            "month": "2019-10",
            "price": "40.89",
            "revenue": 51149121
        },
        "2019-11": {
            "month": "2019-11",
            "price": "42.20",
            "revenue": 45802024
        },
        "2019-12": {
            "month": "2019-12",
            "price": "42.33",
            "revenue": 76541242
        },
        "2020-01": {
            "month": "2020-01",
            "price": "42.31",
            "revenue": 63676813
        },
        "2020-02": {
            "month": "2020-02",
            "price": "41.15",
            "revenue": 47632274
        },
        "2020-03": {
            "month": "2020-03",
            "price": "36.82",
            "revenue": 50232944
        },
        "2020-04": {
            "month": "2020-04",
            "price": "37.30",
            "revenue": 58513130
        },
        "2020-05": {
            "month": "2020-05",
            "price": "39.38",
            "revenue": 52273957
        },
        "2020-06": {
            "month": "2020-06",
            "price": "41.64",
            "revenue": 56883873
        },
        "2020-07": {
            "month": "2020-07",
            "price": "40.43",
            "revenue": 60755428
        },
        "2020-08": {
            "month": "2020-08",
            "price": "40.15",
            "revenue": 56960814
        },
        "2020-09": {
            "month": "2020-09",
            "price": "39.33",
            "revenue": 35012385
        },
        "2020-10": {
            "month": "2020-10",
            "price": "38.48",
            "revenue": 43501365
        },
        "2020-11": {
            "month": "2020-11",
            "price": "40.60",
            "revenue": 49562368
        },
        "2020-12": {
            "month": "2020-12",
            "price": "41.23",
            "revenue": 63104887
        },
        "2021-01": {
            "month": "2021-01",
            "price": "41.42",
            "revenue": 64805645
        },
        "2021-02": {
            "month": "2021-02",
            "price": "41.60",
            "revenue": 44644264
        },
        "2021-03": {
            "month": "2021-03",
            "price": "45.41",
            "revenue": 79927770
        },
        "2021-04": {
            "month": "2021-04",
            "price": "50.03",
            "revenue": 59118746
        },
        "2021-05": {
            "month": "2021-05",
            "price": "53.78",
            "revenue": 38051539
        },
        "2021-06": {
            "month": "2021-06",
            "price": "54.32",
            "revenue": 59171488
        },
        "2021-07": {
            "month": "2021-07",
            "price": "56.15",
            "revenue": 48488824
        },
        "2021-08": {
            "month": "2021-08",
            "price": "55.65",
            "revenue": 46850550
        },
        "2021-09": {
            "month": "2021-09",
            "price": "58.79",
            "revenue": 35945071
        },
        "2021-10": {
            "month": "2021-10",
            "price": "57.68",
            "revenue": 34913693
        },
        "2021-11": {
            "month": "2021-11",
            "price": "59.69",
            "revenue": 42959522
        },
        "2021-12": {
            "month": "2021-12",
            "price": "60.66",
            "revenue": 70658650
        },
        "2022-01": {
            "month": "2022-01",
            "price": "64.23",
            "revenue": 45780117
        },
        "2022-02": {
            "month": "2022-02",
            "price": "64.60",
            "revenue": 35603043
        },
        "2022-03": {
            "month": "2022-03",
            "price": "62.27",
            "revenue": 50651195
        },
        "2022-04": {
            "month": "2022-04",
            "price": "64.00",
            "revenue": 32975411
        },
        "2022-05": {
            "month": "2022-05",
            "price": "55.48",
            "revenue": 25336864
        },
        "2022-06": {
            "month": "2022-06",
            "price": "53.67",
            "revenue": 47307519
        },
        "2022-07": {
            "month": "2022-07",
            "price": "45.38",
            "revenue": 25761482
        },
        "2022-08": {
            "month": "2022-08",
            "price": "46.22",
            "revenue": 26891960
        },
        "2022-09": {
            "month": "2022-09",
            "price": "42.58",
            "revenue": 16126783
        },
        "2022-10": {
            "month": "2022-10",
            "price": "38.54",
            "revenue": 16822289
        },
        "2022-11": {
            "month": "2022-11",
            "price": "41.17",
            "revenue": 1584494
        },
        "2022-12": {
            "month": "2022-12",
            "price": "41.09",
            "revenue": 17233019
        },
        "2023-01": {
            "month": "2023-01",
            "price": "41.42",
            "revenue": 26696044
        },
        "2023-02": {
            "month": "2023-02",
            "price": "43.27",
            "revenue": 13276705
        },
        "2023-03": {
            "month": "2023-03",
            "price": "42.01",
            "revenue": 28317337
        },
        "2023-04": {
            "month": "2023-04",
            "price": "42.66",
            "revenue": 17235352
        },
        "2023-05": {
            "month": "2023-05",
            "price": "43.76",
            "revenue": 29954995
        },
        "2023-06": {
            "month": "2023-06",
            "price": "44.28",
            "revenue": 46817602
        },
        "2023-07": {
            "month": "2023-07",
            "price": "44.17",
            "revenue": 41694789
        },
        "2023-08": {
            "month": "2023-08",
            "price": "45.75",
            "revenue": 24536829
        }
    }
}
