{
    "summary": {
        "stock_name": "開發金",
        "stock_id": "2883",
        "category": "金融",
        "main_business": "投資及被投資公司之管理",
        "website_url": "http://www.cdfholding.com",
        "ceo": "Stefano Paolo Bertamini",
        "pe_ratio": 21,
        "report_year_from": 2001,
        "report_year_to": 2023,
        "age": 22,
        "eps_negative_percentage": 0,
        "eps_growth_avg": {
            "last_all": 17.59,
            "last_2y": 13.53,
            "last_4y": 13.87,
            "last_8y": 16.18,
            "last_12y": null,
            "last_16y": null,
            "last_20y": null,
            "at_2006_last_3y": null,
            "at_2007_last_3y": null,
            "at_2008_last_3y": null,
            "at_2009_last_3y": null,
            "at_2010_last_3y": null,
            "at_2011_last_3y": null,
            "at_2012_last_3y": null,
            "at_2013_last_3y": null,
            "at_2014_last_3y": 23.36,
            "at_2015_last_3y": 38.08,
            "at_2016_last_3y": 5.62,
            "at_2017_last_3y": 19.08,
            "at_2018_last_3y": 4.25,
            "at_2019_last_3y": 24.73,
            "at_2020_last_3y": 31.62,
            "at_2021_last_3y": 31.62,
            "at_2022_last_3y": 25.15,
            "at_2023_last_3y": 25.15,
            "at_2006_last_all": null,
            "at_2007_last_all": null,
            "at_2008_last_all": null,
            "at_2009_last_all": null,
            "at_2010_last_all": null,
            "at_2011_last_all": null,
            "at_2012_last_all": 9.62,
            "at_2013_last_all": 21.79,
            "at_2014_last_all": 23.36,
            "at_2015_last_all": 14.31,
            "at_2016_last_all": 6.95,
            "at_2017_last_all": 20.24,
            "at_2018_last_all": 13.81,
            "at_2019_last_all": 18.94,
            "at_2020_last_all": 16.82,
            "at_2021_last_all": 24.38,
            "at_2022_last_all": 17.59,
            "at_2023_last_all": 17.59
        },
        "latest_eps": 0.61,
        "latest_price": 12.7,
        "latest_roe": 4.12,
        "latest_gross_margin": null,
        "latest_equity": 233063270,
        "latest_revenue": 11764612,
        "latest_gross_profit": null,
        "latest_net_income": 3504574,
        "latest_debt_ratio": 93.44,
        "latest_current_ratio": null,
        "latest_account_receivable_turnover_ratio": null,
        "latest_inventory_turnover_ratio": null,
        "latest_reinvestment_rate": 7.27,
        "latest_research_to_sale_ratio": null
    },
    "eps_dividends": {
        "2001": {
            "cash": 0,
            "stock": 0,
            "eps": 0
        },
        "2002": {
            "cash": 0,
            "stock": 2.27,
            "eps": 0
        },
        "2003": {
            "cash": 0.08,
            "stock": 0.5,
            "eps": 0
        },
        "2004": {
            "cash": 0,
            "stock": 0,
            "eps": 0
        },
        "2005": {
            "cash": 0,
            "stock": 0,
            "eps": 0
        },
        "2006": {
            "cash": 0.2,
            "stock": 0.3,
            "eps": 0
        },
        "2007": {
            "cash": 0.7,
            "stock": 0.3,
            "eps": 0
        },
        "2008": {
            "cash": 0.2,
            "stock": 0.25,
            "eps": 0
        },
        "2009": {
            "cash": 0,
            "stock": 0,
            "eps": 0
        },
        "2010": {
            "cash": 0.5,
            "stock": 0.1,
            "eps": 0.78
        },
        "2011": {
            "cash": 0.59,
            "stock": 0.1,
            "eps": 0.15
        },
        "2012": {
            "cash": 0,
            "stock": 0,
            "eps": 0.39
        },
        "2013": {
            "cash": 0.18,
            "stock": 0,
            "eps": 0.57
        },
        "2014": {
            "cash": 0.4,
            "stock": 0,
            "eps": 0.73
        },
        "2015": {
            "cash": 0.6,
            "stock": 0,
            "eps": 0.57
        },
        "2016": {
            "cash": 0.5,
            "stock": 0,
            "eps": 0.4
        },
        "2017": {
            "cash": 0.5,
            "stock": 0,
            "eps": 0.8
        },
        "2018": {
            "cash": 0.6,
            "stock": 0,
            "eps": 0.55
        },
        "2019": {
            "cash": 0.3,
            "stock": 0,
            "eps": 0.88
        },
        "2020": {
            "cash": 0.6,
            "stock": 0,
            "eps": 0.86
        },
        "2021": {
            "cash": 0.55,
            "stock": 0,
            "eps": 2.31
        },
        "2022": {
            "cash": 1,
            "stock": 0,
            "eps": 0.99
        },
        "2023": {
            "cash": 0,
            "stock": 0,
            "eps": 0.21
        }
    },
    "dividends": {
        "2002-06-26": {
            "cash": 0,
            "stock": 2.27
        },
        "2003-06-27": {
            "cash": 0.08,
            "stock": 0.5
        },
        "2006-04-10": {
            "cash": 0.2,
            "stock": 0.3
        },
        "2007-04-27": {
            "cash": 0.7,
            "stock": 0.3
        },
        "2008-04-28": {
            "cash": 0.2,
            "stock": 0.25
        },
        "2010-04-29": {
            "cash": 0.5,
            "stock": 0.1
        },
        "2011-04-11": {
            "cash": 0.59,
            "stock": 0.1
        },
        "2013-04-29": {
            "cash": 0.18,
            "stock": 0
        },
        "2014-06-20": {
            "cash": 0.4,
            "stock": 0
        },
        "2015-07-24": {
            "cash": 0.6,
            "stock": 0
        },
        "2016-06-24": {
            "cash": 0.5,
            "stock": 0
        },
        "2017-08-04": {
            "cash": 0.5,
            "stock": 0
        },
        "2018-08-10": {
            "cash": 0.6,
            "stock": 0
        },
        "2019-07-31": {
            "cash": 0.3,
            "stock": 0
        },
        "2020-07-31": {
            "cash": 0.6,
            "stock": 0
        },
        "2021-09-03": {
            "cash": 0.55,
            "stock": 0
        },
        "2022-08-03": {
            "cash": 1,
            "stock": 0
        }
    },
    "prices": {
        "200101": "無",
        "200102": "無",
        "200103": "無",
        "200104": "無",
        "200105": "無",
        "200106": "無",
        "200107": "無",
        "200108": "無",
        "200109": "無",
        "200110": "無",
        "200111": "無",
        "200112": "23.10",
        "200201": "22.79",
        "200202": "21.56",
        "200203": "23.34",
        "200204": "24.43",
        "200205": "22.54",
        "200206": "23.01",
        "200207": "21.63",
        "200208": "20.07",
        "200209": "17.04",
        "200210": "12.96",
        "200211": "14.07",
        "200212": "13.06",
        "200301": "14.70",
        "200302": "13.81",
        "200303": "13.20",
        "200304": "13.36",
        "200305": "12.10",
        "200306": "13.52",
        "200307": "13.60",
        "200308": "12.50",
        "200309": "12.55",
        "200310": "14.03",
        "200311": "14.34",
        "200312": "15.74",
        "200401": "17.89",
        "200402": "17.82",
        "200403": "18.23",
        "200404": "19.43",
        "200405": "17.35",
        "200406": "17.13",
        "200407": "16.38",
        "200408": "15.33",
        "200409": "15.21",
        "200410": "15.46",
        "200411": "15.70",
        "200412": "15.21",
        "200501": "13.89",
        "200502": "13.63",
        "200503": "13.09",
        "200504": "12.32",
        "200505": "12.03",
        "200506": "12.55",
        "200507": "13.04",
        "200508": "12.85",
        "200509": "11.83",
        "200510": "11.18",
        "200511": "11.29",
        "200512": "12.06",
        "200601": "12.26",
        "200602": "12.43",
        "200603": "11.91",
        "200604": "12.49",
        "200605": "13.12",
        "200606": "12.45",
        "200607": "12.68",
        "200608": "12.64",
        "200609": "13.07",
        "200610": "13.72",
        "200611": "13.59",
        "200612": "14.84",
        "200701": "15.27",
        "200702": "15.45",
        "200703": "14.69",
        "200704": "14.36",
        "200705": "13.78",
        "200706": "13.91",
        "200707": "14.84",
        "200708": "13.27",
        "200709": "13.02",
        "200710": "13.38",
        "200711": "12.63",
        "200712": "12.39",
        "200801": "12.40",
        "200802": "12.51",
        "200803": "13.20",
        "200804": "14.45",
        "200805": "13.72",
        "200806": "12.32",
        "200807": "10.55",
        "200808": "10.07",
        "200809": "9.43",
        "200810": "6.95",
        "200811": "6.16",
        "200812": "6.96",
        "200901": "6.42",
        "200902": "5.73",
        "200903": "6.23",
        "200904": "7.78",
        "200905": "8.95",
        "200906": "8.04",
        "200907": "8.01",
        "200908": "7.73",
        "200909": "8.37",
        "200910": "8.94",
        "200911": "9.06",
        "200912": "9.13",
        "201001": "9.73",
        "201002": "8.62",
        "201003": "8.99",
        "201004": "9.05",
        "201005": "8.38",
        "201006": "8.44",
        "201007": "9.03",
        "201008": "9.11",
        "201009": "8.87",
        "201010": "9.12",
        "201011": "9.01",
        "201012": "10.01",
        "201101": "13.08",
        "201102": "12.12",
        "201103": "11.38",
        "201104": "11.78",
        "201105": "11.71",
        "201106": "11.49",
        "201107": "11.29",
        "201108": "9.74",
        "201109": "9.27",
        "201110": "9.13",
        "201111": "9.19",
        "201112": "8.48",
        "201201": "8.28",
        "201202": "9.80",
        "201203": "9.47",
        "201204": "8.03",
        "201205": "7.34",
        "201206": "7.03",
        "201207": "7.01",
        "201208": "7.17",
        "201209": "7.24",
        "201210": "7.00",
        "201211": "6.69",
        "201212": "7.44",
        "201301": "7.68",
        "201302": "8.83",
        "201303": "8.67",
        "201304": "8.21",
        "201305": "8.59",
        "201306": "8.41",
        "201307": "8.56",
        "201308": "8.26",
        "201309": "8.44",
        "201310": "8.73",
        "201311": "8.54",
        "201312": "8.79",
        "201401": "9.11",
        "201402": "8.82",
        "201403": "8.67",
        "201404": "8.72",
        "201405": "8.90",
        "201406": "9.35",
        "201407": "9.98",
        "201408": "9.90",
        "201409": "9.91",
        "201410": "9.44",
        "201411": "9.81",
        "201412": "9.87",
        "201501": "10.24",
        "201502": "10.73",
        "201503": "10.81",
        "201504": "11.40",
        "201505": "12.27",
        "201506": "11.95",
        "201507": "10.70",
        "201508": "9.40",
        "201509": "9.12",
        "201510": "9.05",
        "201511": "8.74",
        "201512": "8.24",
        "201601": "7.52",
        "201602": "7.85",
        "201603": "8.36",
        "201604": "8.35",
        "201605": "7.87",
        "201606": "7.81",
        "201607": "7.80",
        "201608": "8.04",
        "201609": "7.99",
        "201610": "7.96",
        "201611": "7.78",
        "201612": "8.04",
        "201701": "8.02",
        "201702": "8.05",
        "201703": "8.20",
        "201704": "8.18",
        "201705": "8.30",
        "201706": "8.37",
        "201707": "8.81",
        "201708": "9.31",
        "201709": "9.36",
        "201710": "9.24",
        "201711": "9.30",
        "201712": "9.85",
        "201801": "10.59",
        "201802": "10.38",
        "201803": "10.44",
        "201804": "10.68",
        "201805": "11.27",
        "201806": "11.28",
        "201807": "11.17",
        "201808": "10.98",
        "201809": "10.98",
        "201810": "10.31",
        "201811": "10.02",
        "201812": "9.86",
        "201901": "9.85",
        "201902": "9.95",
        "201903": "10.05",
        "201904": "10.02",
        "201905": "9.38",
        "201906": "9.41",
        "201907": "9.36",
        "201908": "9.07",
        "201909": "9.33",
        "201910": "9.36",
        "201911": "9.86",
        "201912": "9.76",
        "202001": "9.69",
        "202002": "9.33",
        "202003": "8.16",
        "202004": "8.35",
        "202005": "8.99",
        "202006": "9.33",
        "202007": "8.90",
        "202008": "8.62",
        "202009": "8.58",
        "202010": "8.49",
        "202011": "8.66",
        "202012": "9.08",
        "202101": "9.23",
        "202102": "9.18",
        "202103": "9.98",
        "202104": "11.61",
        "202105": "12.33",
        "202106": "12.64",
        "202107": "13.91",
        "202108": "13.85",
        "202109": "14.07",
        "202110": "14.14",
        "202111": "15.53",
        "202112": "16.69",
        "202201": "18.13",
        "202202": "19.26",
        "202203": "18.31",
        "202204": "18.84",
        "202205": "16.27",
        "202206": "15.45",
        "202207": "12.99",
        "202208": "13.52",
        "202209": "12.90",
        "202210": "11.72",
        "202211": "12.77",
        "202212": "12.87",
        "202301": "12.94",
        "202302": "13.10",
        "202303": "12.66",
        "202304": "13.05",
        "202305": "13.01",
        "202306": "12.89"
    },
    "quarters": {
        "20011": {
            "year_quarter": 20011,
            "year": 2001,
            "quarter": 1,
            "eps": null,
            "eps_growth_year": null,
            "eps_4q": null,
            "eps_4q_growth_year": null,
            "roe": null,
            "roe_4q": 0,
            "gross_profit": null,
            "gross_margin": null,
            "gross_margin_4q_avg": 0,
            "net_income": null,
            "revenue": null,
            "common_shares": null,
            "book_valuer_per_share": null,
            "book_valuer_per_share_4q_avg": 0,
            "equity": null,
            "current_ratio": null,
            "debt_ratio": null,
            "inventory_turnover_ratio": null,
            "account_receivable_turnover_ratio": null,
            "reinvestment_rate": null,
            "research_to_sale_ratio": null,
            "price_fair": 0,
            "eps_avg_yearly": 0,
            "eps_latest_yearly": 0,
            "eps_growth_yearly": 0
        },
        "20012": {
            "year_quarter": 20012,
            "year": 2001,
            "quarter": 2,
            "eps": null,
            "eps_growth_year": null,
            "eps_4q": null,
            "eps_4q_growth_year": null,
            "roe": null,
            "roe_4q": 0,
            "gross_profit": null,
            "gross_margin": null,
            "gross_margin_4q_avg": 0,
            "net_income": null,
            "revenue": null,
            "common_shares": null,
            "book_valuer_per_share": null,
            "book_valuer_per_share_4q_avg": 0,
            "equity": null,
            "current_ratio": null,
            "debt_ratio": null,
            "inventory_turnover_ratio": null,
            "account_receivable_turnover_ratio": null,
            "reinvestment_rate": null,
            "research_to_sale_ratio": null,
            "price_fair": 0,
            "eps_avg_yearly": 0,
            "eps_latest_yearly": 0,
            "eps_growth_yearly": 0
        },
        "20013": {
            "year_quarter": 20013,
            "year": 2001,
            "quarter": 3,
            "eps": null,
            "eps_growth_year": null,
            "eps_4q": null,
            "eps_4q_growth_year": null,
            "roe": null,
            "roe_4q": 0,
            "gross_profit": null,
            "gross_margin": null,
            "gross_margin_4q_avg": 0,
            "net_income": null,
            "revenue": null,
            "common_shares": null,
            "book_valuer_per_share": null,
            "book_valuer_per_share_4q_avg": 0,
            "equity": null,
            "current_ratio": null,
            "debt_ratio": null,
            "inventory_turnover_ratio": null,
            "account_receivable_turnover_ratio": null,
            "reinvestment_rate": null,
            "research_to_sale_ratio": null,
            "price_fair": 0,
            "eps_avg_yearly": 0,
            "eps_latest_yearly": 0,
            "eps_growth_yearly": 0
        },
        "20014": {
            "year_quarter": 20014,
            "year": 2001,
            "quarter": 4,
            "eps": null,
            "eps_growth_year": null,
            "eps_4q": null,
            "eps_4q_growth_year": null,
            "roe": null,
            "roe_4q": 0,
            "gross_profit": null,
            "gross_margin": null,
            "gross_margin_4q_avg": 0,
            "net_income": null,
            "revenue": null,
            "common_shares": null,
            "book_valuer_per_share": null,
            "book_valuer_per_share_4q_avg": 0,
            "equity": null,
            "current_ratio": null,
            "debt_ratio": null,
            "inventory_turnover_ratio": null,
            "account_receivable_turnover_ratio": null,
            "reinvestment_rate": null,
            "research_to_sale_ratio": null,
            "price_fair": 0,
            "eps_avg_yearly": 0,
            "eps_latest_yearly": 0,
            "eps_growth_yearly": 0
        },
        "20021": {
            "year_quarter": 20021,
            "year": 2002,
            "quarter": 1,
            "eps": null,
            "eps_growth_year": null,
            "eps_4q": null,
            "eps_4q_growth_year": null,
            "roe": null,
            "roe_4q": 0,
            "gross_profit": null,
            "gross_margin": null,
            "gross_margin_4q_avg": 0,
            "net_income": null,
            "revenue": null,
            "common_shares": null,
            "book_valuer_per_share": null,
            "book_valuer_per_share_4q_avg": 0,
            "equity": null,
            "current_ratio": null,
            "debt_ratio": null,
            "inventory_turnover_ratio": null,
            "account_receivable_turnover_ratio": null,
            "reinvestment_rate": null,
            "research_to_sale_ratio": null,
            "price_fair": 0,
            "eps_avg_yearly": 0,
            "eps_latest_yearly": 0,
            "eps_growth_yearly": 0
        },
        "20022": {
            "year_quarter": 20022,
            "year": 2002,
            "quarter": 2,
            "eps": null,
            "eps_growth_year": null,
            "eps_4q": null,
            "eps_4q_growth_year": null,
            "roe": null,
            "roe_4q": 0,
            "gross_profit": null,
            "gross_margin": null,
            "gross_margin_4q_avg": 0,
            "net_income": null,
            "revenue": null,
            "common_shares": null,
            "book_valuer_per_share": null,
            "book_valuer_per_share_4q_avg": 0,
            "equity": null,
            "current_ratio": null,
            "debt_ratio": null,
            "inventory_turnover_ratio": null,
            "account_receivable_turnover_ratio": null,
            "reinvestment_rate": null,
            "research_to_sale_ratio": null,
            "price_fair": 0,
            "eps_avg_yearly": 0,
            "eps_latest_yearly": 0,
            "eps_growth_yearly": 0
        },
        "20023": {
            "year_quarter": 20023,
            "year": 2002,
            "quarter": 3,
            "eps": null,
            "eps_growth_year": null,
            "eps_4q": null,
            "eps_4q_growth_year": null,
            "roe": null,
            "roe_4q": 0,
            "gross_profit": null,
            "gross_margin": null,
            "gross_margin_4q_avg": 0,
            "net_income": null,
            "revenue": null,
            "common_shares": null,
            "book_valuer_per_share": null,
            "book_valuer_per_share_4q_avg": 0,
            "equity": null,
            "current_ratio": null,
            "debt_ratio": null,
            "inventory_turnover_ratio": null,
            "account_receivable_turnover_ratio": null,
            "reinvestment_rate": null,
            "research_to_sale_ratio": null,
            "price_fair": 0,
            "eps_avg_yearly": 0,
            "eps_latest_yearly": 0,
            "eps_growth_yearly": 0
        },
        "20024": {
            "year_quarter": 20024,
            "year": 2002,
            "quarter": 4,
            "eps": null,
            "eps_growth_year": null,
            "eps_4q": null,
            "eps_4q_growth_year": null,
            "roe": null,
            "roe_4q": 0,
            "gross_profit": null,
            "gross_margin": null,
            "gross_margin_4q_avg": 0,
            "net_income": null,
            "revenue": null,
            "common_shares": null,
            "book_valuer_per_share": null,
            "book_valuer_per_share_4q_avg": 0,
            "equity": null,
            "current_ratio": null,
            "debt_ratio": null,
            "inventory_turnover_ratio": null,
            "account_receivable_turnover_ratio": null,
            "reinvestment_rate": null,
            "research_to_sale_ratio": null,
            "price_fair": 0,
            "eps_avg_yearly": 0,
            "eps_latest_yearly": 0,
            "eps_growth_yearly": 0
        },
        "20031": {
            "year_quarter": 20031,
            "year": 2003,
            "quarter": 1,
            "eps": null,
            "eps_growth_year": null,
            "eps_4q": null,
            "eps_4q_growth_year": null,
            "roe": null,
            "roe_4q": 0,
            "gross_profit": null,
            "gross_margin": null,
            "gross_margin_4q_avg": 0,
            "net_income": null,
            "revenue": null,
            "common_shares": null,
            "book_valuer_per_share": null,
            "book_valuer_per_share_4q_avg": 0,
            "equity": null,
            "current_ratio": null,
            "debt_ratio": null,
            "inventory_turnover_ratio": null,
            "account_receivable_turnover_ratio": null,
            "reinvestment_rate": null,
            "research_to_sale_ratio": null,
            "price_fair": 0,
            "eps_avg_yearly": 0,
            "eps_latest_yearly": 0,
            "eps_growth_yearly": 0
        },
        "20032": {
            "year_quarter": 20032,
            "year": 2003,
            "quarter": 2,
            "eps": null,
            "eps_growth_year": null,
            "eps_4q": null,
            "eps_4q_growth_year": null,
            "roe": null,
            "roe_4q": 0,
            "gross_profit": null,
            "gross_margin": null,
            "gross_margin_4q_avg": 0,
            "net_income": null,
            "revenue": null,
            "common_shares": null,
            "book_valuer_per_share": null,
            "book_valuer_per_share_4q_avg": 0,
            "equity": null,
            "current_ratio": null,
            "debt_ratio": null,
            "inventory_turnover_ratio": null,
            "account_receivable_turnover_ratio": null,
            "reinvestment_rate": null,
            "research_to_sale_ratio": null,
            "price_fair": 0,
            "eps_avg_yearly": 0,
            "eps_latest_yearly": 0,
            "eps_growth_yearly": 0
        },
        "20033": {
            "year_quarter": 20033,
            "year": 2003,
            "quarter": 3,
            "eps": null,
            "eps_growth_year": null,
            "eps_4q": null,
            "eps_4q_growth_year": null,
            "roe": null,
            "roe_4q": 0,
            "gross_profit": null,
            "gross_margin": null,
            "gross_margin_4q_avg": 0,
            "net_income": null,
            "revenue": null,
            "common_shares": null,
            "book_valuer_per_share": null,
            "book_valuer_per_share_4q_avg": 0,
            "equity": null,
            "current_ratio": null,
            "debt_ratio": null,
            "inventory_turnover_ratio": null,
            "account_receivable_turnover_ratio": null,
            "reinvestment_rate": null,
            "research_to_sale_ratio": null,
            "price_fair": 0,
            "eps_avg_yearly": 0,
            "eps_latest_yearly": 0,
            "eps_growth_yearly": 0
        },
        "20034": {
            "year_quarter": 20034,
            "year": 2003,
            "quarter": 4,
            "eps": null,
            "eps_growth_year": null,
            "eps_4q": null,
            "eps_4q_growth_year": null,
            "roe": null,
            "roe_4q": 0,
            "gross_profit": null,
            "gross_margin": null,
            "gross_margin_4q_avg": 0,
            "net_income": null,
            "revenue": null,
            "common_shares": null,
            "book_valuer_per_share": null,
            "book_valuer_per_share_4q_avg": 0,
            "equity": null,
            "current_ratio": null,
            "debt_ratio": null,
            "inventory_turnover_ratio": null,
            "account_receivable_turnover_ratio": null,
            "reinvestment_rate": null,
            "research_to_sale_ratio": null,
            "price_fair": 0,
            "eps_avg_yearly": 0,
            "eps_latest_yearly": 0,
            "eps_growth_yearly": 0
        },
        "20041": {
            "year_quarter": 20041,
            "year": 2004,
            "quarter": 1,
            "eps": null,
            "eps_growth_year": null,
            "eps_4q": null,
            "eps_4q_growth_year": null,
            "roe": null,
            "roe_4q": 0,
            "gross_profit": null,
            "gross_margin": null,
            "gross_margin_4q_avg": 0,
            "net_income": null,
            "revenue": null,
            "common_shares": null,
            "book_valuer_per_share": null,
            "book_valuer_per_share_4q_avg": 0,
            "equity": null,
            "current_ratio": null,
            "debt_ratio": null,
            "inventory_turnover_ratio": null,
            "account_receivable_turnover_ratio": null,
            "reinvestment_rate": null,
            "research_to_sale_ratio": null,
            "price_fair": 0,
            "eps_avg_yearly": 0,
            "eps_latest_yearly": 0,
            "eps_growth_yearly": 0
        },
        "20042": {
            "year_quarter": 20042,
            "year": 2004,
            "quarter": 2,
            "eps": null,
            "eps_growth_year": null,
            "eps_4q": null,
            "eps_4q_growth_year": null,
            "roe": null,
            "roe_4q": 0,
            "gross_profit": null,
            "gross_margin": null,
            "gross_margin_4q_avg": 0,
            "net_income": null,
            "revenue": null,
            "common_shares": null,
            "book_valuer_per_share": null,
            "book_valuer_per_share_4q_avg": 0,
            "equity": null,
            "current_ratio": null,
            "debt_ratio": null,
            "inventory_turnover_ratio": null,
            "account_receivable_turnover_ratio": null,
            "reinvestment_rate": null,
            "research_to_sale_ratio": null,
            "price_fair": 0,
            "eps_avg_yearly": 0,
            "eps_latest_yearly": 0,
            "eps_growth_yearly": 0
        },
        "20043": {
            "year_quarter": 20043,
            "year": 2004,
            "quarter": 3,
            "eps": null,
            "eps_growth_year": null,
            "eps_4q": null,
            "eps_4q_growth_year": null,
            "roe": null,
            "roe_4q": 0,
            "gross_profit": null,
            "gross_margin": null,
            "gross_margin_4q_avg": 0,
            "net_income": null,
            "revenue": null,
            "common_shares": null,
            "book_valuer_per_share": null,
            "book_valuer_per_share_4q_avg": 0,
            "equity": null,
            "current_ratio": null,
            "debt_ratio": null,
            "inventory_turnover_ratio": null,
            "account_receivable_turnover_ratio": null,
            "reinvestment_rate": null,
            "research_to_sale_ratio": null,
            "price_fair": 0,
            "eps_avg_yearly": 0,
            "eps_latest_yearly": 0,
            "eps_growth_yearly": 0
        },
        "20044": {
            "year_quarter": 20044,
            "year": 2004,
            "quarter": 4,
            "eps": null,
            "eps_growth_year": null,
            "eps_4q": null,
            "eps_4q_growth_year": null,
            "roe": null,
            "roe_4q": 0,
            "gross_profit": null,
            "gross_margin": null,
            "gross_margin_4q_avg": 0,
            "net_income": null,
            "revenue": null,
            "common_shares": null,
            "book_valuer_per_share": null,
            "book_valuer_per_share_4q_avg": 0,
            "equity": null,
            "current_ratio": null,
            "debt_ratio": null,
            "inventory_turnover_ratio": null,
            "account_receivable_turnover_ratio": null,
            "reinvestment_rate": null,
            "research_to_sale_ratio": null,
            "price_fair": 0,
            "eps_avg_yearly": 0,
            "eps_latest_yearly": 0,
            "eps_growth_yearly": 0
        },
        "20051": {
            "year_quarter": 20051,
            "year": 2005,
            "quarter": 1,
            "eps": null,
            "eps_growth_year": null,
            "eps_4q": null,
            "eps_4q_growth_year": null,
            "roe": null,
            "roe_4q": 0,
            "gross_profit": null,
            "gross_margin": null,
            "gross_margin_4q_avg": 0,
            "net_income": null,
            "revenue": null,
            "common_shares": null,
            "book_valuer_per_share": null,
            "book_valuer_per_share_4q_avg": 0,
            "equity": null,
            "current_ratio": null,
            "debt_ratio": null,
            "inventory_turnover_ratio": null,
            "account_receivable_turnover_ratio": null,
            "reinvestment_rate": null,
            "research_to_sale_ratio": null,
            "price_fair": 0,
            "eps_avg_yearly": 0,
            "eps_latest_yearly": 0,
            "eps_growth_yearly": 0
        },
        "20052": {
            "year_quarter": 20052,
            "year": 2005,
            "quarter": 2,
            "eps": null,
            "eps_growth_year": null,
            "eps_4q": null,
            "eps_4q_growth_year": null,
            "roe": null,
            "roe_4q": 0,
            "gross_profit": null,
            "gross_margin": null,
            "gross_margin_4q_avg": 0,
            "net_income": null,
            "revenue": null,
            "common_shares": null,
            "book_valuer_per_share": null,
            "book_valuer_per_share_4q_avg": 0,
            "equity": null,
            "current_ratio": null,
            "debt_ratio": null,
            "inventory_turnover_ratio": null,
            "account_receivable_turnover_ratio": null,
            "reinvestment_rate": null,
            "research_to_sale_ratio": null,
            "price_fair": 0,
            "eps_avg_yearly": 0,
            "eps_latest_yearly": 0,
            "eps_growth_yearly": 0
        },
        "20053": {
            "year_quarter": 20053,
            "year": 2005,
            "quarter": 3,
            "eps": null,
            "eps_growth_year": null,
            "eps_4q": null,
            "eps_4q_growth_year": null,
            "roe": null,
            "roe_4q": 0,
            "gross_profit": null,
            "gross_margin": null,
            "gross_margin_4q_avg": 0,
            "net_income": null,
            "revenue": null,
            "common_shares": null,
            "book_valuer_per_share": null,
            "book_valuer_per_share_4q_avg": 0,
            "equity": null,
            "current_ratio": null,
            "debt_ratio": null,
            "inventory_turnover_ratio": null,
            "account_receivable_turnover_ratio": null,
            "reinvestment_rate": null,
            "research_to_sale_ratio": null,
            "price_fair": 0,
            "eps_avg_yearly": 0,
            "eps_latest_yearly": 0,
            "eps_growth_yearly": 0
        },
        "20054": {
            "year_quarter": 20054,
            "year": 2005,
            "quarter": 4,
            "eps": null,
            "eps_growth_year": null,
            "eps_4q": null,
            "eps_4q_growth_year": null,
            "roe": null,
            "roe_4q": 0,
            "gross_profit": null,
            "gross_margin": null,
            "gross_margin_4q_avg": 0,
            "net_income": null,
            "revenue": null,
            "common_shares": null,
            "book_valuer_per_share": null,
            "book_valuer_per_share_4q_avg": 0,
            "equity": null,
            "current_ratio": null,
            "debt_ratio": null,
            "inventory_turnover_ratio": null,
            "account_receivable_turnover_ratio": null,
            "reinvestment_rate": null,
            "research_to_sale_ratio": null,
            "price_fair": 0,
            "eps_avg_yearly": 0,
            "eps_latest_yearly": 0,
            "eps_growth_yearly": 0
        },
        "20061": {
            "year_quarter": 20061,
            "year": 2006,
            "quarter": 1,
            "eps": null,
            "eps_growth_year": null,
            "eps_4q": null,
            "eps_4q_growth_year": null,
            "roe": null,
            "roe_4q": 0,
            "gross_profit": null,
            "gross_margin": null,
            "gross_margin_4q_avg": 0,
            "net_income": null,
            "revenue": null,
            "common_shares": null,
            "book_valuer_per_share": null,
            "book_valuer_per_share_4q_avg": 0,
            "equity": null,
            "current_ratio": null,
            "debt_ratio": null,
            "inventory_turnover_ratio": null,
            "account_receivable_turnover_ratio": null,
            "reinvestment_rate": null,
            "research_to_sale_ratio": null,
            "price_fair": 0,
            "eps_avg_yearly": 0,
            "eps_latest_yearly": 0,
            "eps_growth_yearly": 0
        },
        "20062": {
            "year_quarter": 20062,
            "year": 2006,
            "quarter": 2,
            "eps": null,
            "eps_growth_year": null,
            "eps_4q": null,
            "eps_4q_growth_year": null,
            "roe": null,
            "roe_4q": 0,
            "gross_profit": null,
            "gross_margin": null,
            "gross_margin_4q_avg": 0,
            "net_income": null,
            "revenue": null,
            "common_shares": null,
            "book_valuer_per_share": null,
            "book_valuer_per_share_4q_avg": 0,
            "equity": null,
            "current_ratio": null,
            "debt_ratio": null,
            "inventory_turnover_ratio": null,
            "account_receivable_turnover_ratio": null,
            "reinvestment_rate": null,
            "research_to_sale_ratio": null,
            "price_fair": 0,
            "eps_avg_yearly": 0,
            "eps_latest_yearly": 0,
            "eps_growth_yearly": 0
        },
        "20063": {
            "year_quarter": 20063,
            "year": 2006,
            "quarter": 3,
            "eps": null,
            "eps_growth_year": null,
            "eps_4q": null,
            "eps_4q_growth_year": null,
            "roe": null,
            "roe_4q": 0,
            "gross_profit": null,
            "gross_margin": null,
            "gross_margin_4q_avg": 0,
            "net_income": null,
            "revenue": null,
            "common_shares": null,
            "book_valuer_per_share": null,
            "book_valuer_per_share_4q_avg": 0,
            "equity": null,
            "current_ratio": null,
            "debt_ratio": null,
            "inventory_turnover_ratio": null,
            "account_receivable_turnover_ratio": null,
            "reinvestment_rate": null,
            "research_to_sale_ratio": null,
            "price_fair": 0,
            "eps_avg_yearly": 0,
            "eps_latest_yearly": 0,
            "eps_growth_yearly": 0
        },
        "20064": {
            "year_quarter": 20064,
            "year": 2006,
            "quarter": 4,
            "eps": null,
            "eps_growth_year": null,
            "eps_4q": null,
            "eps_4q_growth_year": null,
            "roe": null,
            "roe_4q": 0,
            "gross_profit": null,
            "gross_margin": null,
            "gross_margin_4q_avg": 0,
            "net_income": null,
            "revenue": null,
            "common_shares": null,
            "book_valuer_per_share": null,
            "book_valuer_per_share_4q_avg": 0,
            "equity": null,
            "current_ratio": null,
            "debt_ratio": null,
            "inventory_turnover_ratio": null,
            "account_receivable_turnover_ratio": null,
            "reinvestment_rate": null,
            "research_to_sale_ratio": null,
            "price_fair": 0,
            "eps_avg_yearly": 0,
            "eps_latest_yearly": 0,
            "eps_growth_yearly": 0
        },
        "20071": {
            "year_quarter": 20071,
            "year": 2007,
            "quarter": 1,
            "eps": null,
            "eps_growth_year": null,
            "eps_4q": null,
            "eps_4q_growth_year": null,
            "roe": null,
            "roe_4q": 0,
            "gross_profit": null,
            "gross_margin": null,
            "gross_margin_4q_avg": 0,
            "net_income": null,
            "revenue": null,
            "common_shares": null,
            "book_valuer_per_share": null,
            "book_valuer_per_share_4q_avg": 0,
            "equity": null,
            "current_ratio": null,
            "debt_ratio": null,
            "inventory_turnover_ratio": null,
            "account_receivable_turnover_ratio": null,
            "reinvestment_rate": null,
            "research_to_sale_ratio": null,
            "price_fair": 0,
            "eps_avg_yearly": 0,
            "eps_latest_yearly": 0,
            "eps_growth_yearly": 0
        },
        "20072": {
            "year_quarter": 20072,
            "year": 2007,
            "quarter": 2,
            "eps": null,
            "eps_growth_year": null,
            "eps_4q": null,
            "eps_4q_growth_year": null,
            "roe": null,
            "roe_4q": 0,
            "gross_profit": null,
            "gross_margin": null,
            "gross_margin_4q_avg": 0,
            "net_income": null,
            "revenue": null,
            "common_shares": null,
            "book_valuer_per_share": null,
            "book_valuer_per_share_4q_avg": 0,
            "equity": null,
            "current_ratio": null,
            "debt_ratio": null,
            "inventory_turnover_ratio": null,
            "account_receivable_turnover_ratio": null,
            "reinvestment_rate": null,
            "research_to_sale_ratio": null,
            "price_fair": 0,
            "eps_avg_yearly": 0,
            "eps_latest_yearly": 0,
            "eps_growth_yearly": 0
        },
        "20073": {
            "year_quarter": 20073,
            "year": 2007,
            "quarter": 3,
            "eps": null,
            "eps_growth_year": null,
            "eps_4q": null,
            "eps_4q_growth_year": null,
            "roe": null,
            "roe_4q": 0,
            "gross_profit": null,
            "gross_margin": null,
            "gross_margin_4q_avg": 0,
            "net_income": null,
            "revenue": null,
            "common_shares": null,
            "book_valuer_per_share": null,
            "book_valuer_per_share_4q_avg": 0,
            "equity": null,
            "current_ratio": null,
            "debt_ratio": null,
            "inventory_turnover_ratio": null,
            "account_receivable_turnover_ratio": null,
            "reinvestment_rate": null,
            "research_to_sale_ratio": null,
            "price_fair": 0,
            "eps_avg_yearly": 0,
            "eps_latest_yearly": 0,
            "eps_growth_yearly": 0
        },
        "20074": {
            "year_quarter": 20074,
            "year": 2007,
            "quarter": 4,
            "eps": null,
            "eps_growth_year": null,
            "eps_4q": null,
            "eps_4q_growth_year": null,
            "roe": null,
            "roe_4q": 0,
            "gross_profit": null,
            "gross_margin": null,
            "gross_margin_4q_avg": 0,
            "net_income": null,
            "revenue": null,
            "common_shares": null,
            "book_valuer_per_share": null,
            "book_valuer_per_share_4q_avg": 0,
            "equity": null,
            "current_ratio": null,
            "debt_ratio": null,
            "inventory_turnover_ratio": null,
            "account_receivable_turnover_ratio": null,
            "reinvestment_rate": null,
            "research_to_sale_ratio": null,
            "price_fair": 0,
            "eps_avg_yearly": 0,
            "eps_latest_yearly": 0,
            "eps_growth_yearly": 0
        },
        "20081": {
            "year_quarter": 20081,
            "year": 2008,
            "quarter": 1,
            "eps": null,
            "eps_growth_year": null,
            "eps_4q": null,
            "eps_4q_growth_year": null,
            "roe": null,
            "roe_4q": 0,
            "gross_profit": null,
            "gross_margin": null,
            "gross_margin_4q_avg": 0,
            "net_income": null,
            "revenue": null,
            "common_shares": null,
            "book_valuer_per_share": null,
            "book_valuer_per_share_4q_avg": 0,
            "equity": null,
            "current_ratio": null,
            "debt_ratio": null,
            "inventory_turnover_ratio": null,
            "account_receivable_turnover_ratio": null,
            "reinvestment_rate": null,
            "research_to_sale_ratio": null,
            "price_fair": 0,
            "eps_avg_yearly": 0,
            "eps_latest_yearly": 0,
            "eps_growth_yearly": 0
        },
        "20082": {
            "year_quarter": 20082,
            "year": 2008,
            "quarter": 2,
            "eps": null,
            "eps_growth_year": null,
            "eps_4q": null,
            "eps_4q_growth_year": null,
            "roe": null,
            "roe_4q": 0,
            "gross_profit": null,
            "gross_margin": null,
            "gross_margin_4q_avg": 0,
            "net_income": null,
            "revenue": null,
            "common_shares": null,
            "book_valuer_per_share": null,
            "book_valuer_per_share_4q_avg": 0,
            "equity": null,
            "current_ratio": null,
            "debt_ratio": null,
            "inventory_turnover_ratio": null,
            "account_receivable_turnover_ratio": null,
            "reinvestment_rate": null,
            "research_to_sale_ratio": null,
            "price_fair": 0,
            "eps_avg_yearly": 0,
            "eps_latest_yearly": 0,
            "eps_growth_yearly": 0
        },
        "20083": {
            "year_quarter": 20083,
            "year": 2008,
            "quarter": 3,
            "eps": null,
            "eps_growth_year": null,
            "eps_4q": null,
            "eps_4q_growth_year": null,
            "roe": null,
            "roe_4q": 0,
            "gross_profit": null,
            "gross_margin": null,
            "gross_margin_4q_avg": 0,
            "net_income": null,
            "revenue": null,
            "common_shares": null,
            "book_valuer_per_share": null,
            "book_valuer_per_share_4q_avg": 0,
            "equity": null,
            "current_ratio": null,
            "debt_ratio": null,
            "inventory_turnover_ratio": null,
            "account_receivable_turnover_ratio": null,
            "reinvestment_rate": null,
            "research_to_sale_ratio": null,
            "price_fair": 0,
            "eps_avg_yearly": 0,
            "eps_latest_yearly": 0,
            "eps_growth_yearly": 0
        },
        "20084": {
            "year_quarter": 20084,
            "year": 2008,
            "quarter": 4,
            "eps": null,
            "eps_growth_year": null,
            "eps_4q": null,
            "eps_4q_growth_year": null,
            "roe": null,
            "roe_4q": 0,
            "gross_profit": null,
            "gross_margin": null,
            "gross_margin_4q_avg": 0,
            "net_income": null,
            "revenue": null,
            "common_shares": 112309170,
            "book_valuer_per_share": null,
            "book_valuer_per_share_4q_avg": 0,
            "equity": 114233144,
            "current_ratio": null,
            "debt_ratio": null,
            "inventory_turnover_ratio": null,
            "account_receivable_turnover_ratio": null,
            "reinvestment_rate": null,
            "research_to_sale_ratio": null,
            "price_fair": 0,
            "eps_avg_yearly": 0,
            "eps_latest_yearly": 0,
            "eps_growth_yearly": 0
        },
        "20091": {
            "year_quarter": 20091,
            "year": 2009,
            "quarter": 1,
            "eps": null,
            "eps_growth_year": null,
            "eps_4q": null,
            "eps_4q_growth_year": null,
            "roe": null,
            "roe_4q": 0,
            "gross_profit": null,
            "gross_margin": null,
            "gross_margin_4q_avg": 0,
            "net_income": 622125,
            "revenue": 1593538,
            "common_shares": 112309170,
            "book_valuer_per_share": null,
            "book_valuer_per_share_4q_avg": 0,
            "equity": 117090815,
            "current_ratio": null,
            "debt_ratio": null,
            "inventory_turnover_ratio": null,
            "account_receivable_turnover_ratio": null,
            "reinvestment_rate": null,
            "research_to_sale_ratio": null,
            "price_fair": 0,
            "eps_avg_yearly": 0,
            "eps_latest_yearly": 0,
            "eps_growth_yearly": 0
        },
        "20092": {
            "year_quarter": 20092,
            "year": 2009,
            "quarter": 2,
            "eps": null,
            "eps_growth_year": null,
            "eps_4q": null,
            "eps_4q_growth_year": null,
            "roe": null,
            "roe_4q": 0,
            "gross_profit": null,
            "gross_margin": null,
            "gross_margin_4q_avg": 0,
            "net_income": 900234,
            "revenue": 1699158,
            "common_shares": 112309170,
            "book_valuer_per_share": null,
            "book_valuer_per_share_4q_avg": 0,
            "equity": 119933311,
            "current_ratio": null,
            "debt_ratio": null,
            "inventory_turnover_ratio": null,
            "account_receivable_turnover_ratio": null,
            "reinvestment_rate": null,
            "research_to_sale_ratio": null,
            "price_fair": 0,
            "eps_avg_yearly": 0,
            "eps_latest_yearly": 0,
            "eps_growth_yearly": 0
        },
        "20093": {
            "year_quarter": 20093,
            "year": 2009,
            "quarter": 3,
            "eps": null,
            "eps_growth_year": null,
            "eps_4q": null,
            "eps_4q_growth_year": null,
            "roe": null,
            "roe_4q": 0,
            "gross_profit": null,
            "gross_margin": null,
            "gross_margin_4q_avg": 0,
            "net_income": 4102165,
            "revenue": 5259127,
            "common_shares": 112172050,
            "book_valuer_per_share": null,
            "book_valuer_per_share_4q_avg": 0,
            "equity": 127450099,
            "current_ratio": null,
            "debt_ratio": null,
            "inventory_turnover_ratio": null,
            "account_receivable_turnover_ratio": null,
            "reinvestment_rate": null,
            "research_to_sale_ratio": null,
            "price_fair": 0,
            "eps_avg_yearly": 0,
            "eps_latest_yearly": 0,
            "eps_growth_yearly": 0
        },
        "20094": {
            "year_quarter": 20094,
            "year": 2009,
            "quarter": 4,
            "eps": null,
            "eps_growth_year": null,
            "eps_4q": null,
            "eps_4q_growth_year": null,
            "roe": null,
            "roe_4q": 0,
            "gross_profit": null,
            "gross_margin": null,
            "gross_margin_4q_avg": 0,
            "net_income": 1670502,
            "revenue": 3270221,
            "common_shares": 112172050,
            "book_valuer_per_share": 12.51,
            "book_valuer_per_share_4q_avg": 3.13,
            "equity": 131878104,
            "current_ratio": null,
            "debt_ratio": 54.23,
            "inventory_turnover_ratio": null,
            "account_receivable_turnover_ratio": null,
            "reinvestment_rate": null,
            "research_to_sale_ratio": null,
            "price_fair": 0,
            "eps_avg_yearly": 0,
            "eps_latest_yearly": 0,
            "eps_growth_yearly": 0
        },
        "20101": {
            "year_quarter": 20101,
            "year": 2010,
            "quarter": 1,
            "eps": 0.09,
            "eps_growth_year": null,
            "eps_4q": 0.09,
            "eps_4q_growth_year": null,
            "roe": 0.82,
            "roe_4q": 0.82,
            "gross_profit": null,
            "gross_margin": null,
            "gross_margin_4q_avg": 0,
            "net_income": 1078680,
            "revenue": 2369091,
            "common_shares": 112172050,
            "book_valuer_per_share": 12.44,
            "book_valuer_per_share_4q_avg": 6.24,
            "equity": 132400591,
            "current_ratio": null,
            "debt_ratio": 55.13,
            "inventory_turnover_ratio": null,
            "account_receivable_turnover_ratio": null,
            "reinvestment_rate": null,
            "research_to_sale_ratio": null,
            "price_fair": 0,
            "eps_avg_yearly": 0,
            "eps_latest_yearly": 0,
            "eps_growth_yearly": 0
        },
        "20102": {
            "year_quarter": 20102,
            "year": 2010,
            "quarter": 2,
            "eps": 0.12,
            "eps_growth_year": null,
            "eps_4q": 0.22,
            "eps_4q_growth_year": null,
            "roe": 0.97,
            "roe_4q": 1.79,
            "gross_profit": null,
            "gross_margin": null,
            "gross_margin_4q_avg": 0,
            "net_income": 1249262,
            "revenue": 2249446,
            "common_shares": 112172050,
            "book_valuer_per_share": 11.8,
            "book_valuer_per_share_4q_avg": 9.19,
            "equity": 125575971,
            "current_ratio": null,
            "debt_ratio": 58.76,
            "inventory_turnover_ratio": null,
            "account_receivable_turnover_ratio": null,
            "reinvestment_rate": null,
            "research_to_sale_ratio": null,
            "price_fair": 16.8,
            "eps_avg_yearly": 0.48,
            "eps_latest_yearly": 0.48,
            "eps_growth_yearly": 133.33
        },
        "20103": {
            "year_quarter": 20103,
            "year": 2010,
            "quarter": 3,
            "eps": 0.32,
            "eps_growth_year": null,
            "eps_4q": 0.54,
            "eps_4q_growth_year": null,
            "roe": 2.81,
            "roe_4q": 4.6000000000000005,
            "gross_profit": null,
            "gross_margin": null,
            "gross_margin_4q_avg": 0,
            "net_income": 3584139,
            "revenue": 5374996,
            "common_shares": 113236483,
            "book_valuer_per_share": 12.04,
            "book_valuer_per_share_4q_avg": 12.2,
            "equity": 129471751,
            "current_ratio": null,
            "debt_ratio": 60.3,
            "inventory_turnover_ratio": null,
            "account_receivable_turnover_ratio": null,
            "reinvestment_rate": null,
            "research_to_sale_ratio": null,
            "price_fair": 30.8,
            "eps_avg_yearly": 0.88,
            "eps_latest_yearly": 1.28,
            "eps_growth_yearly": 400
        },
        "20104": {
            "year_quarter": 20104,
            "year": 2010,
            "quarter": 4,
            "eps": 0.25,
            "eps_growth_year": null,
            "eps_4q": 0.79,
            "eps_4q_growth_year": null,
            "roe": 2.12,
            "roe_4q": 6.72,
            "gross_profit": null,
            "gross_margin": null,
            "gross_margin_4q_avg": 0,
            "net_income": 2742593,
            "revenue": 4531755,
            "common_shares": 113236483,
            "book_valuer_per_share": 11.96,
            "book_valuer_per_share_4q_avg": 12.06,
            "equity": 129774075,
            "current_ratio": null,
            "debt_ratio": 61.41,
            "inventory_turnover_ratio": null,
            "account_receivable_turnover_ratio": null,
            "reinvestment_rate": null,
            "research_to_sale_ratio": null,
            "price_fair": 32.2,
            "eps_avg_yearly": 0.92,
            "eps_latest_yearly": 1,
            "eps_growth_yearly": 237.5
        },
        "20111": {
            "year_quarter": 20111,
            "year": 2011,
            "quarter": 1,
            "eps": 0.05,
            "eps_growth_year": -44.44,
            "eps_4q": 0.75,
            "eps_4q_growth_year": 703.74,
            "roe": 0.46,
            "roe_4q": 6.36,
            "gross_profit": null,
            "gross_margin": null,
            "gross_margin_4q_avg": 0,
            "net_income": 599981,
            "revenue": 1990356,
            "common_shares": 111407583,
            "book_valuer_per_share": 11.96,
            "book_valuer_per_share_4q_avg": 11.94,
            "equity": 129737188,
            "current_ratio": null,
            "debt_ratio": 61.98,
            "inventory_turnover_ratio": null,
            "account_receivable_turnover_ratio": null,
            "reinvestment_rate": null,
            "research_to_sale_ratio": null,
            "price_fair": 25.9,
            "eps_avg_yearly": 0.74,
            "eps_latest_yearly": 0.2,
            "eps_growth_yearly": 98.13
        },
        "20112": {
            "year_quarter": 20112,
            "year": 2011,
            "quarter": 2,
            "eps": 0.14,
            "eps_growth_year": 15.25,
            "eps_4q": 0.76,
            "eps_4q_growth_year": 250.36,
            "roe": 1.25,
            "roe_4q": 6.640000000000001,
            "gross_profit": null,
            "gross_margin": null,
            "gross_margin_4q_avg": 0,
            "net_income": 1583555,
            "revenue": 3090024,
            "common_shares": 111407583,
            "book_valuer_per_share": 11.26,
            "book_valuer_per_share_4q_avg": 11.81,
            "equity": 123888241,
            "current_ratio": null,
            "debt_ratio": 63.93,
            "inventory_turnover_ratio": null,
            "account_receivable_turnover_ratio": null,
            "reinvestment_rate": null,
            "research_to_sale_ratio": null,
            "price_fair": 24.64,
            "eps_avg_yearly": 0.7,
            "eps_latest_yearly": 0.56,
            "eps_growth_yearly": 222.5
        },
        "20113": {
            "year_quarter": 20113,
            "year": 2011,
            "quarter": 3,
            "eps": -0,
            "eps_growth_year": -101.15,
            "eps_4q": 0.44,
            "eps_4q_growth_year": -18.83,
            "roe": -0.03,
            "roe_4q": 3.8,
            "gross_profit": null,
            "gross_margin": null,
            "gross_margin_4q_avg": 0,
            "net_income": -34645,
            "revenue": 1132123,
            "common_shares": 112492660,
            "book_valuer_per_share": 10.63,
            "book_valuer_per_share_4q_avg": 11.45,
            "equity": 118138377,
            "current_ratio": null,
            "debt_ratio": 66.5,
            "inventory_turnover_ratio": null,
            "account_receivable_turnover_ratio": null,
            "reinvestment_rate": null,
            "research_to_sale_ratio": null,
            "price_fair": 24.64,
            "eps_avg_yearly": 0.7,
            "eps_latest_yearly": 0.56,
            "eps_growth_yearly": 222.5
        },
        "20114": {
            "year_quarter": 20114,
            "year": 2011,
            "quarter": 4,
            "eps": -0.04,
            "eps_growth_year": -117.78,
            "eps_4q": 0.14,
            "eps_4q_growth_year": -81.65,
            "roe": -0.42,
            "roe_4q": 1.26,
            "gross_profit": null,
            "gross_margin": null,
            "gross_margin_4q_avg": 0,
            "net_income": -503126,
            "revenue": 992884,
            "common_shares": 112492660,
            "book_valuer_per_share": 10.58,
            "book_valuer_per_share_4q_avg": 11.11,
            "equity": 118994732,
            "current_ratio": null,
            "debt_ratio": 64.13,
            "inventory_turnover_ratio": null,
            "account_receivable_turnover_ratio": null,
            "reinvestment_rate": null,
            "research_to_sale_ratio": null,
            "price_fair": 24.64,
            "eps_avg_yearly": 0.7,
            "eps_latest_yearly": 0.56,
            "eps_growth_yearly": 222.5
        },
        "20121": {
            "year_quarter": 20121,
            "year": 2012,
            "quarter": 1,
            "eps": 0.15,
            "eps_growth_year": 200,
            "eps_4q": 0.24,
            "eps_4q_growth_year": -67.87,
            "roe": 1.39,
            "roe_4q": 2.19,
            "gross_profit": null,
            "gross_margin": null,
            "gross_margin_4q_avg": 0,
            "net_income": 1688794,
            "revenue": 2811143,
            "common_shares": 112492660,
            "book_valuer_per_share": 10.95,
            "book_valuer_per_share_4q_avg": 10.86,
            "equity": 123216794,
            "current_ratio": null,
            "debt_ratio": 64.91,
            "inventory_turnover_ratio": null,
            "account_receivable_turnover_ratio": null,
            "reinvestment_rate": null,
            "research_to_sale_ratio": null,
            "price_fair": 24.64,
            "eps_avg_yearly": 0.7,
            "eps_latest_yearly": 0.56,
            "eps_growth_yearly": 222.5
        },
        "20122": {
            "year_quarter": 20122,
            "year": 2012,
            "quarter": 2,
            "eps": 0.05,
            "eps_growth_year": -64.51,
            "eps_4q": 0.13,
            "eps_4q_growth_year": -82.77,
            "roe": 0.55,
            "roe_4q": 1.49,
            "gross_profit": null,
            "gross_margin": null,
            "gross_margin_4q_avg": 0,
            "net_income": 783966,
            "revenue": 2398826,
            "common_shares": 144561641,
            "book_valuer_per_share": 11.23,
            "book_valuer_per_share_4q_avg": 10.85,
            "equity": 159541569,
            "current_ratio": null,
            "debt_ratio": 67.22,
            "inventory_turnover_ratio": null,
            "account_receivable_turnover_ratio": null,
            "reinvestment_rate": null,
            "research_to_sale_ratio": null,
            "price_fair": 21.7,
            "eps_avg_yearly": 0.62,
            "eps_latest_yearly": 0.2,
            "eps_growth_yearly": 140.97
        },
        "20123": {
            "year_quarter": 20123,
            "year": 2012,
            "quarter": 3,
            "eps": 0.14,
            "eps_growth_year": null,
            "eps_4q": 0.27,
            "eps_4q_growth_year": -37.98,
            "roe": 1.28,
            "roe_4q": 2.8,
            "gross_profit": null,
            "gross_margin": null,
            "gross_margin_4q_avg": 0,
            "net_income": 2060121,
            "revenue": 5302244,
            "common_shares": 144561641,
            "book_valuer_per_share": 11.49,
            "book_valuer_per_share_4q_avg": 11.06,
            "equity": 163295152,
            "current_ratio": null,
            "debt_ratio": 66.25,
            "inventory_turnover_ratio": null,
            "account_receivable_turnover_ratio": null,
            "reinvestment_rate": null,
            "research_to_sale_ratio": null,
            "price_fair": 21.4,
            "eps_avg_yearly": 0.61,
            "eps_latest_yearly": 0.56,
            "eps_growth_yearly": 223.69
        },
        "20124": {
            "year_quarter": 20124,
            "year": 2012,
            "quarter": 4,
            "eps": 0.05,
            "eps_growth_year": null,
            "eps_4q": 0.35,
            "eps_4q_growth_year": 145.01,
            "roe": 0.46,
            "roe_4q": 3.6799999999999997,
            "gross_profit": null,
            "gross_margin": null,
            "gross_margin_4q_avg": 0,
            "net_income": 762742,
            "revenue": 4840594,
            "common_shares": 144561641,
            "book_valuer_per_share": 11.69,
            "book_valuer_per_share_4q_avg": 11.34,
            "equity": 165839921,
            "current_ratio": null,
            "debt_ratio": 66.1,
            "inventory_turnover_ratio": null,
            "account_receivable_turnover_ratio": null,
            "reinvestment_rate": 73.38,
            "research_to_sale_ratio": null,
            "price_fair": 19.6,
            "eps_avg_yearly": 0.56,
            "eps_latest_yearly": 0.2,
            "eps_growth_yearly": 163.59
        },
        "20131": {
            "year_quarter": 20131,
            "year": 2013,
            "quarter": 1,
            "eps": 0.1,
            "eps_growth_year": -33.33,
            "eps_4q": 0.32,
            "eps_4q_growth_year": 34.25,
            "roe": 0.88,
            "roe_4q": 3.17,
            "gross_profit": null,
            "gross_margin": null,
            "gross_margin_4q_avg": 0,
            "net_income": 1461299,
            "revenue": 5141519,
            "common_shares": 151729966,
            "book_valuer_per_share": 10.79,
            "book_valuer_per_share_4q_avg": 11.3,
            "equity": 165204807,
            "current_ratio": null,
            "debt_ratio": 72.12,
            "inventory_turnover_ratio": null,
            "account_receivable_turnover_ratio": null,
            "reinvestment_rate": 75.35,
            "research_to_sale_ratio": null,
            "price_fair": 18.98,
            "eps_avg_yearly": 0.54,
            "eps_latest_yearly": 0.4,
            "eps_growth_yearly": 189.85
        },
        "20132": {
            "year_quarter": 20132,
            "year": 2013,
            "quarter": 2,
            "eps": 0.14,
            "eps_growth_year": 177.32,
            "eps_4q": 0.42,
            "eps_4q_growth_year": 219.33,
            "roe": 1.3,
            "roe_4q": 3.92,
            "gross_profit": null,
            "gross_margin": null,
            "gross_margin_4q_avg": 0,
            "net_income": 2125509,
            "revenue": 5925387,
            "common_shares": 150268236,
            "book_valuer_per_share": 10.55,
            "book_valuer_per_share_4q_avg": 11.13,
            "equity": 161766628,
            "current_ratio": null,
            "debt_ratio": 72.71,
            "inventory_turnover_ratio": null,
            "account_receivable_turnover_ratio": null,
            "reinvestment_rate": 68.86,
            "research_to_sale_ratio": null,
            "price_fair": 19.04,
            "eps_avg_yearly": 0.54,
            "eps_latest_yearly": 0.56,
            "eps_growth_yearly": 186.87
        },
        "20133": {
            "year_quarter": 20133,
            "year": 2013,
            "quarter": 3,
            "eps": 0.19,
            "eps_growth_year": 36.87,
            "eps_4q": 0.47,
            "eps_4q_growth_year": 72.78,
            "roe": 1.72,
            "roe_4q": 4.36,
            "gross_profit": null,
            "gross_margin": null,
            "gross_margin_4q_avg": 0,
            "net_income": 2799713,
            "revenue": 6474855,
            "common_shares": 150308833,
            "book_valuer_per_share": 10.74,
            "book_valuer_per_share_4q_avg": 10.94,
            "equity": 164523925,
            "current_ratio": null,
            "debt_ratio": 74.75,
            "inventory_turnover_ratio": null,
            "account_receivable_turnover_ratio": null,
            "reinvestment_rate": 71.18,
            "research_to_sale_ratio": null,
            "price_fair": 19.73,
            "eps_avg_yearly": 0.56,
            "eps_latest_yearly": 0.76,
            "eps_growth_yearly": 182.87
        },
        "20134": {
            "year_quarter": 20134,
            "year": 2013,
            "quarter": 4,
            "eps": 0.14,
            "eps_growth_year": 199.61,
            "eps_4q": 0.56,
            "eps_4q_growth_year": 59.12,
            "roe": 1.24,
            "roe_4q": 5.14,
            "gross_profit": null,
            "gross_margin": null,
            "gross_margin_4q_avg": 0,
            "net_income": 2061953,
            "revenue": 7167985,
            "common_shares": 150308833,
            "book_valuer_per_share": 11.04,
            "book_valuer_per_share_4q_avg": 10.78,
            "equity": 169102654,
            "current_ratio": null,
            "debt_ratio": 73.9,
            "inventory_turnover_ratio": null,
            "account_receivable_turnover_ratio": null,
            "reinvestment_rate": -1.07,
            "research_to_sale_ratio": null,
            "price_fair": 19.72,
            "eps_avg_yearly": 0.56,
            "eps_latest_yearly": 0.56,
            "eps_growth_yearly": 158.86
        },
        "20141": {
            "year_quarter": 20141,
            "year": 2014,
            "quarter": 1,
            "eps": 0.18,
            "eps_growth_year": 80,
            "eps_4q": 0.65,
            "eps_4q_growth_year": 100.3,
            "roe": 1.6,
            "roe_4q": 5.859999999999999,
            "gross_profit": null,
            "gross_margin": null,
            "gross_margin_4q_avg": 0,
            "net_income": 2734726,
            "revenue": 6623607,
            "common_shares": 150369666,
            "book_valuer_per_share": 11.27,
            "book_valuer_per_share_4q_avg": 10.9,
            "equity": 172565540,
            "current_ratio": null,
            "debt_ratio": 75.9,
            "inventory_turnover_ratio": null,
            "account_receivable_turnover_ratio": null,
            "reinvestment_rate": 0.51,
            "research_to_sale_ratio": null,
            "price_fair": 20.14,
            "eps_avg_yearly": 0.58,
            "eps_latest_yearly": 0.72,
            "eps_growth_yearly": 155.43
        },
        "20142": {
            "year_quarter": 20142,
            "year": 2014,
            "quarter": 2,
            "eps": 0.14,
            "eps_growth_year": 0,
            "eps_4q": 0.65,
            "eps_4q_growth_year": 56.82,
            "roe": 1.27,
            "roe_4q": 5.83,
            "gross_profit": null,
            "gross_margin": null,
            "gross_margin_4q_avg": 0,
            "net_income": 2166180,
            "revenue": 6393044,
            "common_shares": 150369666,
            "book_valuer_per_share": 10.95,
            "book_valuer_per_share_4q_avg": 11,
            "equity": 167701798,
            "current_ratio": null,
            "debt_ratio": 77.38,
            "inventory_turnover_ratio": null,
            "account_receivable_turnover_ratio": null,
            "reinvestment_rate": 8.29,
            "research_to_sale_ratio": null,
            "price_fair": 20.35,
            "eps_avg_yearly": 0.58,
            "eps_latest_yearly": 0.56,
            "eps_growth_yearly": 138.33
        },
        "20143": {
            "year_quarter": 20143,
            "year": 2014,
            "quarter": 3,
            "eps": 0.22,
            "eps_growth_year": 15.79,
            "eps_4q": 0.67,
            "eps_4q_growth_year": 42.16,
            "roe": 1.9,
            "roe_4q": 6.01,
            "gross_profit": null,
            "gross_margin": null,
            "gross_margin_4q_avg": 0,
            "net_income": 3212050,
            "revenue": 7575532,
            "common_shares": 153431133,
            "book_valuer_per_share": 11.07,
            "book_valuer_per_share_4q_avg": 11.08,
            "equity": 169919976,
            "current_ratio": null,
            "debt_ratio": 81.57,
            "inventory_turnover_ratio": null,
            "account_receivable_turnover_ratio": null,
            "reinvestment_rate": 32.81,
            "research_to_sale_ratio": null,
            "price_fair": 19.28,
            "eps_avg_yearly": 0.55,
            "eps_latest_yearly": 0.88,
            "eps_growth_yearly": 104.63
        },
        "20144": {
            "year_quarter": 20144,
            "year": 2014,
            "quarter": 4,
            "eps": 0.19,
            "eps_growth_year": 37.35,
            "eps_4q": 0.73,
            "eps_4q_growth_year": 28.75,
            "roe": 1.67,
            "roe_4q": 6.4399999999999995,
            "gross_profit": null,
            "gross_margin": null,
            "gross_margin_4q_avg": 0,
            "net_income": 2870036,
            "revenue": 8149650,
            "common_shares": 153438493,
            "book_valuer_per_share": 11.41,
            "book_valuer_per_share_4q_avg": 11.18,
            "equity": 173913913,
            "current_ratio": null,
            "debt_ratio": 81.05,
            "inventory_turnover_ratio": null,
            "account_receivable_turnover_ratio": null,
            "reinvestment_rate": 57.06,
            "research_to_sale_ratio": null,
            "price_fair": 18.63,
            "eps_avg_yearly": 0.53,
            "eps_latest_yearly": 0.76,
            "eps_growth_yearly": 107.17
        },
        "20151": {
            "year_quarter": 20151,
            "year": 2015,
            "quarter": 1,
            "eps": 0.18,
            "eps_growth_year": 0,
            "eps_4q": 0.73,
            "eps_4q_growth_year": 13.08,
            "roe": 1.59,
            "roe_4q": 6.43,
            "gross_profit": null,
            "gross_margin": null,
            "gross_margin_4q_avg": 0,
            "net_income": 2782485,
            "revenue": 8016732,
            "common_shares": 153533183,
            "book_valuer_per_share": 11.57,
            "book_valuer_per_share_4q_avg": 11.25,
            "equity": 175358929,
            "current_ratio": null,
            "debt_ratio": 81.34,
            "inventory_turnover_ratio": null,
            "account_receivable_turnover_ratio": null,
            "reinvestment_rate": 52,
            "research_to_sale_ratio": null,
            "price_fair": 20.03,
            "eps_avg_yearly": 0.57,
            "eps_latest_yearly": 0.72,
            "eps_growth_yearly": 130.17
        },
        "20152": {
            "year_quarter": 20152,
            "year": 2015,
            "quarter": 2,
            "eps": 0.16,
            "eps_growth_year": 14.29,
            "eps_4q": 0.75,
            "eps_4q_growth_year": 14.63,
            "roe": 1.39,
            "roe_4q": 6.550000000000001,
            "gross_profit": null,
            "gross_margin": null,
            "gross_margin_4q_avg": 0,
            "net_income": 2373835,
            "revenue": 7921023,
            "common_shares": 151644303,
            "book_valuer_per_share": 11.01,
            "book_valuer_per_share_4q_avg": 11.27,
            "equity": 166927299,
            "current_ratio": null,
            "debt_ratio": 81.66,
            "inventory_turnover_ratio": null,
            "account_receivable_turnover_ratio": null,
            "reinvestment_rate": 51.09,
            "research_to_sale_ratio": null,
            "price_fair": 20.25,
            "eps_avg_yearly": 0.58,
            "eps_latest_yearly": 0.64,
            "eps_growth_yearly": 71.36
        },
        "20153": {
            "year_quarter": 20153,
            "year": 2015,
            "quarter": 3,
            "eps": 0.07,
            "eps_growth_year": -68.18,
            "eps_4q": 0.6,
            "eps_4q_growth_year": -10.1,
            "roe": 0.59,
            "roe_4q": 5.24,
            "gross_profit": null,
            "gross_margin": null,
            "gross_margin_4q_avg": 0,
            "net_income": 992725,
            "revenue": 5599505,
            "common_shares": 151644553,
            "book_valuer_per_share": 11.02,
            "book_valuer_per_share_4q_avg": 11.25,
            "equity": 167111143,
            "current_ratio": null,
            "debt_ratio": 81.8,
            "inventory_turnover_ratio": null,
            "account_receivable_turnover_ratio": null,
            "reinvestment_rate": 49.54,
            "research_to_sale_ratio": null,
            "price_fair": 19.5,
            "eps_avg_yearly": 0.56,
            "eps_latest_yearly": 0.28,
            "eps_growth_yearly": 50.19
        },
        "20154": {
            "year_quarter": 20154,
            "year": 2015,
            "quarter": 4,
            "eps": 0.16,
            "eps_growth_year": -12.95,
            "eps_4q": 0.58,
            "eps_4q_growth_year": -20.56,
            "roe": 1.47,
            "roe_4q": 5.04,
            "gross_profit": null,
            "gross_margin": null,
            "gross_margin_4q_avg": 0,
            "net_income": 2466130,
            "revenue": 8985262,
            "common_shares": 151124071,
            "book_valuer_per_share": 11.17,
            "book_valuer_per_share_4q_avg": 11.19,
            "equity": 168770738,
            "current_ratio": null,
            "debt_ratio": 80.53,
            "inventory_turnover_ratio": null,
            "account_receivable_turnover_ratio": null,
            "reinvestment_rate": 47.48,
            "research_to_sale_ratio": null,
            "price_fair": 19.69,
            "eps_avg_yearly": 0.56,
            "eps_latest_yearly": 0.64,
            "eps_growth_yearly": 81.13
        },
        "20161": {
            "year_quarter": 20161,
            "year": 2016,
            "quarter": 1,
            "eps": 0.08,
            "eps_growth_year": -55.56,
            "eps_4q": 0.47,
            "eps_4q_growth_year": -35.74,
            "roe": 0.69,
            "roe_4q": 4.14,
            "gross_profit": null,
            "gross_margin": null,
            "gross_margin_4q_avg": 0,
            "net_income": 1155298,
            "revenue": 6512743,
            "common_shares": 151168852,
            "book_valuer_per_share": 11.23,
            "book_valuer_per_share_4q_avg": 11.11,
            "equity": 168208772,
            "current_ratio": null,
            "debt_ratio": 80.82,
            "inventory_turnover_ratio": null,
            "account_receivable_turnover_ratio": null,
            "reinvestment_rate": 49.91,
            "research_to_sale_ratio": null,
            "price_fair": 19.16,
            "eps_avg_yearly": 0.55,
            "eps_latest_yearly": 0.32,
            "eps_growth_yearly": 63.56
        },
        "20162": {
            "year_quarter": 20162,
            "year": 2016,
            "quarter": 2,
            "eps": 0.05,
            "eps_growth_year": -68.75,
            "eps_4q": 0.37,
            "eps_4q_growth_year": -50.96,
            "roe": 0.48,
            "roe_4q": 3.2299999999999995,
            "gross_profit": null,
            "gross_margin": null,
            "gross_margin_4q_avg": 0,
            "net_income": 787983,
            "revenue": 5370065,
            "common_shares": 149740122,
            "book_valuer_per_share": 10.9,
            "book_valuer_per_share_4q_avg": 11.08,
            "equity": 161736008,
            "current_ratio": null,
            "debt_ratio": 81.89,
            "inventory_turnover_ratio": null,
            "account_receivable_turnover_ratio": null,
            "reinvestment_rate": 36.95,
            "research_to_sale_ratio": null,
            "price_fair": 19.16,
            "eps_avg_yearly": 0.55,
            "eps_latest_yearly": 0.2,
            "eps_growth_yearly": 70.85
        },
        "20163": {
            "year_quarter": 20163,
            "year": 2016,
            "quarter": 3,
            "eps": 0.17,
            "eps_growth_year": 142.86,
            "eps_4q": 0.47,
            "eps_4q_growth_year": -21.83,
            "roe": 1.57,
            "roe_4q": 4.21,
            "gross_profit": null,
            "gross_margin": null,
            "gross_margin_4q_avg": 0,
            "net_income": 2560019,
            "revenue": 8488732,
            "common_shares": 149740122,
            "book_valuer_per_share": 11.01,
            "book_valuer_per_share_4q_avg": 11.08,
            "equity": 164937365,
            "current_ratio": null,
            "debt_ratio": 81.92,
            "inventory_turnover_ratio": null,
            "account_receivable_turnover_ratio": null,
            "reinvestment_rate": 37.92,
            "research_to_sale_ratio": null,
            "price_fair": 19.43,
            "eps_avg_yearly": 0.56,
            "eps_latest_yearly": 0.68,
            "eps_growth_yearly": 85.85
        },
        "20164": {
            "year_quarter": 20164,
            "year": 2016,
            "quarter": 4,
            "eps": 0.1,
            "eps_growth_year": -38.71,
            "eps_4q": 0.4,
            "eps_4q_growth_year": -29.89,
            "roe": 0.89,
            "roe_4q": 3.63,
            "gross_profit": null,
            "gross_margin": null,
            "gross_margin_4q_avg": 0,
            "net_income": 1483604,
            "revenue": 6958886,
            "common_shares": 149744203,
            "book_valuer_per_share": 11.16,
            "book_valuer_per_share_4q_avg": 11.08,
            "equity": 167097038,
            "current_ratio": null,
            "debt_ratio": 81.27,
            "inventory_turnover_ratio": null,
            "account_receivable_turnover_ratio": null,
            "reinvestment_rate": 31.85,
            "research_to_sale_ratio": null,
            "price_fair": 19.86,
            "eps_avg_yearly": 0.57,
            "eps_latest_yearly": 0.4,
            "eps_growth_yearly": 91.63
        },
        "20171": {
            "year_quarter": 20171,
            "year": 2017,
            "quarter": 1,
            "eps": 0.12,
            "eps_growth_year": 50,
            "eps_4q": 0.45,
            "eps_4q_growth_year": -4.42,
            "roe": 1.1,
            "roe_4q": 4.040000000000001,
            "gross_profit": null,
            "gross_margin": null,
            "gross_margin_4q_avg": 0,
            "net_income": 1846778,
            "revenue": 6801497,
            "common_shares": 149757428,
            "book_valuer_per_share": 11.29,
            "book_valuer_per_share_4q_avg": 11.09,
            "equity": 169041256,
            "current_ratio": null,
            "debt_ratio": 81.76,
            "inventory_turnover_ratio": null,
            "account_receivable_turnover_ratio": null,
            "reinvestment_rate": 30.32,
            "research_to_sale_ratio": null,
            "price_fair": 20.04,
            "eps_avg_yearly": 0.57,
            "eps_latest_yearly": 0.48,
            "eps_growth_yearly": 71.63
        },
        "20172": {
            "year_quarter": 20172,
            "year": 2017,
            "quarter": 2,
            "eps": 0.12,
            "eps_growth_year": 140,
            "eps_4q": 0.52,
            "eps_4q_growth_year": 40.84,
            "roe": 0.94,
            "roe_4q": 4.5,
            "gross_profit": null,
            "gross_margin": null,
            "gross_margin_4q_avg": 0,
            "net_income": 1573433,
            "revenue": 7169430,
            "common_shares": 149757428,
            "book_valuer_per_share": 10.99,
            "book_valuer_per_share_4q_avg": 11.11,
            "equity": 164456224,
            "current_ratio": null,
            "debt_ratio": 82.3,
            "inventory_turnover_ratio": null,
            "account_receivable_turnover_ratio": null,
            "reinvestment_rate": 35.35,
            "research_to_sale_ratio": null,
            "price_fair": 19.86,
            "eps_avg_yearly": 0.57,
            "eps_latest_yearly": 0.48,
            "eps_growth_yearly": 61.63
        },
        "20173": {
            "year_quarter": 20173,
            "year": 2017,
            "quarter": 3,
            "eps": 0.37,
            "eps_growth_year": 117.65,
            "eps_4q": 0.72,
            "eps_4q_growth_year": 53.91,
            "roe": 2.69,
            "roe_4q": 5.62,
            "gross_profit": null,
            "gross_margin": null,
            "gross_margin_4q_avg": 0,
            "net_income": 5406849,
            "revenue": 21448334,
            "common_shares": 149757428,
            "book_valuer_per_share": 11.21,
            "book_valuer_per_share_4q_avg": 11.16,
            "equity": 238115372,
            "current_ratio": null,
            "debt_ratio": 89.93,
            "inventory_turnover_ratio": null,
            "account_receivable_turnover_ratio": null,
            "reinvestment_rate": 62.36,
            "research_to_sale_ratio": null,
            "price_fair": 21.44,
            "eps_avg_yearly": 0.61,
            "eps_latest_yearly": 1.48,
            "eps_growth_yearly": 104.79
        },
        "20174": {
            "year_quarter": 20174,
            "year": 2017,
            "quarter": 4,
            "eps": 0.19,
            "eps_growth_year": 86.49,
            "eps_4q": 0.81,
            "eps_4q_growth_year": 100.09,
            "roe": 1.45,
            "roe_4q": 6.18,
            "gross_profit": null,
            "gross_margin": null,
            "gross_margin_4q_avg": 0,
            "net_income": 3538407,
            "revenue": 49994390,
            "common_shares": 149763034,
            "book_valuer_per_share": 11.6,
            "book_valuer_per_share_4q_avg": 11.27,
            "equity": 249224138,
            "current_ratio": null,
            "debt_ratio": 89.58,
            "inventory_turnover_ratio": null,
            "account_receivable_turnover_ratio": null,
            "reinvestment_rate": 83.5,
            "research_to_sale_ratio": null,
            "price_fair": 21.88,
            "eps_avg_yearly": 0.63,
            "eps_latest_yearly": 0.76,
            "eps_growth_yearly": 99.2
        },
        "20181": {
            "year_quarter": 20181,
            "year": 2018,
            "quarter": 1,
            "eps": 0.23,
            "eps_growth_year": 91.67,
            "eps_4q": 0.91,
            "eps_4q_growth_year": 101.7,
            "roe": 2.13,
            "roe_4q": 7.209999999999999,
            "gross_profit": null,
            "gross_margin": null,
            "gross_margin_4q_avg": 0,
            "net_income": 5277992,
            "revenue": 57956133,
            "common_shares": 149770403,
            "book_valuer_per_share": 11.7,
            "book_valuer_per_share_4q_avg": 11.38,
            "equity": 246103469,
            "current_ratio": null,
            "debt_ratio": 90.29,
            "inventory_turnover_ratio": null,
            "account_receivable_turnover_ratio": null,
            "reinvestment_rate": 82.54,
            "research_to_sale_ratio": null,
            "price_fair": 22.31,
            "eps_avg_yearly": 0.64,
            "eps_latest_yearly": 0.92,
            "eps_growth_yearly": 97.32
        },
        "20182": {
            "year_quarter": 20182,
            "year": 2018,
            "quarter": 2,
            "eps": 0.19,
            "eps_growth_year": 58.33,
            "eps_4q": 0.98,
            "eps_4q_growth_year": 89.86,
            "roe": 1.65,
            "roe_4q": 7.92,
            "gross_profit": null,
            "gross_margin": null,
            "gross_margin_4q_avg": 0,
            "net_income": 3929538,
            "revenue": 61683149,
            "common_shares": 149572949,
            "book_valuer_per_share": 11.1,
            "book_valuer_per_share_4q_avg": 11.4,
            "equity": 230102225,
            "current_ratio": null,
            "debt_ratio": 91.48,
            "inventory_turnover_ratio": null,
            "account_receivable_turnover_ratio": null,
            "reinvestment_rate": 77.27,
            "research_to_sale_ratio": null,
            "price_fair": 22.75,
            "eps_avg_yearly": 0.65,
            "eps_latest_yearly": 0.76,
            "eps_growth_yearly": 98.53
        },
        "20183": {
            "year_quarter": 20183,
            "year": 2018,
            "quarter": 3,
            "eps": 0.17,
            "eps_growth_year": -54.05,
            "eps_4q": 0.77,
            "eps_4q_growth_year": 7.13,
            "roe": 2.08,
            "roe_4q": 7.31,
            "gross_profit": null,
            "gross_margin": null,
            "gross_margin_4q_avg": 0,
            "net_income": 4893022,
            "revenue": 71066397,
            "common_shares": 149572949,
            "book_valuer_per_share": 11.42,
            "book_valuer_per_share_4q_avg": 11.46,
            "equity": 240884312,
            "current_ratio": null,
            "debt_ratio": 91.3,
            "inventory_turnover_ratio": null,
            "account_receivable_turnover_ratio": null,
            "reinvestment_rate": 61.52,
            "research_to_sale_ratio": null,
            "price_fair": 22.31,
            "eps_avg_yearly": 0.64,
            "eps_latest_yearly": 0.68,
            "eps_growth_yearly": 81.61
        },
        "20184": {
            "year_quarter": 20184,
            "year": 2018,
            "quarter": 4,
            "eps": -0.04,
            "eps_growth_year": -123.26,
            "eps_4q": 0.54,
            "eps_4q_growth_year": -33.14,
            "roe": -0.55,
            "roe_4q": 5.31,
            "gross_profit": null,
            "gross_margin": null,
            "gross_margin_4q_avg": 0,
            "net_income": -1285912,
            "revenue": 61644198,
            "common_shares": 149622812,
            "book_valuer_per_share": 10.97,
            "book_valuer_per_share_4q_avg": 11.3,
            "equity": 223562906,
            "current_ratio": null,
            "debt_ratio": 91.77,
            "inventory_turnover_ratio": null,
            "account_receivable_turnover_ratio": null,
            "reinvestment_rate": 67.03,
            "research_to_sale_ratio": null,
            "price_fair": 22.03,
            "eps_avg_yearly": 0.63,
            "eps_latest_yearly": 0.68,
            "eps_growth_yearly": 90.69
        },
        "20191": {
            "year_quarter": 20191,
            "year": 2019,
            "quarter": 1,
            "eps": 0.25,
            "eps_growth_year": 8.7,
            "eps_4q": 0.56,
            "eps_4q_growth_year": -38.07,
            "roe": 2.05,
            "roe_4q": 5.23,
            "gross_profit": null,
            "gross_margin": null,
            "gross_margin_4q_avg": 0,
            "net_income": 4936061,
            "revenue": 67675026,
            "common_shares": 149633809,
            "book_valuer_per_share": 12.03,
            "book_valuer_per_share_4q_avg": 11.38,
            "equity": 257461142,
            "current_ratio": null,
            "debt_ratio": 91.02,
            "inventory_turnover_ratio": null,
            "account_receivable_turnover_ratio": null,
            "reinvestment_rate": 71.38,
            "research_to_sale_ratio": null,
            "price_fair": 21.8,
            "eps_avg_yearly": 0.62,
            "eps_latest_yearly": 0.68,
            "eps_growth_yearly": 98.67
        },
        "20192": {
            "year_quarter": 20192,
            "year": 2019,
            "quarter": 2,
            "eps": 0.29,
            "eps_growth_year": 52.63,
            "eps_4q": 0.66,
            "eps_4q_growth_year": -32.75,
            "roe": 2.47,
            "roe_4q": 6.05,
            "gross_profit": null,
            "gross_margin": null,
            "gross_margin_4q_avg": 0,
            "net_income": 6660275,
            "revenue": 58585803,
            "common_shares": 149659821,
            "book_valuer_per_share": 12.46,
            "book_valuer_per_share_4q_avg": 11.72,
            "equity": 282572784,
            "current_ratio": null,
            "debt_ratio": 90.53,
            "inventory_turnover_ratio": null,
            "account_receivable_turnover_ratio": null,
            "reinvestment_rate": 72.09,
            "research_to_sale_ratio": null,
            "price_fair": 23.1,
            "eps_avg_yearly": 0.66,
            "eps_latest_yearly": 1.16,
            "eps_growth_yearly": 106.42
        },
        "20193": {
            "year_quarter": 20193,
            "year": 2019,
            "quarter": 3,
            "eps": 0.19,
            "eps_growth_year": 11.76,
            "eps_4q": 0.69,
            "eps_4q_growth_year": -11.44,
            "roe": 2.04,
            "roe_4q": 6.01,
            "gross_profit": null,
            "gross_margin": null,
            "gross_margin_4q_avg": 0,
            "net_income": 5851371,
            "revenue": 62167331,
            "common_shares": 149659821,
            "book_valuer_per_share": 12.71,
            "book_valuer_per_share_4q_avg": 12.04,
            "equity": 290412535,
            "current_ratio": null,
            "debt_ratio": 90.48,
            "inventory_turnover_ratio": null,
            "account_receivable_turnover_ratio": null,
            "reinvestment_rate": 69.31,
            "research_to_sale_ratio": null,
            "price_fair": 24.3,
            "eps_avg_yearly": 0.69,
            "eps_latest_yearly": 0.76,
            "eps_growth_yearly": 112.64
        },
        "20194": {
            "year_quarter": 20194,
            "year": 2019,
            "quarter": 4,
            "eps": 0.15,
            "eps_growth_year": null,
            "eps_4q": 0.88,
            "eps_4q_growth_year": 62.16,
            "roe": 0.75,
            "roe_4q": 7.31,
            "gross_profit": null,
            "gross_margin": null,
            "gross_margin_4q_avg": 0,
            "net_income": 2206114,
            "revenue": 51953940,
            "common_shares": 149663721,
            "book_valuer_per_share": 12.85,
            "book_valuer_per_share_4q_avg": 12.51,
            "equity": 296465154,
            "current_ratio": null,
            "debt_ratio": 90.21,
            "inventory_turnover_ratio": null,
            "account_receivable_turnover_ratio": null,
            "reinvestment_rate": 70.07,
            "research_to_sale_ratio": null,
            "price_fair": 24.2,
            "eps_avg_yearly": 0.69,
            "eps_latest_yearly": 0.6,
            "eps_growth_yearly": 69.89
        },
        "20201": {
            "year_quarter": 20201,
            "year": 2020,
            "quarter": 1,
            "eps": -0.03,
            "eps_growth_year": -112,
            "eps_4q": 0.6,
            "eps_4q_growth_year": 5.79,
            "roe": 0.65,
            "roe_4q": 5.91,
            "gross_profit": null,
            "gross_margin": null,
            "gross_margin_4q_avg": 0,
            "net_income": 1762226,
            "revenue": 52092821,
            "common_shares": 149684380,
            "book_valuer_per_share": 11.28,
            "book_valuer_per_share_4q_avg": 12.33,
            "equity": 242029863,
            "current_ratio": null,
            "debt_ratio": 92.23,
            "inventory_turnover_ratio": null,
            "account_receivable_turnover_ratio": null,
            "reinvestment_rate": 67.49,
            "research_to_sale_ratio": null,
            "price_fair": 25.2,
            "eps_avg_yearly": 0.72,
            "eps_latest_yearly": 0.6,
            "eps_growth_yearly": 90.65
        },
        "20202": {
            "year_quarter": 20202,
            "year": 2020,
            "quarter": 2,
            "eps": 0.24,
            "eps_growth_year": -17.24,
            "eps_4q": 0.55,
            "eps_4q_growth_year": -16.75,
            "roe": 2.08,
            "roe_4q": 5.52,
            "gross_profit": null,
            "gross_margin": null,
            "gross_margin_4q_avg": 0,
            "net_income": 5431621,
            "revenue": 52465161,
            "common_shares": 149710976,
            "book_valuer_per_share": 12.14,
            "book_valuer_per_share_4q_avg": 12.25,
            "equity": 281262324,
            "current_ratio": null,
            "debt_ratio": 91.25,
            "inventory_turnover_ratio": null,
            "account_receivable_turnover_ratio": null,
            "reinvestment_rate": 62.54,
            "research_to_sale_ratio": null,
            "price_fair": 26.72,
            "eps_avg_yearly": 0.76,
            "eps_latest_yearly": 0.6,
            "eps_growth_yearly": 110.7
        },
        "20203": {
            "year_quarter": 20203,
            "year": 2020,
            "quarter": 3,
            "eps": 0.39,
            "eps_growth_year": 105.26,
            "eps_4q": 0.75,
            "eps_4q_growth_year": 9.51,
            "roe": 3.34,
            "roe_4q": 6.82,
            "gross_profit": null,
            "gross_margin": null,
            "gross_margin_4q_avg": 0,
            "net_income": 9643857,
            "revenue": 67712780,
            "common_shares": 149710976,
            "book_valuer_per_share": 12.69,
            "book_valuer_per_share_4q_avg": 12.24,
            "equity": 296504706,
            "current_ratio": null,
            "debt_ratio": 91,
            "inventory_turnover_ratio": null,
            "account_receivable_turnover_ratio": null,
            "reinvestment_rate": 54.5,
            "research_to_sale_ratio": null,
            "price_fair": 29.28,
            "eps_avg_yearly": 0.84,
            "eps_latest_yearly": 1.56,
            "eps_growth_yearly": 51.54
        },
        "20204": {
            "year_quarter": 20204,
            "year": 2020,
            "quarter": 4,
            "eps": 0.26,
            "eps_growth_year": 74.44,
            "eps_4q": 0.85,
            "eps_4q_growth_year": -2.81,
            "roe": 1.22,
            "roe_4q": 7.29,
            "gross_profit": null,
            "gross_margin": null,
            "gross_margin_4q_avg": 0,
            "net_income": 3838582,
            "revenue": 52519691,
            "common_shares": 149729414,
            "book_valuer_per_share": 13.66,
            "book_valuer_per_share_4q_avg": 12.44,
            "equity": 332626087,
            "current_ratio": null,
            "debt_ratio": 90.32,
            "inventory_turnover_ratio": null,
            "account_receivable_turnover_ratio": null,
            "reinvestment_rate": 51.85,
            "research_to_sale_ratio": null,
            "price_fair": 31.15,
            "eps_avg_yearly": 0.89,
            "eps_latest_yearly": 1.04,
            "eps_growth_yearly": 54.15
        },
        "20211": {
            "year_quarter": 20211,
            "year": 2021,
            "quarter": 1,
            "eps": 0.66,
            "eps_growth_year": null,
            "eps_4q": 1.54,
            "eps_4q_growth_year": 158.87,
            "roe": 4.73,
            "roe_4q": 11.37,
            "gross_profit": null,
            "gross_margin": null,
            "gross_margin_4q_avg": 0,
            "net_income": 14815713,
            "revenue": 53207692,
            "common_shares": 149736024,
            "book_valuer_per_share": 14.4,
            "book_valuer_per_share_4q_avg": 13.22,
            "equity": 294252456,
            "current_ratio": null,
            "debt_ratio": 91.41,
            "inventory_turnover_ratio": null,
            "account_receivable_turnover_ratio": null,
            "reinvestment_rate": 43.78,
            "research_to_sale_ratio": null,
            "price_fair": 37.45,
            "eps_avg_yearly": 1.07,
            "eps_latest_yearly": 2.64,
            "eps_growth_yearly": 98.77
        },
        "20212": {
            "year_quarter": 20212,
            "year": 2021,
            "quarter": 2,
            "eps": 0.47,
            "eps_growth_year": 95.83,
            "eps_4q": 1.77,
            "eps_4q_growth_year": 222.55,
            "roe": 3.18,
            "roe_4q": 12.47,
            "gross_profit": null,
            "gross_margin": null,
            "gross_margin_4q_avg": 0,
            "net_income": 9621797,
            "revenue": 45504887,
            "common_shares": 149898550,
            "book_valuer_per_share": 15.07,
            "book_valuer_per_share_4q_avg": 13.96,
            "equity": 310877794,
            "current_ratio": null,
            "debt_ratio": 91.11,
            "inventory_turnover_ratio": null,
            "account_receivable_turnover_ratio": null,
            "reinvestment_rate": 38.09,
            "research_to_sale_ratio": null,
            "price_fair": 41.53,
            "eps_avg_yearly": 1.19,
            "eps_latest_yearly": 1.88,
            "eps_growth_yearly": 89.17
        },
        "20213": {
            "year_quarter": 20213,
            "year": 2021,
            "quarter": 3,
            "eps": 0.92,
            "eps_growth_year": 135.9,
            "eps_4q": 2.3,
            "eps_4q_growth_year": 206.63,
            "roe": 5.7,
            "roe_4q": 14.830000000000002,
            "gross_profit": null,
            "gross_margin": null,
            "gross_margin_4q_avg": 0,
            "net_income": 17547049,
            "revenue": 49583301,
            "common_shares": 150051005,
            "book_valuer_per_share": 14.81,
            "book_valuer_per_share_4q_avg": 14.49,
            "equity": 304979362,
            "current_ratio": null,
            "debt_ratio": 91.01,
            "inventory_turnover_ratio": null,
            "account_receivable_turnover_ratio": null,
            "reinvestment_rate": 17.44,
            "research_to_sale_ratio": null,
            "price_fair": 47.95,
            "eps_avg_yearly": 1.37,
            "eps_latest_yearly": 3.68,
            "eps_growth_yearly": 51.64
        },
        "20214": {
            "year_quarter": 20214,
            "year": 2021,
            "quarter": 4,
            "eps": 0.26,
            "eps_growth_year": 1.07,
            "eps_4q": 2.12,
            "eps_4q_growth_year": 148.55,
            "roe": 1.71,
            "roe_4q": 15.32,
            "gross_profit": null,
            "gross_margin": null,
            "gross_margin_4q_avg": 0,
            "net_income": 5114916,
            "revenue": 43956686,
            "common_shares": 171896598,
            "book_valuer_per_share": 15.88,
            "book_valuer_per_share_4q_avg": 15.04,
            "equity": 293110752,
            "current_ratio": null,
            "debt_ratio": 91.53,
            "inventory_turnover_ratio": null,
            "account_receivable_turnover_ratio": null,
            "reinvestment_rate": 10.28,
            "research_to_sale_ratio": null,
            "price_fair": 48.77,
            "eps_avg_yearly": 1.39,
            "eps_latest_yearly": 1.04,
            "eps_growth_yearly": 43.94
        },
        "20221": {
            "year_quarter": 20221,
            "year": 2022,
            "quarter": 1,
            "eps": 0.58,
            "eps_growth_year": -12.12,
            "eps_4q": 2.11,
            "eps_4q_growth_year": 36.75,
            "roe": 3.48,
            "roe_4q": 14.07,
            "gross_profit": null,
            "gross_margin": null,
            "gross_margin_4q_avg": 0,
            "net_income": 9680187,
            "revenue": 41656732,
            "common_shares": 171927773,
            "book_valuer_per_share": 14.22,
            "book_valuer_per_share_4q_avg": 15,
            "equity": 262540107,
            "current_ratio": null,
            "debt_ratio": 92.5,
            "inventory_turnover_ratio": null,
            "account_receivable_turnover_ratio": null,
            "reinvestment_rate": 9.57,
            "research_to_sale_ratio": null,
            "price_fair": 52.85,
            "eps_avg_yearly": 1.51,
            "eps_latest_yearly": 2.32,
            "eps_growth_yearly": 77.95
        },
        "20222": {
            "year_quarter": 20222,
            "year": 2022,
            "quarter": 2,
            "eps": 0.24,
            "eps_growth_year": -48.94,
            "eps_4q": 1.92,
            "eps_4q_growth_year": 8.27,
            "roe": 1.76,
            "roe_4q": 12.65,
            "gross_profit": null,
            "gross_margin": null,
            "gross_margin_4q_avg": 0,
            "net_income": 3951722,
            "revenue": 32577321,
            "common_shares": 171938773,
            "book_valuer_per_share": 10.12,
            "book_valuer_per_share_4q_avg": 13.76,
            "equity": 186864881,
            "current_ratio": null,
            "debt_ratio": 94.64,
            "inventory_turnover_ratio": null,
            "account_receivable_turnover_ratio": null,
            "reinvestment_rate": 7.17,
            "research_to_sale_ratio": null,
            "price_fair": 53.43,
            "eps_avg_yearly": 1.53,
            "eps_latest_yearly": 0.96,
            "eps_growth_yearly": 64.21
        },
        "20223": {
            "year_quarter": 20223,
            "year": 2022,
            "quarter": 3,
            "eps": 0.4,
            "eps_growth_year": -56.52,
            "eps_4q": 1.46,
            "eps_4q_growth_year": -36.41,
            "roe": 3.78,
            "roe_4q": 10.73,
            "gross_profit": null,
            "gross_margin": null,
            "gross_margin_4q_avg": 0,
            "net_income": 6711642,
            "revenue": 25168340,
            "common_shares": 168472436,
            "book_valuer_per_share": 9.12,
            "book_valuer_per_share_4q_avg": 12.34,
            "equity": 168440659,
            "current_ratio": null,
            "debt_ratio": 95.36,
            "inventory_turnover_ratio": null,
            "account_receivable_turnover_ratio": null,
            "reinvestment_rate": 7.37,
            "research_to_sale_ratio": null,
            "price_fair": 56.12,
            "eps_avg_yearly": 1.6,
            "eps_latest_yearly": 1.6,
            "eps_growth_yearly": 89.94
        },
        "20224": {
            "year_quarter": 20224,
            "year": 2022,
            "quarter": 4,
            "eps": -0.23,
            "eps_growth_year": -189.28,
            "eps_4q": 0.97,
            "eps_4q_growth_year": -54.14,
            "roe": -2.1,
            "roe_4q": 6.92,
            "gross_profit": null,
            "gross_margin": null,
            "gross_margin_4q_avg": 0,
            "net_income": -3954364,
            "revenue": -3546990,
            "common_shares": 168453886,
            "book_valuer_per_share": 11.32,
            "book_valuer_per_share_4q_avg": 11.2,
            "equity": 208785376,
            "current_ratio": null,
            "debt_ratio": 94.1,
            "inventory_turnover_ratio": null,
            "account_receivable_turnover_ratio": null,
            "reinvestment_rate": 7.74,
            "research_to_sale_ratio": null,
            "price_fair": 56.12,
            "eps_avg_yearly": 1.6,
            "eps_latest_yearly": 1.6,
            "eps_growth_yearly": 89.94
        },
        "20231": {
            "year_quarter": 20231,
            "year": 2023,
            "quarter": 1,
            "eps": 0.21,
            "eps_growth_year": -63.79,
            "eps_4q": 0.61,
            "eps_4q_growth_year": -71.3,
            "roe": 1.59,
            "roe_4q": 5.029999999999999,
            "gross_profit": null,
            "gross_margin": null,
            "gross_margin_4q_avg": 0,
            "net_income": 3504574,
            "revenue": 11764612,
            "common_shares": 168453886,
            "book_valuer_per_share": 12.64,
            "book_valuer_per_share_4q_avg": 10.8,
            "equity": 233063270,
            "current_ratio": null,
            "debt_ratio": 93.44,
            "inventory_turnover_ratio": null,
            "account_receivable_turnover_ratio": null,
            "reinvestment_rate": 7.27,
            "research_to_sale_ratio": null,
            "price_fair": 56.12,
            "eps_avg_yearly": 1.6,
            "eps_latest_yearly": 1.6,
            "eps_growth_yearly": 89.94
        }
    },
    "months": {
        "2001-12": {
            "month": "2001-12",
            "price": "23.10",
            "revenue": 161440
        },
        "2002-01": {
            "month": "2002-01",
            "price": "22.79",
            "revenue": 1864165
        },
        "2002-02": {
            "month": "2002-02",
            "price": "21.56",
            "revenue": 1003959
        },
        "2002-03": {
            "month": "2002-03",
            "price": "23.34",
            "revenue": 1215174
        },
        "2002-04": {
            "month": "2002-04",
            "price": "24.43",
            "revenue": 1113784
        },
        "2002-05": {
            "month": "2002-05",
            "price": "22.54",
            "revenue": 1570892
        },
        "2002-06": {
            "month": "2002-06",
            "price": "23.01",
            "revenue": 310168
        },
        "2002-07": {
            "month": "2002-07",
            "price": "21.63",
            "revenue": 493184
        },
        "2002-08": {
            "month": "2002-08",
            "price": "20.07",
            "revenue": 279756
        },
        "2002-09": {
            "month": "2002-09",
            "price": "17.04",
            "revenue": 27146
        },
        "2002-10": {
            "month": "2002-10",
            "price": "12.96",
            "revenue": 143
        },
        "2002-11": {
            "month": "2002-11",
            "price": "14.07",
            "revenue": 336616
        },
        "2002-12": {
            "month": "2002-12",
            "price": "13.06",
            "revenue": 209658
        },
        "2003-01": {
            "month": "2003-01",
            "price": "14.70",
            "revenue": 492259
        },
        "2003-02": {
            "month": "2003-02",
            "price": "13.81",
            "revenue": 378718
        },
        "2003-03": {
            "month": "2003-03",
            "price": "13.20",
            "revenue": 247181
        },
        "2003-04": {
            "month": "2003-04",
            "price": "13.36",
            "revenue": 326303
        },
        "2003-05": {
            "month": "2003-05",
            "price": "12.10",
            "revenue": 428915
        },
        "2003-06": {
            "month": "2003-06",
            "price": "13.52",
            "revenue": 372408
        },
        "2003-07": {
            "month": "2003-07",
            "price": "13.60",
            "revenue": -16434511
        },
        "2003-08": {
            "month": "2003-08",
            "price": "12.50",
            "revenue": 615429
        },
        "2003-09": {
            "month": "2003-09",
            "price": "12.55",
            "revenue": 566095
        },
        "2003-10": {
            "month": "2003-10",
            "price": "14.03",
            "revenue": 340188
        },
        "2003-11": {
            "month": "2003-11",
            "price": "14.34",
            "revenue": 189262
        },
        "2003-12": {
            "month": "2003-12",
            "price": "15.74",
            "revenue": 27284
        },
        "2004-01": {
            "month": "2004-01",
            "price": "17.89",
            "revenue": 1173632
        },
        "2004-02": {
            "month": "2004-02",
            "price": "17.82",
            "revenue": 1337597
        },
        "2004-03": {
            "month": "2004-03",
            "price": "18.23",
            "revenue": 1564633
        },
        "2004-04": {
            "month": "2004-04",
            "price": "19.43",
            "revenue": 830015
        },
        "2004-05": {
            "month": "2004-05",
            "price": "17.35",
            "revenue": 361283
        },
        "2004-06": {
            "month": "2004-06",
            "price": "17.13",
            "revenue": 254245
        },
        "2004-07": {
            "month": "2004-07",
            "price": "16.38",
            "revenue": -191945
        },
        "2004-08": {
            "month": "2004-08",
            "price": "15.33",
            "revenue": -4356955
        },
        "2004-09": {
            "month": "2004-09",
            "price": "15.21",
            "revenue": 315773
        },
        "2004-10": {
            "month": "2004-10",
            "price": "15.46",
            "revenue": 16488
        },
        "2004-11": {
            "month": "2004-11",
            "price": "15.70",
            "revenue": 5862
        },
        "2004-12": {
            "month": "2004-12",
            "price": "15.21",
            "revenue": 201453
        },
        "2005-01": {
            "month": "2005-01",
            "price": "13.89",
            "revenue": 628007
        },
        "2005-02": {
            "month": "2005-02",
            "price": "13.63",
            "revenue": 562712
        },
        "2005-03": {
            "month": "2005-03",
            "price": "13.09",
            "revenue": 976130
        },
        "2005-04": {
            "month": "2005-04",
            "price": "12.32",
            "revenue": 405299
        },
        "2005-05": {
            "month": "2005-05",
            "price": "12.03",
            "revenue": 1183773
        },
        "2005-06": {
            "month": "2005-06",
            "price": "12.55",
            "revenue": 1357905
        },
        "2005-07": {
            "month": "2005-07",
            "price": "13.04",
            "revenue": 2138878
        },
        "2005-08": {
            "month": "2005-08",
            "price": "12.85",
            "revenue": 885277
        },
        "2005-09": {
            "month": "2005-09",
            "price": "11.83",
            "revenue": 1152684
        },
        "2005-10": {
            "month": "2005-10",
            "price": "11.18",
            "revenue": 292017
        },
        "2005-11": {
            "month": "2005-11",
            "price": "11.29",
            "revenue": 553934
        },
        "2005-12": {
            "month": "2005-12",
            "price": "12.06",
            "revenue": 1592177
        },
        "2006-01": {
            "month": "2006-01",
            "price": "12.26",
            "revenue": 1105187
        },
        "2006-02": {
            "month": "2006-02",
            "price": "12.43",
            "revenue": 474197
        },
        "2006-03": {
            "month": "2006-03",
            "price": "11.91",
            "revenue": 4410802
        },
        "2006-04": {
            "month": "2006-04",
            "price": "12.49",
            "revenue": 2085662
        },
        "2006-05": {
            "month": "2006-05",
            "price": "13.12",
            "revenue": 693042
        },
        "2006-06": {
            "month": "2006-06",
            "price": "12.45",
            "revenue": 701963
        },
        "2006-07": {
            "month": "2006-07",
            "price": "12.68",
            "revenue": 1677285
        },
        "2006-08": {
            "month": "2006-08",
            "price": "12.64",
            "revenue": 1221738
        },
        "2006-09": {
            "month": "2006-09",
            "price": "13.07",
            "revenue": 829640
        },
        "2006-10": {
            "month": "2006-10",
            "price": "13.72",
            "revenue": 506599
        },
        "2006-11": {
            "month": "2006-11",
            "price": "13.59",
            "revenue": 1251633
        },
        "2006-12": {
            "month": "2006-12",
            "price": "14.84",
            "revenue": 1428156
        },
        "2007-01": {
            "month": "2007-01",
            "price": "15.27",
            "revenue": 484995
        },
        "2007-02": {
            "month": "2007-02",
            "price": "15.45",
            "revenue": 658921
        },
        "2007-03": {
            "month": "2007-03",
            "price": "14.69",
            "revenue": 2164745
        },
        "2007-04": {
            "month": "2007-04",
            "price": "14.36",
            "revenue": 860203
        },
        "2007-05": {
            "month": "2007-05",
            "price": "13.78",
            "revenue": 1491108
        },
        "2007-06": {
            "month": "2007-06",
            "price": "13.91",
            "revenue": 3248592
        },
        "2007-07": {
            "month": "2007-07",
            "price": "14.84",
            "revenue": 3319642
        },
        "2007-08": {
            "month": "2007-08",
            "price": "13.27",
            "revenue": -647059
        },
        "2007-09": {
            "month": "2007-09",
            "price": "13.02",
            "revenue": 2445029
        },
        "2007-10": {
            "month": "2007-10",
            "price": "13.38",
            "revenue": -2886585
        },
        "2007-11": {
            "month": "2007-11",
            "price": "12.63",
            "revenue": -1734083
        },
        "2007-12": {
            "month": "2007-12",
            "price": "12.39",
            "revenue": 2014745
        },
        "2008-01": {
            "month": "2008-01",
            "price": "12.40",
            "revenue": -631689
        },
        "2008-02": {
            "month": "2008-02",
            "price": "12.51",
            "revenue": 1236151
        },
        "2008-03": {
            "month": "2008-03",
            "price": "13.20",
            "revenue": 638884
        },
        "2008-04": {
            "month": "2008-04",
            "price": "14.45",
            "revenue": 442994
        },
        "2008-05": {
            "month": "2008-05",
            "price": "13.72",
            "revenue": 622554
        },
        "2008-06": {
            "month": "2008-06",
            "price": "12.32",
            "revenue": -717875
        },
        "2008-07": {
            "month": "2008-07",
            "price": "10.55",
            "revenue": -126878
        },
        "2008-08": {
            "month": "2008-08",
            "price": "10.07",
            "revenue": 256589
        },
        "2008-09": {
            "month": "2008-09",
            "price": "9.43",
            "revenue": -790218
        },
        "2008-10": {
            "month": "2008-10",
            "price": "6.95",
            "revenue": -721629
        },
        "2008-11": {
            "month": "2008-11",
            "price": "6.16",
            "revenue": -1181700
        },
        "2008-12": {
            "month": "2008-12",
            "price": "6.96",
            "revenue": -239629
        },
        "2009-01": {
            "month": "2009-01",
            "price": "6.42",
            "revenue": 413314
        },
        "2009-02": {
            "month": "2009-02",
            "price": "5.73",
            "revenue": -262502
        },
        "2009-03": {
            "month": "2009-03",
            "price": "6.23",
            "revenue": 644344
        },
        "2009-04": {
            "month": "2009-04",
            "price": "7.78",
            "revenue": 574306
        },
        "2009-05": {
            "month": "2009-05",
            "price": "8.95",
            "revenue": 577276
        },
        "2009-06": {
            "month": "2009-06",
            "price": "8.04",
            "revenue": 441829
        },
        "2009-07": {
            "month": "2009-07",
            "price": "8.01",
            "revenue": 1503431
        },
        "2009-08": {
            "month": "2009-08",
            "price": "7.73",
            "revenue": 1329123
        },
        "2009-09": {
            "month": "2009-09",
            "price": "8.37",
            "revenue": 1275624
        },
        "2009-10": {
            "month": "2009-10",
            "price": "8.94",
            "revenue": 1018598
        },
        "2009-11": {
            "month": "2009-11",
            "price": "9.06",
            "revenue": 386475
        },
        "2009-12": {
            "month": "2009-12",
            "price": "9.13",
            "revenue": 1017519
        },
        "2010-01": {
            "month": "2010-01",
            "price": "9.73",
            "revenue": 162662
        },
        "2010-02": {
            "month": "2010-02",
            "price": "8.62",
            "revenue": -144237
        },
        "2010-03": {
            "month": "2010-03",
            "price": "8.99",
            "revenue": 1241551
        },
        "2010-04": {
            "month": "2010-04",
            "price": "9.05",
            "revenue": 981131
        },
        "2010-05": {
            "month": "2010-05",
            "price": "8.38",
            "revenue": 75456
        },
        "2010-06": {
            "month": "2010-06",
            "price": "8.44",
            "revenue": 751627
        },
        "2010-07": {
            "month": "2010-07",
            "price": "9.03",
            "revenue": 1267512
        },
        "2010-08": {
            "month": "2010-08",
            "price": "9.11",
            "revenue": 973236
        },
        "2010-09": {
            "month": "2010-09",
            "price": "8.87",
            "revenue": 1422079
        },
        "2010-10": {
            "month": "2010-10",
            "price": "9.12",
            "revenue": 421320
        },
        "2010-11": {
            "month": "2010-11",
            "price": "9.01",
            "revenue": 262827
        },
        "2010-12": {
            "month": "2010-12",
            "price": "10.01",
            "revenue": 2046285
        },
        "2011-01": {
            "month": "2011-01",
            "price": "13.08",
            "revenue": 729475
        },
        "2011-02": {
            "month": "2011-02",
            "price": "12.12",
            "revenue": -388356
        },
        "2011-03": {
            "month": "2011-03",
            "price": "11.38",
            "revenue": 482086
        },
        "2011-04": {
            "month": "2011-04",
            "price": "11.78",
            "revenue": 685109
        },
        "2011-05": {
            "month": "2011-05",
            "price": "11.71",
            "revenue": 345564
        },
        "2011-06": {
            "month": "2011-06",
            "price": "11.49",
            "revenue": 943829
        },
        "2011-07": {
            "month": "2011-07",
            "price": "11.29",
            "revenue": 1556901
        },
        "2011-08": {
            "month": "2011-08",
            "price": "9.74",
            "revenue": -877293
        },
        "2011-09": {
            "month": "2011-09",
            "price": "9.27",
            "revenue": -451391
        },
        "2011-10": {
            "month": "2011-10",
            "price": "9.13",
            "revenue": 808570
        },
        "2011-11": {
            "month": "2011-11",
            "price": "9.19",
            "revenue": -866980
        },
        "2011-12": {
            "month": "2011-12",
            "price": "8.48",
            "revenue": -167059
        },
        "2012-01": {
            "month": "2012-01",
            "price": "8.28",
            "revenue": 751758
        },
        "2012-02": {
            "month": "2012-02",
            "price": "9.80",
            "revenue": 737067
        },
        "2012-03": {
            "month": "2012-03",
            "price": "9.47",
            "revenue": 408438
        },
        "2012-04": {
            "month": "2012-04",
            "price": "8.03",
            "revenue": -87698
        },
        "2012-05": {
            "month": "2012-05",
            "price": "7.34",
            "revenue": 293550
        },
        "2012-06": {
            "month": "2012-06",
            "price": "7.03",
            "revenue": 764744
        },
        "2012-07": {
            "month": "2012-07",
            "price": "7.01",
            "revenue": 1001806
        },
        "2012-08": {
            "month": "2012-08",
            "price": "7.17",
            "revenue": 663847
        },
        "2012-09": {
            "month": "2012-09",
            "price": "7.24",
            "revenue": 394802
        },
        "2012-10": {
            "month": "2012-10",
            "price": "7.00",
            "revenue": 268924
        },
        "2012-11": {
            "month": "2012-11",
            "price": "6.69",
            "revenue": 521163
        },
        "2012-12": {
            "month": "2012-12",
            "price": "7.44",
            "revenue": 132828
        },
        "2013-01": {
            "month": "2013-01",
            "price": "7.68",
            "revenue": 1957088
        },
        "2013-02": {
            "month": "2013-02",
            "price": "8.83",
            "revenue": 1152751
        },
        "2013-03": {
            "month": "2013-03",
            "price": "8.67",
            "revenue": 2027465
        },
        "2013-04": {
            "month": "2013-04",
            "price": "8.21",
            "revenue": 1326777
        },
        "2013-05": {
            "month": "2013-05",
            "price": "8.59",
            "revenue": 2735236
        },
        "2013-06": {
            "month": "2013-06",
            "price": "8.41",
            "revenue": 2074517
        },
        "2013-07": {
            "month": "2013-07",
            "price": "8.56",
            "revenue": 2820036
        },
        "2013-08": {
            "month": "2013-08",
            "price": "8.26",
            "revenue": 1719674
        },
        "2013-09": {
            "month": "2013-09",
            "price": "8.44",
            "revenue": 1689473
        },
        "2013-10": {
            "month": "2013-10",
            "price": "8.73",
            "revenue": 2718697
        },
        "2013-11": {
            "month": "2013-11",
            "price": "8.54",
            "revenue": 1885427
        },
        "2013-12": {
            "month": "2013-12",
            "price": "8.79",
            "revenue": 2669846
        },
        "2014-01": {
            "month": "2014-01",
            "price": "9.11",
            "revenue": 1910477
        },
        "2014-02": {
            "month": "2014-02",
            "price": "8.82",
            "revenue": 2042037
        },
        "2014-03": {
            "month": "2014-03",
            "price": "8.67",
            "revenue": 2638937
        },
        "2014-04": {
            "month": "2014-04",
            "price": "8.72",
            "revenue": 2054461
        },
        "2014-05": {
            "month": "2014-05",
            "price": "8.90",
            "revenue": 2315841
        },
        "2014-06": {
            "month": "2014-06",
            "price": "9.35",
            "revenue": 2030329
        },
        "2014-07": {
            "month": "2014-07",
            "price": "9.98",
            "revenue": 3278927
        },
        "2014-08": {
            "month": "2014-08",
            "price": "9.90",
            "revenue": 2081119
        },
        "2014-09": {
            "month": "2014-09",
            "price": "9.91",
            "revenue": 2252036
        },
        "2014-10": {
            "month": "2014-10",
            "price": "9.44",
            "revenue": 2194206
        },
        "2014-11": {
            "month": "2014-11",
            "price": "9.81",
            "revenue": 2734800
        },
        "2014-12": {
            "month": "2014-12",
            "price": "9.87",
            "revenue": 3269238
        },
        "2015-01": {
            "month": "2015-01",
            "price": "10.24",
            "revenue": 2078550
        },
        "2015-02": {
            "month": "2015-02",
            "price": "10.73",
            "revenue": 2750565
        },
        "2015-03": {
            "month": "2015-03",
            "price": "10.81",
            "revenue": 3231607
        },
        "2015-04": {
            "month": "2015-04",
            "price": "11.40",
            "revenue": 3142981
        },
        "2015-05": {
            "month": "2015-05",
            "price": "12.27",
            "revenue": 2812774
        },
        "2015-06": {
            "month": "2015-06",
            "price": "11.95",
            "revenue": 2166123
        },
        "2015-07": {
            "month": "2015-07",
            "price": "10.70",
            "revenue": 2794827
        },
        "2015-08": {
            "month": "2015-08",
            "price": "9.40",
            "revenue": 1076652
        },
        "2015-09": {
            "month": "2015-09",
            "price": "9.12",
            "revenue": 1836951
        },
        "2015-10": {
            "month": "2015-10",
            "price": "9.05",
            "revenue": 3256625
        },
        "2015-11": {
            "month": "2015-11",
            "price": "8.74",
            "revenue": 2185654
        },
        "2015-12": {
            "month": "2015-12",
            "price": "8.24",
            "revenue": 3297902
        },
        "2016-01": {
            "month": "2016-01",
            "price": "7.52",
            "revenue": 1647170
        },
        "2016-02": {
            "month": "2016-02",
            "price": "7.85",
            "revenue": 1476499
        },
        "2016-03": {
            "month": "2016-03",
            "price": "8.36",
            "revenue": 3380739
        },
        "2016-04": {
            "month": "2016-04",
            "price": "8.35",
            "revenue": 1686346
        },
        "2016-05": {
            "month": "2016-05",
            "price": "7.87",
            "revenue": 2317360
        },
        "2016-06": {
            "month": "2016-06",
            "price": "7.81",
            "revenue": 1770071
        },
        "2016-07": {
            "month": "2016-07",
            "price": "7.80",
            "revenue": 3691185
        },
        "2016-08": {
            "month": "2016-08",
            "price": "8.04",
            "revenue": 3014227
        },
        "2016-09": {
            "month": "2016-09",
            "price": "7.99",
            "revenue": 2045151
        },
        "2016-10": {
            "month": "2016-10",
            "price": "7.96",
            "revenue": 2072238
        },
        "2016-11": {
            "month": "2016-11",
            "price": "7.78",
            "revenue": 2802775
        },
        "2016-12": {
            "month": "2016-12",
            "price": "8.04",
            "revenue": 2302118
        },
        "2017-01": {
            "month": "2017-01",
            "price": "8.02",
            "revenue": 1772350
        },
        "2017-02": {
            "month": "2017-02",
            "price": "8.05",
            "revenue": 2131880
        },
        "2017-03": {
            "month": "2017-03",
            "price": "8.20",
            "revenue": 3066182
        },
        "2017-04": {
            "month": "2017-04",
            "price": "8.18",
            "revenue": 1505560
        },
        "2017-05": {
            "month": "2017-05",
            "price": "8.30",
            "revenue": 2445440
        },
        "2017-06": {
            "month": "2017-06",
            "price": "8.37",
            "revenue": 3374371
        },
        "2017-07": {
            "month": "2017-07",
            "price": "8.81",
            "revenue": 3292522
        },
        "2017-08": {
            "month": "2017-08",
            "price": "9.31",
            "revenue": 3238924
        },
        "2017-09": {
            "month": "2017-09",
            "price": "9.36",
            "revenue": 14987073
        },
        "2017-10": {
            "month": "2017-10",
            "price": "9.24",
            "revenue": 14440431
        },
        "2017-11": {
            "month": "2017-11",
            "price": "9.30",
            "revenue": 19965233
        },
        "2017-12": {
            "month": "2017-12",
            "price": "9.85",
            "revenue": 16130968
        },
        "2018-01": {
            "month": "2018-01",
            "price": "10.59",
            "revenue": 24933000
        },
        "2018-02": {
            "month": "2018-02",
            "price": "10.38",
            "revenue": 12069545
        },
        "2018-03": {
            "month": "2018-03",
            "price": "10.44",
            "revenue": 20954176
        },
        "2018-04": {
            "month": "2018-04",
            "price": "10.68",
            "revenue": 18512625
        },
        "2018-05": {
            "month": "2018-05",
            "price": "11.27",
            "revenue": 20696899
        },
        "2018-06": {
            "month": "2018-06",
            "price": "11.28",
            "revenue": 22781900
        },
        "2018-07": {
            "month": "2018-07",
            "price": "11.17",
            "revenue": 30457731
        },
        "2018-08": {
            "month": "2018-08",
            "price": "10.98",
            "revenue": 24720907
        },
        "2018-09": {
            "month": "2018-09",
            "price": "10.98",
            "revenue": 16152682
        },
        "2018-10": {
            "month": "2018-10",
            "price": "10.31",
            "revenue": 20159797
        },
        "2018-11": {
            "month": "2018-11",
            "price": "10.02",
            "revenue": 21326447
        },
        "2018-12": {
            "month": "2018-12",
            "price": "9.86",
            "revenue": 20447556
        },
        "2019-01": {
            "month": "2019-01",
            "price": "9.85",
            "revenue": 30549193
        },
        "2019-02": {
            "month": "2019-02",
            "price": "9.95",
            "revenue": 16491797
        },
        "2019-03": {
            "month": "2019-03",
            "price": "10.05",
            "revenue": 20890073
        },
        "2019-04": {
            "month": "2019-04",
            "price": "10.02",
            "revenue": 23529250
        },
        "2019-05": {
            "month": "2019-05",
            "price": "9.38",
            "revenue": 17928293
        },
        "2019-06": {
            "month": "2019-06",
            "price": "9.41",
            "revenue": 17449088
        },
        "2019-07": {
            "month": "2019-07",
            "price": "9.36",
            "revenue": 28277557
        },
        "2019-08": {
            "month": "2019-08",
            "price": "9.07",
            "revenue": 18739443
        },
        "2019-09": {
            "month": "2019-09",
            "price": "9.33",
            "revenue": 15462883
        },
        "2019-10": {
            "month": "2019-10",
            "price": "9.36",
            "revenue": 15933047
        },
        "2019-11": {
            "month": "2019-11",
            "price": "9.86",
            "revenue": 13454986
        },
        "2019-12": {
            "month": "2019-12",
            "price": "9.76",
            "revenue": 22797962
        },
        "2020-01": {
            "month": "2020-01",
            "price": "9.69",
            "revenue": 18573953
        },
        "2020-02": {
            "month": "2020-02",
            "price": "9.33",
            "revenue": 14990134
        },
        "2020-03": {
            "month": "2020-03",
            "price": "8.16",
            "revenue": 18867669
        },
        "2020-04": {
            "month": "2020-04",
            "price": "8.35",
            "revenue": 13113711
        },
        "2020-05": {
            "month": "2020-05",
            "price": "8.99",
            "revenue": 10240777
        },
        "2020-06": {
            "month": "2020-06",
            "price": "9.33",
            "revenue": 29277536
        },
        "2020-07": {
            "month": "2020-07",
            "price": "8.90",
            "revenue": 27131383
        },
        "2020-08": {
            "month": "2020-08",
            "price": "8.62",
            "revenue": 23615307
        },
        "2020-09": {
            "month": "2020-09",
            "price": "8.58",
            "revenue": 17275915
        },
        "2020-10": {
            "month": "2020-10",
            "price": "8.49",
            "revenue": 10073827
        },
        "2020-11": {
            "month": "2020-11",
            "price": "8.66",
            "revenue": 21819694
        },
        "2020-12": {
            "month": "2020-12",
            "price": "9.08",
            "revenue": 22016902
        },
        "2021-01": {
            "month": "2021-01",
            "price": "9.23",
            "revenue": 14532675
        },
        "2021-02": {
            "month": "2021-02",
            "price": "9.18",
            "revenue": 16601834
        },
        "2021-03": {
            "month": "2021-03",
            "price": "9.98",
            "revenue": 22192000
        },
        "2021-04": {
            "month": "2021-04",
            "price": "11.61",
            "revenue": 13750281
        },
        "2021-05": {
            "month": "2021-05",
            "price": "12.33",
            "revenue": 12467455
        },
        "2021-06": {
            "month": "2021-06",
            "price": "12.64",
            "revenue": 19564377
        },
        "2021-07": {
            "month": "2021-07",
            "price": "13.91",
            "revenue": 11303772
        },
        "2021-08": {
            "month": "2021-08",
            "price": "13.85",
            "revenue": 19663864
        },
        "2021-09": {
            "month": "2021-09",
            "price": "14.07",
            "revenue": 18495805
        },
        "2021-10": {
            "month": "2021-10",
            "price": "14.14",
            "revenue": 8725698
        },
        "2021-11": {
            "month": "2021-11",
            "price": "15.53",
            "revenue": 16039129
        },
        "2021-12": {
            "month": "2021-12",
            "price": "16.69",
            "revenue": 19697004
        },
        "2022-01": {
            "month": "2022-01",
            "price": "18.13",
            "revenue": 13719631
        },
        "2022-02": {
            "month": "2022-02",
            "price": "19.26",
            "revenue": 12208930
        },
        "2022-03": {
            "month": "2022-03",
            "price": "18.31",
            "revenue": 15874987
        },
        "2022-04": {
            "month": "2022-04",
            "price": "18.84",
            "revenue": 9624164
        },
        "2022-05": {
            "month": "2022-05",
            "price": "16.27",
            "revenue": 8956162
        },
        "2022-06": {
            "month": "2022-06",
            "price": "15.45",
            "revenue": 14175966
        },
        "2022-07": {
            "month": "2022-07",
            "price": "12.99",
            "revenue": 7869616
        },
        "2022-08": {
            "month": "2022-08",
            "price": "13.52",
            "revenue": 9848079
        },
        "2022-09": {
            "month": "2022-09",
            "price": "12.90",
            "revenue": 7616477
        },
        "2022-10": {
            "month": "2022-10",
            "price": "11.72",
            "revenue": 2392523
        },
        "2022-11": {
            "month": "2022-11",
            "price": "12.77",
            "revenue": -5620305
        },
        "2022-12": {
            "month": "2022-12",
            "price": "12.87",
            "revenue": -130608
        },
        "2023-01": {
            "month": "2023-01",
            "price": "12.94",
            "revenue": 5656286
        },
        "2023-02": {
            "month": "2023-02",
            "price": "13.10",
            "revenue": 2284051
        },
        "2023-03": {
            "month": "2023-03",
            "price": "12.66",
            "revenue": 3976539
        },
        "2023-04": {
            "month": "2023-04",
            "price": "13.05",
            "revenue": 2300381
        },
        "2023-05": {
            "month": "2023-05",
            "price": "13.01",
            "revenue": 3607450
        }
    }
}
