{
    "summary": {
        "stock_name": "玉山金",
        "stock_id": "2884",
        "category": "金融",
        "main_business": "金融控股公司業",
        "website_url": "http://www.esunfhc.com.tw",
        "ceo": "陳美滿",
        "pe_ratio": 22,
        "report_year_from": 2002,
        "report_year_to": 2023,
        "age": 21,
        "eps_negative_percentage": 0,
        "eps_growth_avg": {
            "last_all": 2.84,
            "last_2y": -12.8,
            "last_4y": -4.91,
            "last_8y": -2.76,
            "last_12y": null,
            "last_16y": null,
            "last_20y": null,
            "at_2006_last_3y": null,
            "at_2007_last_3y": null,
            "at_2008_last_3y": null,
            "at_2009_last_3y": null,
            "at_2010_last_3y": null,
            "at_2011_last_3y": null,
            "at_2012_last_3y": null,
            "at_2013_last_3y": null,
            "at_2014_last_3y": 15.54,
            "at_2015_last_3y": 20.84,
            "at_2016_last_3y": 1.45,
            "at_2017_last_3y": -0.08,
            "at_2018_last_3y": -0.07,
            "at_2019_last_3y": 1.81,
            "at_2020_last_3y": -0.92,
            "at_2021_last_3y": 1.14,
            "at_2022_last_3y": -6.95,
            "at_2023_last_3y": -6.95,
            "at_2006_last_all": null,
            "at_2007_last_all": null,
            "at_2008_last_all": null,
            "at_2009_last_all": null,
            "at_2010_last_all": null,
            "at_2011_last_all": null,
            "at_2012_last_all": 26.42,
            "at_2013_last_all": 19.65,
            "at_2014_last_all": 15.54,
            "at_2015_last_all": 13.05,
            "at_2016_last_all": 9.77,
            "at_2017_last_all": 8.38,
            "at_2018_last_all": 7.73,
            "at_2019_last_all": 8.05,
            "at_2020_last_all": 5.5,
            "at_2021_last_all": 5.75,
            "at_2022_last_all": 2.84,
            "at_2023_last_all": 2.84
        },
        "latest_eps": 1.22,
        "latest_price": 26.4,
        "latest_roe": 8.72,
        "latest_gross_margin": null,
        "latest_equity": 204883398,
        "latest_revenue": 15800210,
        "latest_gross_profit": null,
        "latest_net_income": 6046586,
        "latest_debt_ratio": 94.02,
        "latest_current_ratio": null,
        "latest_account_receivable_turnover_ratio": null,
        "latest_inventory_turnover_ratio": null,
        "latest_reinvestment_rate": 2.45,
        "latest_research_to_sale_ratio": null
    },
    "eps_dividends": {
        "2001": {
            "cash": 0,
            "stock": 0,
            "eps": 0
        },
        "2002": {
            "cash": 0,
            "stock": 0.8,
            "eps": 0
        },
        "2003": {
            "cash": 0,
            "stock": 0,
            "eps": 0
        },
        "2004": {
            "cash": 1,
            "stock": 0.3,
            "eps": 0
        },
        "2005": {
            "cash": 1.1,
            "stock": 0.3,
            "eps": 0
        },
        "2006": {
            "cash": 1,
            "stock": 0.2,
            "eps": 0
        },
        "2007": {
            "cash": 0,
            "stock": 0,
            "eps": 0
        },
        "2008": {
            "cash": 0.4,
            "stock": 0.4,
            "eps": 0
        },
        "2009": {
            "cash": 0,
            "stock": 0.3,
            "eps": 0
        },
        "2010": {
            "cash": 0.2,
            "stock": 0.4,
            "eps": 1.05
        },
        "2011": {
            "cash": 0.4,
            "stock": 1.2,
            "eps": 0.86
        },
        "2012": {
            "cash": 0,
            "stock": 0,
            "eps": 1.47
        },
        "2013": {
            "cash": 0.3,
            "stock": 1,
            "eps": 1.56
        },
        "2014": {
            "cash": 0.28,
            "stock": 0.89,
            "eps": 1.61
        },
        "2015": {
            "cash": 0.43,
            "stock": 0.87,
            "eps": 1.66
        },
        "2016": {
            "cash": 0.43,
            "stock": 1,
            "eps": 1.55
        },
        "2017": {
            "cash": 0.49,
            "stock": 0.74,
            "eps": 1.55
        },
        "2018": {
            "cash": 0.61,
            "stock": 0.61,
            "eps": 1.6
        },
        "2019": {
            "cash": 0.71,
            "stock": 0.71,
            "eps": 1.77
        },
        "2020": {
            "cash": 0.79,
            "stock": 0.8,
            "eps": 1.46
        },
        "2021": {
            "cash": 0.61,
            "stock": 0.61,
            "eps": 1.58
        },
        "2022": {
            "cash": 0.67,
            "stock": 0.67,
            "eps": 1.12
        },
        "2023": {
            "cash": 0.19,
            "stock": 0.38,
            "eps": 0.42
        }
    },
    "dividends": {
        "2002-06-26": {
            "cash": 0,
            "stock": 0.8
        },
        "2004-02-12": {
            "cash": 1,
            "stock": 0.3
        },
        "2005-02-14": {
            "cash": 1.1,
            "stock": 0.3
        },
        "2006-04-14": {
            "cash": 1,
            "stock": 0.2
        },
        "2008-03-03": {
            "cash": 0.4,
            "stock": 0.4
        },
        "2009-02-27": {
            "cash": 0,
            "stock": 0.3
        },
        "2010-03-12": {
            "cash": 0.2,
            "stock": 0.4
        },
        "2011-01-01": {
            "cash": 0.2,
            "stock": 0.5
        },
        "2011-03-18": {
            "cash": 0.2,
            "stock": 0.7
        },
        "2013-03-22": {
            "cash": 0.3,
            "stock": 1
        },
        "2014-09-19": {
            "cash": 0.28,
            "stock": 0.89
        },
        "2015-08-31": {
            "cash": 0.43,
            "stock": 0.87
        },
        "2016-08-29": {
            "cash": 0.43,
            "stock": 1
        },
        "2017-09-11": {
            "cash": 0.49,
            "stock": 0.74
        },
        "2018-08-27": {
            "cash": 0.61,
            "stock": 0.61
        },
        "2019-08-27": {
            "cash": 0.71,
            "stock": 0.71
        },
        "2020-08-26": {
            "cash": 0.79,
            "stock": 0.8
        },
        "2021-09-24": {
            "cash": 0.61,
            "stock": 0.61
        },
        "2022-08-31": {
            "cash": 0.67,
            "stock": 0.67
        },
        "2023-02-20": {
            "cash": 0.19,
            "stock": 0.38
        }
    },
    "prices": {
        "200101": "無",
        "200102": "無",
        "200103": "無",
        "200104": "無",
        "200105": "無",
        "200106": "無",
        "200107": "無",
        "200108": "無",
        "200109": "無",
        "200110": "無",
        "200111": "無",
        "200112": "無",
        "200201": "13.34",
        "200202": "13.46",
        "200203": "12.90",
        "200204": "13.88",
        "200205": "13.58",
        "200206": "13.28",
        "200207": "12.77",
        "200208": "12.90",
        "200209": "12.09",
        "200210": "11.28",
        "200211": "11.75",
        "200212": "13.07",
        "200301": "17.40",
        "200302": "16.58",
        "200303": "16.25",
        "200304": "15.83",
        "200305": "15.00",
        "200306": "16.14",
        "200307": "16.47",
        "200308": "16.54",
        "200309": "17.21",
        "200310": "19.03",
        "200311": "19.14",
        "200312": "20.46",
        "200401": "21.44",
        "200402": "22.64",
        "200403": "22.57",
        "200404": "22.75",
        "200405": "21.07",
        "200406": "19.96",
        "200407": "19.57",
        "200408": "19.60",
        "200409": "20.31",
        "200410": "23.08",
        "200411": "24.01",
        "200412": "25.06",
        "200501": "25.43",
        "200502": "25.19",
        "200503": "25.26",
        "200504": "24.68",
        "200505": "24.88",
        "200506": "24.72",
        "200507": "25.62",
        "200508": "24.87",
        "200509": "22.18",
        "200510": "20.70",
        "200511": "20.90",
        "200512": "20.98",
        "200601": "20.91",
        "200602": "21.59",
        "200603": "21.06",
        "200604": "21.91",
        "200605": "22.15",
        "200606": "21.12",
        "200607": "20.69",
        "200608": "19.30",
        "200609": "19.57",
        "200610": "20.74",
        "200611": "21.62",
        "200612": "22.11",
        "200701": "21.75",
        "200702": "21.77",
        "200703": "19.91",
        "200704": "19.64",
        "200705": "18.84",
        "200706": "18.36",
        "200707": "19.18",
        "200708": "17.48",
        "200709": "17.13",
        "200710": "17.92",
        "200711": "17.06",
        "200712": "16.82",
        "200801": "16.93",
        "200802": "17.09",
        "200803": "18.14",
        "200804": "18.64",
        "200805": "18.07",
        "200806": "16.72",
        "200807": "14.99",
        "200808": "12.25",
        "200809": "10.57",
        "200810": "7.73",
        "200811": "8.14",
        "200812": "8.97",
        "200901": "8.11",
        "200902": "7.83",
        "200903": "7.94",
        "200904": "8.84",
        "200905": "10.38",
        "200906": "10.74",
        "200907": "11.45",
        "200908": "10.80",
        "200909": "11.59",
        "200910": "13.85",
        "200911": "13.64",
        "200912": "13.09",
        "201001": "13.06",
        "201002": "11.70",
        "201003": "12.62",
        "201004": "13.59",
        "201005": "13.15",
        "201006": "13.05",
        "201007": "14.58",
        "201008": "14.78",
        "201009": "15.70",
        "201010": "15.94",
        "201011": "15.93",
        "201012": "18.36",
        "201101": "19.72",
        "201102": "18.72",
        "201103": "18.00",
        "201104": "19.21",
        "201105": "21.15",
        "201106": "20.45",
        "201107": "20.50",
        "201108": "18.29",
        "201109": "15.35",
        "201110": "14.79",
        "201111": "13.68",
        "201112": "12.97",
        "201201": "13.10",
        "201202": "15.30",
        "201203": "16.39",
        "201204": "15.46",
        "201205": "15.08",
        "201206": "14.79",
        "201207": "15.89",
        "201208": "16.56",
        "201209": "16.76",
        "201210": "15.72",
        "201211": "15.06",
        "201212": "16.23",
        "201301": "16.20",
        "201302": "17.65",
        "201303": "17.80",
        "201304": "17.72",
        "201305": "17.87",
        "201306": "17.97",
        "201307": "19.35",
        "201308": "18.93",
        "201309": "19.91",
        "201310": "19.70",
        "201311": "19.64",
        "201312": "19.64",
        "201401": "19.23",
        "201402": "18.95",
        "201403": "18.38",
        "201404": "18.59",
        "201405": "18.88",
        "201406": "19.32",
        "201407": "19.68",
        "201408": "19.74",
        "201409": "19.33",
        "201410": "18.74",
        "201411": "19.48",
        "201412": "19.31",
        "201501": "19.16",
        "201502": "19.58",
        "201503": "19.23",
        "201504": "19.80",
        "201505": "20.59",
        "201506": "20.67",
        "201507": "20.74",
        "201508": "19.27",
        "201509": "19.51",
        "201510": "19.74",
        "201511": "19.81",
        "201512": "19.39",
        "201601": "17.16",
        "201602": "16.92",
        "201603": "18.06",
        "201604": "17.83",
        "201605": "17.37",
        "201606": "18.68",
        "201607": "19.06",
        "201608": "18.06",
        "201609": "17.97",
        "201610": "17.97",
        "201611": "18.04",
        "201612": "18.33",
        "201701": "18.42",
        "201702": "18.61",
        "201703": "18.32",
        "201704": "18.50",
        "201705": "18.54",
        "201706": "18.57",
        "201707": "19.07",
        "201708": "18.50",
        "201709": "18.27",
        "201710": "18.37",
        "201711": "18.53",
        "201712": "18.77",
        "201801": "19.45",
        "201802": "19.08",
        "201803": "19.45",
        "201804": "20.12",
        "201805": "21.00",
        "201806": "21.38",
        "201807": "21.45",
        "201808": "21.92",
        "201809": "22.38",
        "201810": "21.25",
        "201811": "20.96",
        "201812": "20.32",
        "201901": "20.90",
        "201902": "21.78",
        "201903": "22.85",
        "201904": "24.20",
        "201905": "25.71",
        "201906": "26.46",
        "201907": "26.75",
        "201908": "25.07",
        "201909": "26.19",
        "201910": "26.53",
        "201911": "27.40",
        "201912": "27.59",
        "202001": "28.29",
        "202002": "29.09",
        "202003": "25.46",
        "202004": "25.77",
        "202005": "26.88",
        "202006": "27.90",
        "202007": "28.42",
        "202008": "27.10",
        "202009": "26.30",
        "202010": "24.96",
        "202011": "25.56",
        "202012": "25.16",
        "202101": "24.81",
        "202102": "24.69",
        "202103": "25.83",
        "202104": "26.65",
        "202105": "25.75",
        "202106": "25.86",
        "202107": "26.33",
        "202108": "27.04",
        "202109": "26.27",
        "202110": "26.28",
        "202111": "27.37",
        "202112": "27.89",
        "202201": "28.93",
        "202202": "30.16",
        "202203": "30.73",
        "202204": "33.49",
        "202205": "30.09",
        "202206": "29.36",
        "202207": "28.19",
        "202208": "27.86",
        "202209": "27.11",
        "202210": "23.77",
        "202211": "23.79",
        "202212": "24.30",
        "202301": "24.26",
        "202302": "24.90",
        "202303": "24.53",
        "202304": "25.10",
        "202305": "25.57",
        "202306": "26.32"
    },
    "quarters": {
        "20011": {
            "year_quarter": 20011,
            "year": 2001,
            "quarter": 1,
            "eps": null,
            "eps_growth_year": null,
            "eps_4q": null,
            "eps_4q_growth_year": null,
            "roe": null,
            "roe_4q": 0,
            "gross_profit": null,
            "gross_margin": null,
            "gross_margin_4q_avg": 0,
            "net_income": null,
            "revenue": null,
            "common_shares": null,
            "book_valuer_per_share": null,
            "book_valuer_per_share_4q_avg": 0,
            "equity": null,
            "current_ratio": null,
            "debt_ratio": null,
            "inventory_turnover_ratio": null,
            "account_receivable_turnover_ratio": null,
            "reinvestment_rate": null,
            "research_to_sale_ratio": null,
            "price_fair": 0,
            "eps_avg_yearly": 0,
            "eps_latest_yearly": 0,
            "eps_growth_yearly": 0
        },
        "20012": {
            "year_quarter": 20012,
            "year": 2001,
            "quarter": 2,
            "eps": null,
            "eps_growth_year": null,
            "eps_4q": null,
            "eps_4q_growth_year": null,
            "roe": null,
            "roe_4q": 0,
            "gross_profit": null,
            "gross_margin": null,
            "gross_margin_4q_avg": 0,
            "net_income": null,
            "revenue": null,
            "common_shares": null,
            "book_valuer_per_share": null,
            "book_valuer_per_share_4q_avg": 0,
            "equity": null,
            "current_ratio": null,
            "debt_ratio": null,
            "inventory_turnover_ratio": null,
            "account_receivable_turnover_ratio": null,
            "reinvestment_rate": null,
            "research_to_sale_ratio": null,
            "price_fair": 0,
            "eps_avg_yearly": 0,
            "eps_latest_yearly": 0,
            "eps_growth_yearly": 0
        },
        "20013": {
            "year_quarter": 20013,
            "year": 2001,
            "quarter": 3,
            "eps": null,
            "eps_growth_year": null,
            "eps_4q": null,
            "eps_4q_growth_year": null,
            "roe": null,
            "roe_4q": 0,
            "gross_profit": null,
            "gross_margin": null,
            "gross_margin_4q_avg": 0,
            "net_income": null,
            "revenue": null,
            "common_shares": null,
            "book_valuer_per_share": null,
            "book_valuer_per_share_4q_avg": 0,
            "equity": null,
            "current_ratio": null,
            "debt_ratio": null,
            "inventory_turnover_ratio": null,
            "account_receivable_turnover_ratio": null,
            "reinvestment_rate": null,
            "research_to_sale_ratio": null,
            "price_fair": 0,
            "eps_avg_yearly": 0,
            "eps_latest_yearly": 0,
            "eps_growth_yearly": 0
        },
        "20014": {
            "year_quarter": 20014,
            "year": 2001,
            "quarter": 4,
            "eps": null,
            "eps_growth_year": null,
            "eps_4q": null,
            "eps_4q_growth_year": null,
            "roe": null,
            "roe_4q": 0,
            "gross_profit": null,
            "gross_margin": null,
            "gross_margin_4q_avg": 0,
            "net_income": null,
            "revenue": null,
            "common_shares": null,
            "book_valuer_per_share": null,
            "book_valuer_per_share_4q_avg": 0,
            "equity": null,
            "current_ratio": null,
            "debt_ratio": null,
            "inventory_turnover_ratio": null,
            "account_receivable_turnover_ratio": null,
            "reinvestment_rate": null,
            "research_to_sale_ratio": null,
            "price_fair": 0,
            "eps_avg_yearly": 0,
            "eps_latest_yearly": 0,
            "eps_growth_yearly": 0
        },
        "20021": {
            "year_quarter": 20021,
            "year": 2002,
            "quarter": 1,
            "eps": null,
            "eps_growth_year": null,
            "eps_4q": null,
            "eps_4q_growth_year": null,
            "roe": null,
            "roe_4q": 0,
            "gross_profit": null,
            "gross_margin": null,
            "gross_margin_4q_avg": 0,
            "net_income": null,
            "revenue": null,
            "common_shares": null,
            "book_valuer_per_share": null,
            "book_valuer_per_share_4q_avg": 0,
            "equity": null,
            "current_ratio": null,
            "debt_ratio": null,
            "inventory_turnover_ratio": null,
            "account_receivable_turnover_ratio": null,
            "reinvestment_rate": null,
            "research_to_sale_ratio": null,
            "price_fair": 0,
            "eps_avg_yearly": 0,
            "eps_latest_yearly": 0,
            "eps_growth_yearly": 0
        },
        "20022": {
            "year_quarter": 20022,
            "year": 2002,
            "quarter": 2,
            "eps": null,
            "eps_growth_year": null,
            "eps_4q": null,
            "eps_4q_growth_year": null,
            "roe": null,
            "roe_4q": 0,
            "gross_profit": null,
            "gross_margin": null,
            "gross_margin_4q_avg": 0,
            "net_income": null,
            "revenue": null,
            "common_shares": null,
            "book_valuer_per_share": null,
            "book_valuer_per_share_4q_avg": 0,
            "equity": null,
            "current_ratio": null,
            "debt_ratio": null,
            "inventory_turnover_ratio": null,
            "account_receivable_turnover_ratio": null,
            "reinvestment_rate": null,
            "research_to_sale_ratio": null,
            "price_fair": 0,
            "eps_avg_yearly": 0,
            "eps_latest_yearly": 0,
            "eps_growth_yearly": 0
        },
        "20023": {
            "year_quarter": 20023,
            "year": 2002,
            "quarter": 3,
            "eps": null,
            "eps_growth_year": null,
            "eps_4q": null,
            "eps_4q_growth_year": null,
            "roe": null,
            "roe_4q": 0,
            "gross_profit": null,
            "gross_margin": null,
            "gross_margin_4q_avg": 0,
            "net_income": null,
            "revenue": null,
            "common_shares": null,
            "book_valuer_per_share": null,
            "book_valuer_per_share_4q_avg": 0,
            "equity": null,
            "current_ratio": null,
            "debt_ratio": null,
            "inventory_turnover_ratio": null,
            "account_receivable_turnover_ratio": null,
            "reinvestment_rate": null,
            "research_to_sale_ratio": null,
            "price_fair": 0,
            "eps_avg_yearly": 0,
            "eps_latest_yearly": 0,
            "eps_growth_yearly": 0
        },
        "20024": {
            "year_quarter": 20024,
            "year": 2002,
            "quarter": 4,
            "eps": null,
            "eps_growth_year": null,
            "eps_4q": null,
            "eps_4q_growth_year": null,
            "roe": null,
            "roe_4q": 0,
            "gross_profit": null,
            "gross_margin": null,
            "gross_margin_4q_avg": 0,
            "net_income": null,
            "revenue": null,
            "common_shares": null,
            "book_valuer_per_share": null,
            "book_valuer_per_share_4q_avg": 0,
            "equity": null,
            "current_ratio": null,
            "debt_ratio": null,
            "inventory_turnover_ratio": null,
            "account_receivable_turnover_ratio": null,
            "reinvestment_rate": null,
            "research_to_sale_ratio": null,
            "price_fair": 0,
            "eps_avg_yearly": 0,
            "eps_latest_yearly": 0,
            "eps_growth_yearly": 0
        },
        "20031": {
            "year_quarter": 20031,
            "year": 2003,
            "quarter": 1,
            "eps": null,
            "eps_growth_year": null,
            "eps_4q": null,
            "eps_4q_growth_year": null,
            "roe": null,
            "roe_4q": 0,
            "gross_profit": null,
            "gross_margin": null,
            "gross_margin_4q_avg": 0,
            "net_income": null,
            "revenue": null,
            "common_shares": null,
            "book_valuer_per_share": null,
            "book_valuer_per_share_4q_avg": 0,
            "equity": null,
            "current_ratio": null,
            "debt_ratio": null,
            "inventory_turnover_ratio": null,
            "account_receivable_turnover_ratio": null,
            "reinvestment_rate": null,
            "research_to_sale_ratio": null,
            "price_fair": 0,
            "eps_avg_yearly": 0,
            "eps_latest_yearly": 0,
            "eps_growth_yearly": 0
        },
        "20032": {
            "year_quarter": 20032,
            "year": 2003,
            "quarter": 2,
            "eps": null,
            "eps_growth_year": null,
            "eps_4q": null,
            "eps_4q_growth_year": null,
            "roe": null,
            "roe_4q": 0,
            "gross_profit": null,
            "gross_margin": null,
            "gross_margin_4q_avg": 0,
            "net_income": null,
            "revenue": null,
            "common_shares": null,
            "book_valuer_per_share": null,
            "book_valuer_per_share_4q_avg": 0,
            "equity": null,
            "current_ratio": null,
            "debt_ratio": null,
            "inventory_turnover_ratio": null,
            "account_receivable_turnover_ratio": null,
            "reinvestment_rate": null,
            "research_to_sale_ratio": null,
            "price_fair": 0,
            "eps_avg_yearly": 0,
            "eps_latest_yearly": 0,
            "eps_growth_yearly": 0
        },
        "20033": {
            "year_quarter": 20033,
            "year": 2003,
            "quarter": 3,
            "eps": null,
            "eps_growth_year": null,
            "eps_4q": null,
            "eps_4q_growth_year": null,
            "roe": null,
            "roe_4q": 0,
            "gross_profit": null,
            "gross_margin": null,
            "gross_margin_4q_avg": 0,
            "net_income": null,
            "revenue": null,
            "common_shares": null,
            "book_valuer_per_share": null,
            "book_valuer_per_share_4q_avg": 0,
            "equity": null,
            "current_ratio": null,
            "debt_ratio": null,
            "inventory_turnover_ratio": null,
            "account_receivable_turnover_ratio": null,
            "reinvestment_rate": null,
            "research_to_sale_ratio": null,
            "price_fair": 0,
            "eps_avg_yearly": 0,
            "eps_latest_yearly": 0,
            "eps_growth_yearly": 0
        },
        "20034": {
            "year_quarter": 20034,
            "year": 2003,
            "quarter": 4,
            "eps": null,
            "eps_growth_year": null,
            "eps_4q": null,
            "eps_4q_growth_year": null,
            "roe": null,
            "roe_4q": 0,
            "gross_profit": null,
            "gross_margin": null,
            "gross_margin_4q_avg": 0,
            "net_income": null,
            "revenue": null,
            "common_shares": null,
            "book_valuer_per_share": null,
            "book_valuer_per_share_4q_avg": 0,
            "equity": null,
            "current_ratio": null,
            "debt_ratio": null,
            "inventory_turnover_ratio": null,
            "account_receivable_turnover_ratio": null,
            "reinvestment_rate": null,
            "research_to_sale_ratio": null,
            "price_fair": 0,
            "eps_avg_yearly": 0,
            "eps_latest_yearly": 0,
            "eps_growth_yearly": 0
        },
        "20041": {
            "year_quarter": 20041,
            "year": 2004,
            "quarter": 1,
            "eps": null,
            "eps_growth_year": null,
            "eps_4q": null,
            "eps_4q_growth_year": null,
            "roe": null,
            "roe_4q": 0,
            "gross_profit": null,
            "gross_margin": null,
            "gross_margin_4q_avg": 0,
            "net_income": null,
            "revenue": null,
            "common_shares": null,
            "book_valuer_per_share": null,
            "book_valuer_per_share_4q_avg": 0,
            "equity": null,
            "current_ratio": null,
            "debt_ratio": null,
            "inventory_turnover_ratio": null,
            "account_receivable_turnover_ratio": null,
            "reinvestment_rate": null,
            "research_to_sale_ratio": null,
            "price_fair": 0,
            "eps_avg_yearly": 0,
            "eps_latest_yearly": 0,
            "eps_growth_yearly": 0
        },
        "20042": {
            "year_quarter": 20042,
            "year": 2004,
            "quarter": 2,
            "eps": null,
            "eps_growth_year": null,
            "eps_4q": null,
            "eps_4q_growth_year": null,
            "roe": null,
            "roe_4q": 0,
            "gross_profit": null,
            "gross_margin": null,
            "gross_margin_4q_avg": 0,
            "net_income": null,
            "revenue": null,
            "common_shares": null,
            "book_valuer_per_share": null,
            "book_valuer_per_share_4q_avg": 0,
            "equity": null,
            "current_ratio": null,
            "debt_ratio": null,
            "inventory_turnover_ratio": null,
            "account_receivable_turnover_ratio": null,
            "reinvestment_rate": null,
            "research_to_sale_ratio": null,
            "price_fair": 0,
            "eps_avg_yearly": 0,
            "eps_latest_yearly": 0,
            "eps_growth_yearly": 0
        },
        "20043": {
            "year_quarter": 20043,
            "year": 2004,
            "quarter": 3,
            "eps": null,
            "eps_growth_year": null,
            "eps_4q": null,
            "eps_4q_growth_year": null,
            "roe": null,
            "roe_4q": 0,
            "gross_profit": null,
            "gross_margin": null,
            "gross_margin_4q_avg": 0,
            "net_income": null,
            "revenue": null,
            "common_shares": null,
            "book_valuer_per_share": null,
            "book_valuer_per_share_4q_avg": 0,
            "equity": null,
            "current_ratio": null,
            "debt_ratio": null,
            "inventory_turnover_ratio": null,
            "account_receivable_turnover_ratio": null,
            "reinvestment_rate": null,
            "research_to_sale_ratio": null,
            "price_fair": 0,
            "eps_avg_yearly": 0,
            "eps_latest_yearly": 0,
            "eps_growth_yearly": 0
        },
        "20044": {
            "year_quarter": 20044,
            "year": 2004,
            "quarter": 4,
            "eps": null,
            "eps_growth_year": null,
            "eps_4q": null,
            "eps_4q_growth_year": null,
            "roe": null,
            "roe_4q": 0,
            "gross_profit": null,
            "gross_margin": null,
            "gross_margin_4q_avg": 0,
            "net_income": null,
            "revenue": null,
            "common_shares": null,
            "book_valuer_per_share": null,
            "book_valuer_per_share_4q_avg": 0,
            "equity": null,
            "current_ratio": null,
            "debt_ratio": null,
            "inventory_turnover_ratio": null,
            "account_receivable_turnover_ratio": null,
            "reinvestment_rate": null,
            "research_to_sale_ratio": null,
            "price_fair": 0,
            "eps_avg_yearly": 0,
            "eps_latest_yearly": 0,
            "eps_growth_yearly": 0
        },
        "20051": {
            "year_quarter": 20051,
            "year": 2005,
            "quarter": 1,
            "eps": null,
            "eps_growth_year": null,
            "eps_4q": null,
            "eps_4q_growth_year": null,
            "roe": null,
            "roe_4q": 0,
            "gross_profit": null,
            "gross_margin": null,
            "gross_margin_4q_avg": 0,
            "net_income": null,
            "revenue": null,
            "common_shares": null,
            "book_valuer_per_share": null,
            "book_valuer_per_share_4q_avg": 0,
            "equity": null,
            "current_ratio": null,
            "debt_ratio": null,
            "inventory_turnover_ratio": null,
            "account_receivable_turnover_ratio": null,
            "reinvestment_rate": null,
            "research_to_sale_ratio": null,
            "price_fair": 0,
            "eps_avg_yearly": 0,
            "eps_latest_yearly": 0,
            "eps_growth_yearly": 0
        },
        "20052": {
            "year_quarter": 20052,
            "year": 2005,
            "quarter": 2,
            "eps": null,
            "eps_growth_year": null,
            "eps_4q": null,
            "eps_4q_growth_year": null,
            "roe": null,
            "roe_4q": 0,
            "gross_profit": null,
            "gross_margin": null,
            "gross_margin_4q_avg": 0,
            "net_income": null,
            "revenue": null,
            "common_shares": null,
            "book_valuer_per_share": null,
            "book_valuer_per_share_4q_avg": 0,
            "equity": null,
            "current_ratio": null,
            "debt_ratio": null,
            "inventory_turnover_ratio": null,
            "account_receivable_turnover_ratio": null,
            "reinvestment_rate": null,
            "research_to_sale_ratio": null,
            "price_fair": 0,
            "eps_avg_yearly": 0,
            "eps_latest_yearly": 0,
            "eps_growth_yearly": 0
        },
        "20053": {
            "year_quarter": 20053,
            "year": 2005,
            "quarter": 3,
            "eps": null,
            "eps_growth_year": null,
            "eps_4q": null,
            "eps_4q_growth_year": null,
            "roe": null,
            "roe_4q": 0,
            "gross_profit": null,
            "gross_margin": null,
            "gross_margin_4q_avg": 0,
            "net_income": null,
            "revenue": null,
            "common_shares": null,
            "book_valuer_per_share": null,
            "book_valuer_per_share_4q_avg": 0,
            "equity": null,
            "current_ratio": null,
            "debt_ratio": null,
            "inventory_turnover_ratio": null,
            "account_receivable_turnover_ratio": null,
            "reinvestment_rate": null,
            "research_to_sale_ratio": null,
            "price_fair": 0,
            "eps_avg_yearly": 0,
            "eps_latest_yearly": 0,
            "eps_growth_yearly": 0
        },
        "20054": {
            "year_quarter": 20054,
            "year": 2005,
            "quarter": 4,
            "eps": null,
            "eps_growth_year": null,
            "eps_4q": null,
            "eps_4q_growth_year": null,
            "roe": null,
            "roe_4q": 0,
            "gross_profit": null,
            "gross_margin": null,
            "gross_margin_4q_avg": 0,
            "net_income": null,
            "revenue": null,
            "common_shares": null,
            "book_valuer_per_share": null,
            "book_valuer_per_share_4q_avg": 0,
            "equity": null,
            "current_ratio": null,
            "debt_ratio": null,
            "inventory_turnover_ratio": null,
            "account_receivable_turnover_ratio": null,
            "reinvestment_rate": null,
            "research_to_sale_ratio": null,
            "price_fair": 0,
            "eps_avg_yearly": 0,
            "eps_latest_yearly": 0,
            "eps_growth_yearly": 0
        },
        "20061": {
            "year_quarter": 20061,
            "year": 2006,
            "quarter": 1,
            "eps": null,
            "eps_growth_year": null,
            "eps_4q": null,
            "eps_4q_growth_year": null,
            "roe": null,
            "roe_4q": 0,
            "gross_profit": null,
            "gross_margin": null,
            "gross_margin_4q_avg": 0,
            "net_income": null,
            "revenue": null,
            "common_shares": null,
            "book_valuer_per_share": null,
            "book_valuer_per_share_4q_avg": 0,
            "equity": null,
            "current_ratio": null,
            "debt_ratio": null,
            "inventory_turnover_ratio": null,
            "account_receivable_turnover_ratio": null,
            "reinvestment_rate": null,
            "research_to_sale_ratio": null,
            "price_fair": 0,
            "eps_avg_yearly": 0,
            "eps_latest_yearly": 0,
            "eps_growth_yearly": 0
        },
        "20062": {
            "year_quarter": 20062,
            "year": 2006,
            "quarter": 2,
            "eps": null,
            "eps_growth_year": null,
            "eps_4q": null,
            "eps_4q_growth_year": null,
            "roe": null,
            "roe_4q": 0,
            "gross_profit": null,
            "gross_margin": null,
            "gross_margin_4q_avg": 0,
            "net_income": null,
            "revenue": null,
            "common_shares": null,
            "book_valuer_per_share": null,
            "book_valuer_per_share_4q_avg": 0,
            "equity": null,
            "current_ratio": null,
            "debt_ratio": null,
            "inventory_turnover_ratio": null,
            "account_receivable_turnover_ratio": null,
            "reinvestment_rate": null,
            "research_to_sale_ratio": null,
            "price_fair": 0,
            "eps_avg_yearly": 0,
            "eps_latest_yearly": 0,
            "eps_growth_yearly": 0
        },
        "20063": {
            "year_quarter": 20063,
            "year": 2006,
            "quarter": 3,
            "eps": null,
            "eps_growth_year": null,
            "eps_4q": null,
            "eps_4q_growth_year": null,
            "roe": null,
            "roe_4q": 0,
            "gross_profit": null,
            "gross_margin": null,
            "gross_margin_4q_avg": 0,
            "net_income": null,
            "revenue": null,
            "common_shares": null,
            "book_valuer_per_share": null,
            "book_valuer_per_share_4q_avg": 0,
            "equity": null,
            "current_ratio": null,
            "debt_ratio": null,
            "inventory_turnover_ratio": null,
            "account_receivable_turnover_ratio": null,
            "reinvestment_rate": null,
            "research_to_sale_ratio": null,
            "price_fair": 0,
            "eps_avg_yearly": 0,
            "eps_latest_yearly": 0,
            "eps_growth_yearly": 0
        },
        "20064": {
            "year_quarter": 20064,
            "year": 2006,
            "quarter": 4,
            "eps": null,
            "eps_growth_year": null,
            "eps_4q": null,
            "eps_4q_growth_year": null,
            "roe": null,
            "roe_4q": 0,
            "gross_profit": null,
            "gross_margin": null,
            "gross_margin_4q_avg": 0,
            "net_income": null,
            "revenue": null,
            "common_shares": null,
            "book_valuer_per_share": null,
            "book_valuer_per_share_4q_avg": 0,
            "equity": null,
            "current_ratio": null,
            "debt_ratio": null,
            "inventory_turnover_ratio": null,
            "account_receivable_turnover_ratio": null,
            "reinvestment_rate": null,
            "research_to_sale_ratio": null,
            "price_fair": 0,
            "eps_avg_yearly": 0,
            "eps_latest_yearly": 0,
            "eps_growth_yearly": 0
        },
        "20071": {
            "year_quarter": 20071,
            "year": 2007,
            "quarter": 1,
            "eps": null,
            "eps_growth_year": null,
            "eps_4q": null,
            "eps_4q_growth_year": null,
            "roe": null,
            "roe_4q": 0,
            "gross_profit": null,
            "gross_margin": null,
            "gross_margin_4q_avg": 0,
            "net_income": null,
            "revenue": null,
            "common_shares": null,
            "book_valuer_per_share": null,
            "book_valuer_per_share_4q_avg": 0,
            "equity": null,
            "current_ratio": null,
            "debt_ratio": null,
            "inventory_turnover_ratio": null,
            "account_receivable_turnover_ratio": null,
            "reinvestment_rate": null,
            "research_to_sale_ratio": null,
            "price_fair": 0,
            "eps_avg_yearly": 0,
            "eps_latest_yearly": 0,
            "eps_growth_yearly": 0
        },
        "20072": {
            "year_quarter": 20072,
            "year": 2007,
            "quarter": 2,
            "eps": null,
            "eps_growth_year": null,
            "eps_4q": null,
            "eps_4q_growth_year": null,
            "roe": null,
            "roe_4q": 0,
            "gross_profit": null,
            "gross_margin": null,
            "gross_margin_4q_avg": 0,
            "net_income": null,
            "revenue": null,
            "common_shares": null,
            "book_valuer_per_share": null,
            "book_valuer_per_share_4q_avg": 0,
            "equity": null,
            "current_ratio": null,
            "debt_ratio": null,
            "inventory_turnover_ratio": null,
            "account_receivable_turnover_ratio": null,
            "reinvestment_rate": null,
            "research_to_sale_ratio": null,
            "price_fair": 0,
            "eps_avg_yearly": 0,
            "eps_latest_yearly": 0,
            "eps_growth_yearly": 0
        },
        "20073": {
            "year_quarter": 20073,
            "year": 2007,
            "quarter": 3,
            "eps": null,
            "eps_growth_year": null,
            "eps_4q": null,
            "eps_4q_growth_year": null,
            "roe": null,
            "roe_4q": 0,
            "gross_profit": null,
            "gross_margin": null,
            "gross_margin_4q_avg": 0,
            "net_income": null,
            "revenue": null,
            "common_shares": null,
            "book_valuer_per_share": null,
            "book_valuer_per_share_4q_avg": 0,
            "equity": null,
            "current_ratio": null,
            "debt_ratio": null,
            "inventory_turnover_ratio": null,
            "account_receivable_turnover_ratio": null,
            "reinvestment_rate": null,
            "research_to_sale_ratio": null,
            "price_fair": 0,
            "eps_avg_yearly": 0,
            "eps_latest_yearly": 0,
            "eps_growth_yearly": 0
        },
        "20074": {
            "year_quarter": 20074,
            "year": 2007,
            "quarter": 4,
            "eps": null,
            "eps_growth_year": null,
            "eps_4q": null,
            "eps_4q_growth_year": null,
            "roe": null,
            "roe_4q": 0,
            "gross_profit": null,
            "gross_margin": null,
            "gross_margin_4q_avg": 0,
            "net_income": null,
            "revenue": null,
            "common_shares": null,
            "book_valuer_per_share": null,
            "book_valuer_per_share_4q_avg": 0,
            "equity": null,
            "current_ratio": null,
            "debt_ratio": null,
            "inventory_turnover_ratio": null,
            "account_receivable_turnover_ratio": null,
            "reinvestment_rate": null,
            "research_to_sale_ratio": null,
            "price_fair": 0,
            "eps_avg_yearly": 0,
            "eps_latest_yearly": 0,
            "eps_growth_yearly": 0
        },
        "20081": {
            "year_quarter": 20081,
            "year": 2008,
            "quarter": 1,
            "eps": null,
            "eps_growth_year": null,
            "eps_4q": null,
            "eps_4q_growth_year": null,
            "roe": null,
            "roe_4q": 0,
            "gross_profit": null,
            "gross_margin": null,
            "gross_margin_4q_avg": 0,
            "net_income": null,
            "revenue": null,
            "common_shares": null,
            "book_valuer_per_share": null,
            "book_valuer_per_share_4q_avg": 0,
            "equity": null,
            "current_ratio": null,
            "debt_ratio": null,
            "inventory_turnover_ratio": null,
            "account_receivable_turnover_ratio": null,
            "reinvestment_rate": null,
            "research_to_sale_ratio": null,
            "price_fair": 0,
            "eps_avg_yearly": 0,
            "eps_latest_yearly": 0,
            "eps_growth_yearly": 0
        },
        "20082": {
            "year_quarter": 20082,
            "year": 2008,
            "quarter": 2,
            "eps": null,
            "eps_growth_year": null,
            "eps_4q": null,
            "eps_4q_growth_year": null,
            "roe": null,
            "roe_4q": 0,
            "gross_profit": null,
            "gross_margin": null,
            "gross_margin_4q_avg": 0,
            "net_income": null,
            "revenue": null,
            "common_shares": null,
            "book_valuer_per_share": null,
            "book_valuer_per_share_4q_avg": 0,
            "equity": null,
            "current_ratio": null,
            "debt_ratio": null,
            "inventory_turnover_ratio": null,
            "account_receivable_turnover_ratio": null,
            "reinvestment_rate": null,
            "research_to_sale_ratio": null,
            "price_fair": 0,
            "eps_avg_yearly": 0,
            "eps_latest_yearly": 0,
            "eps_growth_yearly": 0
        },
        "20083": {
            "year_quarter": 20083,
            "year": 2008,
            "quarter": 3,
            "eps": null,
            "eps_growth_year": null,
            "eps_4q": null,
            "eps_4q_growth_year": null,
            "roe": null,
            "roe_4q": 0,
            "gross_profit": null,
            "gross_margin": null,
            "gross_margin_4q_avg": 0,
            "net_income": null,
            "revenue": null,
            "common_shares": null,
            "book_valuer_per_share": null,
            "book_valuer_per_share_4q_avg": 0,
            "equity": null,
            "current_ratio": null,
            "debt_ratio": null,
            "inventory_turnover_ratio": null,
            "account_receivable_turnover_ratio": null,
            "reinvestment_rate": null,
            "research_to_sale_ratio": null,
            "price_fair": 0,
            "eps_avg_yearly": 0,
            "eps_latest_yearly": 0,
            "eps_growth_yearly": 0
        },
        "20084": {
            "year_quarter": 20084,
            "year": 2008,
            "quarter": 4,
            "eps": null,
            "eps_growth_year": null,
            "eps_4q": null,
            "eps_4q_growth_year": null,
            "roe": null,
            "roe_4q": 0,
            "gross_profit": null,
            "gross_margin": null,
            "gross_margin_4q_avg": 0,
            "net_income": null,
            "revenue": null,
            "common_shares": 35443511,
            "book_valuer_per_share": null,
            "book_valuer_per_share_4q_avg": 0,
            "equity": 48742201,
            "current_ratio": null,
            "debt_ratio": null,
            "inventory_turnover_ratio": null,
            "account_receivable_turnover_ratio": null,
            "reinvestment_rate": null,
            "research_to_sale_ratio": null,
            "price_fair": 0,
            "eps_avg_yearly": 0,
            "eps_latest_yearly": 0,
            "eps_growth_yearly": 0
        },
        "20091": {
            "year_quarter": 20091,
            "year": 2009,
            "quarter": 1,
            "eps": null,
            "eps_growth_year": null,
            "eps_4q": null,
            "eps_4q_growth_year": null,
            "roe": null,
            "roe_4q": 0,
            "gross_profit": null,
            "gross_margin": null,
            "gross_margin_4q_avg": 0,
            "net_income": 599428,
            "revenue": 3308796,
            "common_shares": 35443511,
            "book_valuer_per_share": null,
            "book_valuer_per_share_4q_avg": 0,
            "equity": 49464828,
            "current_ratio": null,
            "debt_ratio": null,
            "inventory_turnover_ratio": null,
            "account_receivable_turnover_ratio": null,
            "reinvestment_rate": null,
            "research_to_sale_ratio": null,
            "price_fair": 0,
            "eps_avg_yearly": 0,
            "eps_latest_yearly": 0,
            "eps_growth_yearly": 0
        },
        "20092": {
            "year_quarter": 20092,
            "year": 2009,
            "quarter": 2,
            "eps": null,
            "eps_growth_year": null,
            "eps_4q": null,
            "eps_4q_growth_year": null,
            "roe": null,
            "roe_4q": 0,
            "gross_profit": null,
            "gross_margin": null,
            "gross_margin_4q_avg": 0,
            "net_income": 272584,
            "revenue": 2942572,
            "common_shares": 35443511,
            "book_valuer_per_share": null,
            "book_valuer_per_share_4q_avg": 0,
            "equity": 50007082,
            "current_ratio": null,
            "debt_ratio": null,
            "inventory_turnover_ratio": null,
            "account_receivable_turnover_ratio": null,
            "reinvestment_rate": null,
            "research_to_sale_ratio": null,
            "price_fair": 0,
            "eps_avg_yearly": 0,
            "eps_latest_yearly": 0,
            "eps_growth_yearly": 0
        },
        "20093": {
            "year_quarter": 20093,
            "year": 2009,
            "quarter": 3,
            "eps": null,
            "eps_growth_year": null,
            "eps_4q": null,
            "eps_4q_growth_year": null,
            "roe": null,
            "roe_4q": 0,
            "gross_profit": null,
            "gross_margin": null,
            "gross_margin_4q_avg": 0,
            "net_income": 573257,
            "revenue": 3146961,
            "common_shares": 36528000,
            "book_valuer_per_share": null,
            "book_valuer_per_share_4q_avg": 0,
            "equity": 51265393,
            "current_ratio": null,
            "debt_ratio": null,
            "inventory_turnover_ratio": null,
            "account_receivable_turnover_ratio": null,
            "reinvestment_rate": null,
            "research_to_sale_ratio": null,
            "price_fair": 0,
            "eps_avg_yearly": 0,
            "eps_latest_yearly": 0,
            "eps_growth_yearly": 0
        },
        "20094": {
            "year_quarter": 20094,
            "year": 2009,
            "quarter": 4,
            "eps": null,
            "eps_growth_year": null,
            "eps_4q": null,
            "eps_4q_growth_year": null,
            "roe": null,
            "roe_4q": 0,
            "gross_profit": null,
            "gross_margin": null,
            "gross_margin_4q_avg": 0,
            "net_income": 483069,
            "revenue": 3860622,
            "common_shares": 36528000,
            "book_valuer_per_share": 14.3,
            "book_valuer_per_share_4q_avg": 3.58,
            "equity": 51937716,
            "current_ratio": null,
            "debt_ratio": 94.49,
            "inventory_turnover_ratio": null,
            "account_receivable_turnover_ratio": null,
            "reinvestment_rate": null,
            "research_to_sale_ratio": null,
            "price_fair": 0,
            "eps_avg_yearly": 0,
            "eps_latest_yearly": 0,
            "eps_growth_yearly": 0
        },
        "20101": {
            "year_quarter": 20101,
            "year": 2010,
            "quarter": 1,
            "eps": 0.29,
            "eps_growth_year": null,
            "eps_4q": 0.29,
            "eps_4q_growth_year": null,
            "roe": 2.02,
            "roe_4q": 2.02,
            "gross_profit": null,
            "gross_margin": null,
            "gross_margin_4q_avg": 0,
            "net_income": 1055256,
            "revenue": 4285181,
            "common_shares": 36528000,
            "book_valuer_per_share": 14.55,
            "book_valuer_per_share_4q_avg": 7.21,
            "equity": 52793235,
            "current_ratio": null,
            "debt_ratio": 94.58,
            "inventory_turnover_ratio": null,
            "account_receivable_turnover_ratio": 0.15,
            "reinvestment_rate": null,
            "research_to_sale_ratio": null,
            "price_fair": 0,
            "eps_avg_yearly": 0,
            "eps_latest_yearly": 0,
            "eps_growth_yearly": 0
        },
        "20102": {
            "year_quarter": 20102,
            "year": 2010,
            "quarter": 2,
            "eps": 0.29,
            "eps_growth_year": null,
            "eps_4q": 0.57,
            "eps_4q_growth_year": null,
            "roe": 2.04,
            "roe_4q": 4.0600000000000005,
            "gross_profit": null,
            "gross_margin": null,
            "gross_margin_4q_avg": 0,
            "net_income": 1076242,
            "revenue": 4382968,
            "common_shares": 36528000,
            "book_valuer_per_share": 14.67,
            "book_valuer_per_share_4q_avg": 10.88,
            "equity": 52763342,
            "current_ratio": null,
            "debt_ratio": 94.72,
            "inventory_turnover_ratio": null,
            "account_receivable_turnover_ratio": 0.15,
            "reinvestment_rate": null,
            "research_to_sale_ratio": null,
            "price_fair": 11.6,
            "eps_avg_yearly": 1.16,
            "eps_latest_yearly": 1.16,
            "eps_growth_yearly": 0
        },
        "20103": {
            "year_quarter": 20103,
            "year": 2010,
            "quarter": 3,
            "eps": 0.25,
            "eps_growth_year": null,
            "eps_4q": 0.81,
            "eps_4q_growth_year": null,
            "roe": 1.75,
            "roe_4q": 5.8100000000000005,
            "gross_profit": null,
            "gross_margin": null,
            "gross_margin_4q_avg": 0,
            "net_income": 936629,
            "revenue": 4337759,
            "common_shares": 38033000,
            "book_valuer_per_share": 14.33,
            "book_valuer_per_share_4q_avg": 14.46,
            "equity": 54514542,
            "current_ratio": null,
            "debt_ratio": 94.64,
            "inventory_turnover_ratio": null,
            "account_receivable_turnover_ratio": 0.14,
            "reinvestment_rate": null,
            "research_to_sale_ratio": null,
            "price_fair": 3.24,
            "eps_avg_yearly": 1.08,
            "eps_latest_yearly": 1,
            "eps_growth_yearly": -27.59
        },
        "20104": {
            "year_quarter": 20104,
            "year": 2010,
            "quarter": 4,
            "eps": 0.22,
            "eps_growth_year": null,
            "eps_4q": 1.03,
            "eps_4q_growth_year": null,
            "roe": 1.56,
            "roe_4q": 7.369999999999999,
            "gross_profit": null,
            "gross_margin": null,
            "gross_margin_4q_avg": 0,
            "net_income": 854945,
            "revenue": 4409453,
            "common_shares": 38033000,
            "book_valuer_per_share": 14.52,
            "book_valuer_per_share_4q_avg": 14.52,
            "equity": 55241859,
            "current_ratio": null,
            "debt_ratio": 94.91,
            "inventory_turnover_ratio": null,
            "account_receivable_turnover_ratio": 0.15,
            "reinvestment_rate": null,
            "research_to_sale_ratio": null,
            "price_fair": 3.04,
            "eps_avg_yearly": 1.01,
            "eps_latest_yearly": 0.88,
            "eps_growth_yearly": -34.39
        },
        "20111": {
            "year_quarter": 20111,
            "year": 2011,
            "quarter": 1,
            "eps": 0.37,
            "eps_growth_year": 27.59,
            "eps_4q": 1.13,
            "eps_4q_growth_year": 287.12,
            "roe": 2.53,
            "roe_4q": 7.88,
            "gross_profit": null,
            "gross_margin": null,
            "gross_margin_4q_avg": 0,
            "net_income": 1413596,
            "revenue": 4845033,
            "common_shares": 38033000,
            "book_valuer_per_share": 14.91,
            "book_valuer_per_share_4q_avg": 14.61,
            "equity": 56713987,
            "current_ratio": null,
            "debt_ratio": 94.87,
            "inventory_turnover_ratio": null,
            "account_receivable_turnover_ratio": 0.17,
            "reinvestment_rate": null,
            "research_to_sale_ratio": null,
            "price_fair": 39.55,
            "eps_avg_yearly": 1.13,
            "eps_latest_yearly": 1.48,
            "eps_growth_yearly": 42.39
        },
        "20112": {
            "year_quarter": 20112,
            "year": 2011,
            "quarter": 2,
            "eps": 0.38,
            "eps_growth_year": 31.84,
            "eps_4q": 1.17,
            "eps_4q_growth_year": 104.88,
            "roe": 2.7,
            "roe_4q": 8.540000000000001,
            "gross_profit": null,
            "gross_margin": null,
            "gross_margin_4q_avg": 0,
            "net_income": 1542584,
            "revenue": 5365195,
            "common_shares": 38033000,
            "book_valuer_per_share": 15.11,
            "book_valuer_per_share_4q_avg": 14.72,
            "equity": 57483351,
            "current_ratio": null,
            "debt_ratio": 94.88,
            "inventory_turnover_ratio": null,
            "account_receivable_turnover_ratio": 0.18,
            "reinvestment_rate": null,
            "research_to_sale_ratio": null,
            "price_fair": 42.28,
            "eps_avg_yearly": 1.21,
            "eps_latest_yearly": 1.52,
            "eps_growth_yearly": 36.07
        },
        "20113": {
            "year_quarter": 20113,
            "year": 2011,
            "quarter": 3,
            "eps": 0.28,
            "eps_growth_year": 14.66,
            "eps_4q": 1.12,
            "eps_4q_growth_year": 38.27,
            "roe": 2.08,
            "roe_4q": 8.870000000000001,
            "gross_profit": null,
            "gross_margin": null,
            "gross_margin_4q_avg": 0,
            "net_income": 1291832,
            "revenue": 5099862,
            "common_shares": 45750000,
            "book_valuer_per_share": 14.53,
            "book_valuer_per_share_4q_avg": 14.77,
            "equity": 66452873,
            "current_ratio": null,
            "debt_ratio": 94.32,
            "inventory_turnover_ratio": null,
            "account_receivable_turnover_ratio": 0.17,
            "reinvestment_rate": null,
            "research_to_sale_ratio": null,
            "price_fair": 26.87,
            "eps_avg_yearly": 1.19,
            "eps_latest_yearly": 1.12,
            "eps_growth_yearly": 12.52
        },
        "20114": {
            "year_quarter": 20114,
            "year": 2011,
            "quarter": 4,
            "eps": -0.17,
            "eps_growth_year": -174.26,
            "eps_4q": 0.76,
            "eps_4q_growth_year": -26.16,
            "roe": -1.16,
            "roe_4q": 6.15,
            "gross_profit": null,
            "gross_margin": null,
            "gross_margin_4q_avg": 0,
            "net_income": -763664,
            "revenue": 4895174,
            "common_shares": 45750000,
            "book_valuer_per_share": 14.34,
            "book_valuer_per_share_4q_avg": 14.72,
            "equity": 65583696,
            "current_ratio": null,
            "debt_ratio": 94.32,
            "inventory_turnover_ratio": null,
            "account_receivable_turnover_ratio": 0.16,
            "reinvestment_rate": null,
            "research_to_sale_ratio": null,
            "price_fair": 26.87,
            "eps_avg_yearly": 1.19,
            "eps_latest_yearly": 1.12,
            "eps_growth_yearly": 12.52
        },
        "20121": {
            "year_quarter": 20121,
            "year": 2012,
            "quarter": 1,
            "eps": 0.45,
            "eps_growth_year": 21.62,
            "eps_4q": 0.9,
            "eps_4q_growth_year": -19.61,
            "roe": 3.1,
            "roe_4q": 6.720000000000001,
            "gross_profit": null,
            "gross_margin": null,
            "gross_margin_4q_avg": 0,
            "net_income": 2069280,
            "revenue": 6922435,
            "common_shares": 45750000,
            "book_valuer_per_share": 14.81,
            "book_valuer_per_share_4q_avg": 14.7,
            "equity": 67770553,
            "current_ratio": null,
            "debt_ratio": 94.26,
            "inventory_turnover_ratio": null,
            "account_receivable_turnover_ratio": 0.38,
            "reinvestment_rate": null,
            "research_to_sale_ratio": null,
            "price_fair": 26.87,
            "eps_avg_yearly": 1.19,
            "eps_latest_yearly": 1.12,
            "eps_growth_yearly": 12.52
        },
        "20122": {
            "year_quarter": 20122,
            "year": 2012,
            "quarter": 2,
            "eps": 0.37,
            "eps_growth_year": -1.03,
            "eps_4q": 0.91,
            "eps_4q_growth_year": -21.5,
            "roe": 2.64,
            "roe_4q": 6.66,
            "gross_profit": null,
            "gross_margin": null,
            "gross_margin_4q_avg": 0,
            "net_income": 1802383,
            "revenue": 5623218,
            "common_shares": 45750000,
            "book_valuer_per_share": 15.03,
            "book_valuer_per_share_4q_avg": 14.68,
            "equity": 68740541,
            "current_ratio": null,
            "debt_ratio": 94.2,
            "inventory_turnover_ratio": null,
            "account_receivable_turnover_ratio": 0.27,
            "reinvestment_rate": null,
            "research_to_sale_ratio": null,
            "price_fair": 12.34,
            "eps_avg_yearly": 1.23,
            "eps_latest_yearly": 1.48,
            "eps_growth_yearly": 0.57
        },
        "20123": {
            "year_quarter": 20123,
            "year": 2012,
            "quarter": 3,
            "eps": 0.37,
            "eps_growth_year": 31.88,
            "eps_4q": 1.02,
            "eps_4q_growth_year": -8.69,
            "roe": 2.57,
            "roe_4q": 7.15,
            "gross_profit": null,
            "gross_margin": null,
            "gross_margin_4q_avg": 0,
            "net_income": 1791501,
            "revenue": 5695406,
            "common_shares": 48107000,
            "book_valuer_per_share": 14.68,
            "book_valuer_per_share_4q_avg": 14.72,
            "equity": 70615709,
            "current_ratio": null,
            "debt_ratio": 94.11,
            "inventory_turnover_ratio": null,
            "account_receivable_turnover_ratio": 0.16,
            "reinvestment_rate": null,
            "research_to_sale_ratio": null,
            "price_fair": 12.65,
            "eps_avg_yearly": 1.27,
            "eps_latest_yearly": 1.48,
            "eps_growth_yearly": 0.5
        },
        "20124": {
            "year_quarter": 20124,
            "year": 2012,
            "quarter": 4,
            "eps": 0.28,
            "eps_growth_year": null,
            "eps_4q": 1.41,
            "eps_4q_growth_year": 84.96,
            "roe": 1.91,
            "roe_4q": 10.219999999999999,
            "gross_profit": null,
            "gross_margin": null,
            "gross_margin_4q_avg": 0,
            "net_income": 1395072,
            "revenue": 5850819,
            "common_shares": 50107000,
            "book_valuer_per_share": 15,
            "book_valuer_per_share_4q_avg": 14.88,
            "equity": 75174009,
            "current_ratio": null,
            "debt_ratio": 93.96,
            "inventory_turnover_ratio": null,
            "account_receivable_turnover_ratio": 0.17,
            "reinvestment_rate": 101.68,
            "research_to_sale_ratio": null,
            "price_fair": 3.75,
            "eps_avg_yearly": 1.25,
            "eps_latest_yearly": 1.12,
            "eps_growth_yearly": -10.37
        },
        "20131": {
            "year_quarter": 20131,
            "year": 2013,
            "quarter": 1,
            "eps": 0.45,
            "eps_growth_year": 0,
            "eps_4q": 1.45,
            "eps_4q_growth_year": 60.05,
            "roe": 2.96,
            "roe_4q": 10.08,
            "gross_profit": null,
            "gross_margin": null,
            "gross_margin_4q_avg": 0,
            "net_income": 2268184,
            "revenue": 6657671,
            "common_shares": 50107000,
            "book_valuer_per_share": 15.53,
            "book_valuer_per_share_4q_avg": 15.06,
            "equity": 77837092,
            "current_ratio": null,
            "debt_ratio": 93.95,
            "inventory_turnover_ratio": null,
            "account_receivable_turnover_ratio": 0.37,
            "reinvestment_rate": 95.83,
            "research_to_sale_ratio": null,
            "price_fair": 32.54,
            "eps_avg_yearly": 1.3,
            "eps_latest_yearly": 1.8,
            "eps_growth_yearly": 14.96
        },
        "20132": {
            "year_quarter": 20132,
            "year": 2013,
            "quarter": 2,
            "eps": 0.38,
            "eps_growth_year": 1.42,
            "eps_4q": 1.37,
            "eps_4q_growth_year": 49.43,
            "roe": 2.68,
            "roe_4q": 10.120000000000001,
            "gross_profit": null,
            "gross_margin": null,
            "gross_margin_4q_avg": 0,
            "net_income": 2095266,
            "revenue": 6512859,
            "common_shares": 50107000,
            "book_valuer_per_share": 15.63,
            "book_valuer_per_share_4q_avg": 15.21,
            "equity": 78301955,
            "current_ratio": null,
            "debt_ratio": 94.11,
            "inventory_turnover_ratio": null,
            "account_receivable_turnover_ratio": 10.68,
            "reinvestment_rate": 93.78,
            "research_to_sale_ratio": null,
            "price_fair": 23.74,
            "eps_avg_yearly": 1.32,
            "eps_latest_yearly": 1.52,
            "eps_growth_yearly": 7.94
        },
        "20133": {
            "year_quarter": 20133,
            "year": 2013,
            "quarter": 3,
            "eps": 0.4,
            "eps_growth_year": 7.41,
            "eps_4q": 1.44,
            "eps_4q_growth_year": 41.5,
            "roe": 2.77,
            "roe_4q": 10.32,
            "gross_profit": null,
            "gross_margin": null,
            "gross_margin_4q_avg": 0,
            "net_income": 2207219,
            "revenue": 6856207,
            "common_shares": 55243000,
            "book_valuer_per_share": 14.55,
            "book_valuer_per_share_4q_avg": 15.18,
            "equity": 81086134,
            "current_ratio": null,
            "debt_ratio": 93.92,
            "inventory_turnover_ratio": null,
            "account_receivable_turnover_ratio": 15.43,
            "reinvestment_rate": 88.83,
            "research_to_sale_ratio": null,
            "price_fair": 25.63,
            "eps_avg_yearly": 1.35,
            "eps_latest_yearly": 1.6,
            "eps_growth_yearly": 9.03
        },
        "20134": {
            "year_quarter": 20134,
            "year": 2013,
            "quarter": 4,
            "eps": 0.33,
            "eps_growth_year": 20.27,
            "eps_4q": 1.52,
            "eps_4q_growth_year": 8.15,
            "roe": 2.24,
            "roe_4q": 10.649999999999999,
            "gross_profit": null,
            "gross_margin": null,
            "gross_margin_4q_avg": 0,
            "net_income": 1845382,
            "revenue": 6720689,
            "common_shares": 55243000,
            "book_valuer_per_share": 14.96,
            "book_valuer_per_share_4q_avg": 15.17,
            "equity": 83355323,
            "current_ratio": null,
            "debt_ratio": 93.96,
            "inventory_turnover_ratio": null,
            "account_receivable_turnover_ratio": 11.02,
            "reinvestment_rate": 22.68,
            "research_to_sale_ratio": null,
            "price_fair": 17.42,
            "eps_avg_yearly": 1.34,
            "eps_latest_yearly": 1.32,
            "eps_growth_yearly": 2.95
        },
        "20141": {
            "year_quarter": 20141,
            "year": 2014,
            "quarter": 1,
            "eps": 0.5,
            "eps_growth_year": 11.11,
            "eps_4q": 1.56,
            "eps_4q_growth_year": 7.9,
            "roe": 3.32,
            "roe_4q": 11.01,
            "gross_profit": null,
            "gross_margin": null,
            "gross_margin_4q_avg": 0,
            "net_income": 2874068,
            "revenue": 7965414,
            "common_shares": 57633794,
            "book_valuer_per_share": 15.45,
            "book_valuer_per_share_4q_avg": 15.15,
            "equity": 89748794,
            "current_ratio": null,
            "debt_ratio": 93.85,
            "inventory_turnover_ratio": null,
            "account_receivable_turnover_ratio": 7.83,
            "reinvestment_rate": 22.93,
            "research_to_sale_ratio": null,
            "price_fair": 38.21,
            "eps_avg_yearly": 1.39,
            "eps_latest_yearly": 2,
            "eps_growth_yearly": 17.46
        },
        "20142": {
            "year_quarter": 20142,
            "year": 2014,
            "quarter": 2,
            "eps": 0.4,
            "eps_growth_year": 5.26,
            "eps_4q": 1.36,
            "eps_4q_growth_year": -0.46,
            "roe": 2.83,
            "roe_4q": 11.16,
            "gross_profit": null,
            "gross_margin": null,
            "gross_margin_4q_avg": 0,
            "net_income": 2703882,
            "revenue": 7910435,
            "common_shares": 64633794,
            "book_valuer_per_share": 15.62,
            "book_valuer_per_share_4q_avg": 15.15,
            "equity": 101660495,
            "current_ratio": null,
            "debt_ratio": 93.28,
            "inventory_turnover_ratio": null,
            "account_receivable_turnover_ratio": 7.1,
            "reinvestment_rate": 22.13,
            "research_to_sale_ratio": null,
            "price_fair": 30.94,
            "eps_avg_yearly": 1.42,
            "eps_latest_yearly": 1.6,
            "eps_growth_yearly": 11.75
        },
        "20143": {
            "year_quarter": 20143,
            "year": 2014,
            "quarter": 3,
            "eps": 0.41,
            "eps_growth_year": 2.5,
            "eps_4q": 1.45,
            "eps_4q_growth_year": 0.89,
            "roe": 2.8,
            "roe_4q": 11.19,
            "gross_profit": null,
            "gross_margin": null,
            "gross_margin_4q_avg": 0,
            "net_income": 2892191,
            "revenue": 8627962,
            "common_shares": 70530000,
            "book_valuer_per_share": 14.77,
            "book_valuer_per_share_4q_avg": 15.2,
            "equity": 104927579,
            "current_ratio": null,
            "debt_ratio": 93.13,
            "inventory_turnover_ratio": null,
            "account_receivable_turnover_ratio": 7.52,
            "reinvestment_rate": 21.64,
            "research_to_sale_ratio": null,
            "price_fair": 38.77,
            "eps_avg_yearly": 1.47,
            "eps_latest_yearly": 1.64,
            "eps_growth_yearly": 16.4
        },
        "20144": {
            "year_quarter": 20144,
            "year": 2014,
            "quarter": 4,
            "eps": 0.3,
            "eps_growth_year": -10.09,
            "eps_4q": 1.49,
            "eps_4q_growth_year": -2.02,
            "roe": 2.01,
            "roe_4q": 10.959999999999999,
            "gross_profit": null,
            "gross_margin": null,
            "gross_margin_4q_avg": 0,
            "net_income": 2135187,
            "revenue": 8250708,
            "common_shares": 70530000,
            "book_valuer_per_share": 15.15,
            "book_valuer_per_share_4q_avg": 15.25,
            "equity": 107661346,
            "current_ratio": null,
            "debt_ratio": 93.13,
            "inventory_turnover_ratio": null,
            "account_receivable_turnover_ratio": 8.64,
            "reinvestment_rate": 22.55,
            "research_to_sale_ratio": null,
            "price_fair": 33.06,
            "eps_avg_yearly": 1.49,
            "eps_latest_yearly": 1.2,
            "eps_growth_yearly": 12.16
        },
        "20151": {
            "year_quarter": 20151,
            "year": 2015,
            "quarter": 1,
            "eps": 0.45,
            "eps_growth_year": -10,
            "eps_4q": 1.49,
            "eps_4q_growth_year": -4.9,
            "roe": 2.88,
            "roe_4q": 10.52,
            "gross_profit": null,
            "gross_margin": null,
            "gross_margin_4q_avg": 0,
            "net_income": 3194866,
            "revenue": 9289387,
            "common_shares": 73016504,
            "book_valuer_per_share": 15.5,
            "book_valuer_per_share_4q_avg": 15.26,
            "equity": 113972895,
            "current_ratio": null,
            "debt_ratio": 92.86,
            "inventory_turnover_ratio": null,
            "account_receivable_turnover_ratio": 8.33,
            "reinvestment_rate": 19.27,
            "research_to_sale_ratio": null,
            "price_fair": 25.7,
            "eps_avg_yearly": 1.51,
            "eps_latest_yearly": 1.8,
            "eps_growth_yearly": 6.97
        },
        "20152": {
            "year_quarter": 20152,
            "year": 2015,
            "quarter": 2,
            "eps": 0.44,
            "eps_growth_year": 10,
            "eps_4q": 1.47,
            "eps_4q_growth_year": 7.83,
            "roe": 3.07,
            "roe_4q": 10.759999999999998,
            "gross_profit": null,
            "gross_margin": null,
            "gross_margin_4q_avg": 0,
            "net_income": 3504240,
            "revenue": 9875046,
            "common_shares": 73016504,
            "book_valuer_per_share": 15.56,
            "book_valuer_per_share_4q_avg": 15.25,
            "equity": 114367174,
            "current_ratio": null,
            "debt_ratio": 93.22,
            "inventory_turnover_ratio": null,
            "account_receivable_turnover_ratio": 5.39,
            "reinvestment_rate": 29.15,
            "research_to_sale_ratio": null,
            "price_fair": 23.83,
            "eps_avg_yearly": 1.53,
            "eps_latest_yearly": 1.76,
            "eps_growth_yearly": 5.56
        },
        "20153": {
            "year_quarter": 20153,
            "year": 2015,
            "quarter": 3,
            "eps": 0.47,
            "eps_growth_year": 14.63,
            "eps_4q": 1.57,
            "eps_4q_growth_year": 8.26,
            "roe": 3.21,
            "roe_4q": 11.17,
            "gross_profit": null,
            "gross_margin": null,
            "gross_margin_4q_avg": 0,
            "net_income": 3744523,
            "revenue": 10162239,
            "common_shares": 79517000,
            "book_valuer_per_share": 14.87,
            "book_valuer_per_share_4q_avg": 15.27,
            "equity": 119122567,
            "current_ratio": null,
            "debt_ratio": 93.11,
            "inventory_turnover_ratio": null,
            "account_receivable_turnover_ratio": 4.1,
            "reinvestment_rate": 30.06,
            "research_to_sale_ratio": null,
            "price_fair": 39.69,
            "eps_avg_yearly": 1.59,
            "eps_latest_yearly": 1.88,
            "eps_growth_yearly": 15.03
        },
        "20154": {
            "year_quarter": 20154,
            "year": 2015,
            "quarter": 4,
            "eps": 0.3,
            "eps_growth_year": 1.19,
            "eps_4q": 1.61,
            "eps_4q_growth_year": 7.97,
            "roe": 2.02,
            "roe_4q": 11.18,
            "gross_profit": null,
            "gross_margin": null,
            "gross_margin_4q_avg": 0,
            "net_income": 2435330,
            "revenue": 9162657,
            "common_shares": 79517000,
            "book_valuer_per_share": 15.21,
            "book_valuer_per_share_4q_avg": 15.29,
            "equity": 121660898,
            "current_ratio": null,
            "debt_ratio": 93.15,
            "inventory_turnover_ratio": null,
            "account_receivable_turnover_ratio": 2.8,
            "reinvestment_rate": 28.08,
            "research_to_sale_ratio": null,
            "price_fair": 22.44,
            "eps_avg_yearly": 1.56,
            "eps_latest_yearly": 1.2,
            "eps_growth_yearly": 4.38
        },
        "20161": {
            "year_quarter": 20161,
            "year": 2016,
            "quarter": 1,
            "eps": 0.47,
            "eps_growth_year": 4.44,
            "eps_4q": 1.68,
            "eps_4q_growth_year": 12.83,
            "roe": 3.02,
            "roe_4q": 11.32,
            "gross_profit": null,
            "gross_margin": null,
            "gross_margin_4q_avg": 0,
            "net_income": 3715563,
            "revenue": 9604836,
            "common_shares": 79517000,
            "book_valuer_per_share": 15.53,
            "book_valuer_per_share_4q_avg": 15.29,
            "equity": 124282202,
            "current_ratio": null,
            "debt_ratio": 93.1,
            "inventory_turnover_ratio": null,
            "account_receivable_turnover_ratio": 2.1,
            "reinvestment_rate": 27.27,
            "research_to_sale_ratio": null,
            "price_fair": 44.67,
            "eps_avg_yearly": 1.58,
            "eps_latest_yearly": 1.88,
            "eps_growth_yearly": 18.27
        },
        "20162": {
            "year_quarter": 20162,
            "year": 2016,
            "quarter": 2,
            "eps": 0.4,
            "eps_growth_year": -9.09,
            "eps_4q": 1.53,
            "eps_4q_growth_year": 4.08,
            "roe": 2.82,
            "roe_4q": 11.07,
            "gross_profit": null,
            "gross_margin": null,
            "gross_margin_4q_avg": 0,
            "net_income": 3517409,
            "revenue": 10014939,
            "common_shares": 79517000,
            "book_valuer_per_share": 15.63,
            "book_valuer_per_share_4q_avg": 15.31,
            "equity": 125070824,
            "current_ratio": null,
            "debt_ratio": 93.22,
            "inventory_turnover_ratio": null,
            "account_receivable_turnover_ratio": 2.32,
            "reinvestment_rate": 26.81,
            "research_to_sale_ratio": null,
            "price_fair": 46.03,
            "eps_avg_yearly": 1.59,
            "eps_latest_yearly": 1.6,
            "eps_growth_yearly": 19
        },
        "20163": {
            "year_quarter": 20163,
            "year": 2016,
            "quarter": 3,
            "eps": 0.4,
            "eps_growth_year": -14.89,
            "eps_4q": 1.5,
            "eps_4q_growth_year": -4.77,
            "roe": 2.75,
            "roe_4q": 10.61,
            "gross_profit": null,
            "gross_margin": null,
            "gross_margin_4q_avg": 0,
            "net_income": 3481504,
            "revenue": 10870782,
            "common_shares": 87654000,
            "book_valuer_per_share": 14.51,
            "book_valuer_per_share_4q_avg": 15.22,
            "equity": 127947829,
            "current_ratio": null,
            "debt_ratio": 93.06,
            "inventory_turnover_ratio": null,
            "account_receivable_turnover_ratio": 3.25,
            "reinvestment_rate": 25.54,
            "research_to_sale_ratio": null,
            "price_fair": 46.25,
            "eps_avg_yearly": 1.6,
            "eps_latest_yearly": 1.6,
            "eps_growth_yearly": 19
        },
        "20164": {
            "year_quarter": 20164,
            "year": 2016,
            "quarter": 4,
            "eps": 0.28,
            "eps_growth_year": -9.48,
            "eps_4q": 1.5,
            "eps_4q_growth_year": -7.03,
            "roe": 1.76,
            "roe_4q": 10.35,
            "gross_profit": null,
            "gross_margin": null,
            "gross_margin_4q_avg": 0,
            "net_income": 2268706,
            "revenue": 10574275,
            "common_shares": 87654000,
            "book_valuer_per_share": 14.66,
            "book_valuer_per_share_4q_avg": 15.08,
            "equity": 129181358,
            "current_ratio": null,
            "debt_ratio": 93.14,
            "inventory_turnover_ratio": null,
            "account_receivable_turnover_ratio": 3.02,
            "reinvestment_rate": 21.76,
            "research_to_sale_ratio": null,
            "price_fair": 43.98,
            "eps_avg_yearly": 1.6,
            "eps_latest_yearly": 1.12,
            "eps_growth_yearly": 17.58
        },
        "20171": {
            "year_quarter": 20171,
            "year": 2017,
            "quarter": 1,
            "eps": 0.43,
            "eps_growth_year": -8.51,
            "eps_4q": 1.5,
            "eps_4q_growth_year": -10.58,
            "roe": 2.85,
            "roe_4q": 10.18,
            "gross_profit": null,
            "gross_margin": null,
            "gross_margin_4q_avg": 0,
            "net_income": 3742099,
            "revenue": 10521219,
            "common_shares": 87654000,
            "book_valuer_per_share": 15.1,
            "book_valuer_per_share_4q_avg": 14.98,
            "equity": 132982643,
            "current_ratio": null,
            "debt_ratio": 93.07,
            "inventory_turnover_ratio": null,
            "account_receivable_turnover_ratio": 6.02,
            "reinvestment_rate": 20.61,
            "research_to_sale_ratio": null,
            "price_fair": 41.01,
            "eps_avg_yearly": 1.59,
            "eps_latest_yearly": 1.72,
            "eps_growth_yearly": 15.79
        },
        "20172": {
            "year_quarter": 20172,
            "year": 2017,
            "quarter": 2,
            "eps": 0.41,
            "eps_growth_year": 2.5,
            "eps_4q": 1.32,
            "eps_4q_growth_year": -13.77,
            "roe": 2.67,
            "roe_4q": 10.03,
            "gross_profit": null,
            "gross_margin": null,
            "gross_margin_4q_avg": 0,
            "net_income": 3687136,
            "revenue": 11671706,
            "common_shares": 94654000,
            "book_valuer_per_share": 15.07,
            "book_valuer_per_share_4q_avg": 14.84,
            "equity": 143170728,
            "current_ratio": null,
            "debt_ratio": 92.83,
            "inventory_turnover_ratio": null,
            "account_receivable_turnover_ratio": null,
            "reinvestment_rate": 18.14,
            "research_to_sale_ratio": null,
            "price_fair": 45.56,
            "eps_avg_yearly": 1.6,
            "eps_latest_yearly": 1.64,
            "eps_growth_yearly": 18.52
        },
        "20173": {
            "year_quarter": 20173,
            "year": 2017,
            "quarter": 3,
            "eps": 0.4,
            "eps_growth_year": 0,
            "eps_4q": 1.37,
            "eps_4q_growth_year": -8.33,
            "roe": 2.78,
            "roe_4q": 10.059999999999999,
            "gross_profit": null,
            "gross_margin": null,
            "gross_margin_4q_avg": 0,
            "net_income": 4019596,
            "revenue": 12212830,
            "common_shares": 101855000,
            "book_valuer_per_share": 14.31,
            "book_valuer_per_share_4q_avg": 14.79,
            "equity": 145865060,
            "current_ratio": null,
            "debt_ratio": 92.84,
            "inventory_turnover_ratio": null,
            "account_receivable_turnover_ratio": null,
            "reinvestment_rate": 17.21,
            "research_to_sale_ratio": null,
            "price_fair": 42.48,
            "eps_avg_yearly": 1.6,
            "eps_latest_yearly": 1.6,
            "eps_growth_yearly": 16.59
        },
        "20174": {
            "year_quarter": 20174,
            "year": 2017,
            "quarter": 4,
            "eps": 0.31,
            "eps_growth_year": 13.07,
            "eps_4q": 1.45,
            "eps_4q_growth_year": -3.32,
            "roe": 2.17,
            "roe_4q": 10.469999999999999,
            "gross_profit": null,
            "gross_margin": null,
            "gross_margin_4q_avg": 0,
            "net_income": 3205608,
            "revenue": 11701434,
            "common_shares": 101855000,
            "book_valuer_per_share": 14.61,
            "book_valuer_per_share_4q_avg": 14.77,
            "equity": 148948431,
            "current_ratio": null,
            "debt_ratio": 92.82,
            "inventory_turnover_ratio": null,
            "account_receivable_turnover_ratio": null,
            "reinvestment_rate": 17.25,
            "research_to_sale_ratio": null,
            "price_fair": 40.36,
            "eps_avg_yearly": 1.59,
            "eps_latest_yearly": 1.24,
            "eps_growth_yearly": 15.34
        },
        "20181": {
            "year_quarter": 20181,
            "year": 2018,
            "quarter": 1,
            "eps": 0.47,
            "eps_growth_year": 9.3,
            "eps_4q": 1.55,
            "eps_4q_growth_year": 3.26,
            "roe": 3.15,
            "roe_4q": 10.77,
            "gross_profit": null,
            "gross_margin": null,
            "gross_margin_4q_avg": 0,
            "net_income": 4776854,
            "revenue": 12492848,
            "common_shares": 101855000,
            "book_valuer_per_share": 15.16,
            "book_valuer_per_share_4q_avg": 14.79,
            "equity": 154545447,
            "current_ratio": null,
            "debt_ratio": 92.72,
            "inventory_turnover_ratio": null,
            "account_receivable_turnover_ratio": null,
            "reinvestment_rate": 16.17,
            "research_to_sale_ratio": null,
            "price_fair": 40.2,
            "eps_avg_yearly": 1.59,
            "eps_latest_yearly": 1.88,
            "eps_growth_yearly": 15.37
        },
        "20182": {
            "year_quarter": 20182,
            "year": 2018,
            "quarter": 2,
            "eps": 0.41,
            "eps_growth_year": 0,
            "eps_4q": 1.52,
            "eps_4q_growth_year": 15.64,
            "roe": 2.91,
            "roe_4q": 11.01,
            "gross_profit": null,
            "gross_margin": null,
            "gross_margin_4q_avg": 0,
            "net_income": 4475509,
            "revenue": 12457705,
            "common_shares": 101855000,
            "book_valuer_per_share": 15.01,
            "book_valuer_per_share_4q_avg": 14.77,
            "equity": 152952792,
            "current_ratio": null,
            "debt_ratio": 92.94,
            "inventory_turnover_ratio": null,
            "account_receivable_turnover_ratio": null,
            "reinvestment_rate": 15.14,
            "research_to_sale_ratio": null,
            "price_fair": 43.14,
            "eps_avg_yearly": 1.59,
            "eps_latest_yearly": 1.64,
            "eps_growth_yearly": 17.17
        },
        "20183": {
            "year_quarter": 20183,
            "year": 2018,
            "quarter": 3,
            "eps": 0.38,
            "eps_growth_year": -5,
            "eps_4q": 1.53,
            "eps_4q_growth_year": 11.04,
            "roe": 2.65,
            "roe_4q": 10.88,
            "gross_profit": null,
            "gross_margin": null,
            "gross_margin_4q_avg": 0,
            "net_income": 4108654,
            "revenue": 12392067,
            "common_shares": 108289000,
            "book_valuer_per_share": 14.47,
            "book_valuer_per_share_4q_avg": 14.81,
            "equity": 156795375,
            "current_ratio": null,
            "debt_ratio": 92.79,
            "inventory_turnover_ratio": null,
            "account_receivable_turnover_ratio": null,
            "reinvestment_rate": 16.08,
            "research_to_sale_ratio": null,
            "price_fair": 39.06,
            "eps_avg_yearly": 1.58,
            "eps_latest_yearly": 1.52,
            "eps_growth_yearly": 14.72
        },
        "20184": {
            "year_quarter": 20184,
            "year": 2018,
            "quarter": 4,
            "eps": 0.34,
            "eps_growth_year": 10.14,
            "eps_4q": 1.58,
            "eps_4q_growth_year": 8.79,
            "roe": 2.35,
            "roe_4q": 11.06,
            "gross_profit": null,
            "gross_margin": null,
            "gross_margin_4q_avg": 0,
            "net_income": 3721751,
            "revenue": 12086614,
            "common_shares": 108289000,
            "book_valuer_per_share": 14.78,
            "book_valuer_per_share_4q_avg": 14.86,
            "equity": 160130100,
            "current_ratio": null,
            "debt_ratio": 93,
            "inventory_turnover_ratio": null,
            "account_receivable_turnover_ratio": null,
            "reinvestment_rate": 19.9,
            "research_to_sale_ratio": null,
            "price_fair": 45.79,
            "eps_avg_yearly": 1.59,
            "eps_latest_yearly": 1.36,
            "eps_growth_yearly": 18.8
        },
        "20191": {
            "year_quarter": 20191,
            "year": 2019,
            "quarter": 1,
            "eps": 0.48,
            "eps_growth_year": 2.13,
            "eps_4q": 1.61,
            "eps_4q_growth_year": 4.2,
            "roe": 3.19,
            "roe_4q": 11.1,
            "gross_profit": null,
            "gross_margin": null,
            "gross_margin_4q_avg": 0,
            "net_income": 5212824,
            "revenue": 13476735,
            "common_shares": 108289000,
            "book_valuer_per_share": 15.4,
            "book_valuer_per_share_4q_avg": 14.92,
            "equity": 166866860,
            "current_ratio": null,
            "debt_ratio": 92.96,
            "inventory_turnover_ratio": null,
            "account_receivable_turnover_ratio": null,
            "reinvestment_rate": 19.32,
            "research_to_sale_ratio": null,
            "price_fair": 42.48,
            "eps_avg_yearly": 1.6,
            "eps_latest_yearly": 1.92,
            "eps_growth_yearly": 16.59
        },
        "20192": {
            "year_quarter": 20192,
            "year": 2019,
            "quarter": 2,
            "eps": 0.44,
            "eps_growth_year": 7.32,
            "eps_4q": 1.56,
            "eps_4q_growth_year": 2.27,
            "roe": 3.06,
            "roe_4q": 11.25,
            "gross_profit": null,
            "gross_margin": null,
            "gross_margin_4q_avg": 0,
            "net_income": 5066007,
            "revenue": 13237889,
            "common_shares": 108289000,
            "book_valuer_per_share": 15.17,
            "book_valuer_per_share_4q_avg": 14.96,
            "equity": 164441530,
            "current_ratio": null,
            "debt_ratio": 93.11,
            "inventory_turnover_ratio": null,
            "account_receivable_turnover_ratio": null,
            "reinvestment_rate": 13,
            "research_to_sale_ratio": null,
            "price_fair": 40.04,
            "eps_avg_yearly": 1.6,
            "eps_latest_yearly": 1.76,
            "eps_growth_yearly": 15.06
        },
        "20193": {
            "year_quarter": 20193,
            "year": 2019,
            "quarter": 3,
            "eps": 0.48,
            "eps_growth_year": 26.32,
            "eps_4q": 1.68,
            "eps_4q_growth_year": 10.12,
            "roe": 3.32,
            "roe_4q": 11.92,
            "gross_profit": null,
            "gross_margin": null,
            "gross_margin_4q_avg": 0,
            "net_income": 5540434,
            "revenue": 14074805,
            "common_shares": 116195000,
            "book_valuer_per_share": 14.54,
            "book_valuer_per_share_4q_avg": 14.97,
            "equity": 169124066,
            "current_ratio": null,
            "debt_ratio": 93.08,
            "inventory_turnover_ratio": null,
            "account_receivable_turnover_ratio": null,
            "reinvestment_rate": 11.02,
            "research_to_sale_ratio": null,
            "price_fair": 41.01,
            "eps_avg_yearly": 1.6,
            "eps_latest_yearly": 1.92,
            "eps_growth_yearly": 15.63
        },
        "20194": {
            "year_quarter": 20194,
            "year": 2019,
            "quarter": 4,
            "eps": 0.37,
            "eps_growth_year": 7.71,
            "eps_4q": 1.73,
            "eps_4q_growth_year": 9.78,
            "roe": 2.51,
            "roe_4q": 12.08,
            "gross_profit": null,
            "gross_margin": null,
            "gross_margin_4q_avg": 0,
            "net_income": 4301245,
            "revenue": 13733189,
            "common_shares": 116195000,
            "book_valuer_per_share": 14.89,
            "book_valuer_per_share_4q_avg": 15,
            "equity": 173181100,
            "current_ratio": null,
            "debt_ratio": 93.07,
            "inventory_turnover_ratio": null,
            "account_receivable_turnover_ratio": null,
            "reinvestment_rate": 10.08,
            "research_to_sale_ratio": null,
            "price_fair": 46.82,
            "eps_avg_yearly": 1.62,
            "eps_latest_yearly": 1.48,
            "eps_growth_yearly": 18.94
        },
        "20201": {
            "year_quarter": 20201,
            "year": 2020,
            "quarter": 1,
            "eps": 0.39,
            "eps_growth_year": -18.75,
            "eps_4q": 1.67,
            "eps_4q_growth_year": 3.49,
            "roe": 2.6,
            "roe_4q": 11.49,
            "gross_profit": null,
            "gross_margin": null,
            "gross_margin_4q_avg": 0,
            "net_income": 4542689,
            "revenue": 13963486,
            "common_shares": 116195000,
            "book_valuer_per_share": 15.21,
            "book_valuer_per_share_4q_avg": 14.95,
            "equity": 176818022,
            "current_ratio": null,
            "debt_ratio": 93.2,
            "inventory_turnover_ratio": null,
            "account_receivable_turnover_ratio": null,
            "reinvestment_rate": 9.66,
            "research_to_sale_ratio": null,
            "price_fair": 25.77,
            "eps_avg_yearly": 1.6,
            "eps_latest_yearly": 1.56,
            "eps_growth_yearly": 6.13
        },
        "20202": {
            "year_quarter": 20202,
            "year": 2020,
            "quarter": 2,
            "eps": 0.41,
            "eps_growth_year": -6.82,
            "eps_4q": 1.55,
            "eps_4q_growth_year": -0.23,
            "roe": 2.94,
            "roe_4q": 11.370000000000001,
            "gross_profit": null,
            "gross_margin": null,
            "gross_margin_4q_avg": 0,
            "net_income": 5152203,
            "revenue": 14979606,
            "common_shares": 116195000,
            "book_valuer_per_share": 14.91,
            "book_valuer_per_share_4q_avg": 14.89,
            "equity": 173316040,
            "current_ratio": null,
            "debt_ratio": 93.58,
            "inventory_turnover_ratio": null,
            "account_receivable_turnover_ratio": null,
            "reinvestment_rate": 8.71,
            "research_to_sale_ratio": null,
            "price_fair": 33.81,
            "eps_avg_yearly": 1.6,
            "eps_latest_yearly": 1.64,
            "eps_growth_yearly": 11.13
        },
        "20203": {
            "year_quarter": 20203,
            "year": 2020,
            "quarter": 3,
            "eps": 0.34,
            "eps_growth_year": -29.17,
            "eps_4q": 1.45,
            "eps_4q_growth_year": -13.61,
            "roe": 2.43,
            "roe_4q": 10.48,
            "gross_profit": null,
            "gross_margin": null,
            "gross_margin_4q_avg": 0,
            "net_income": 4263258,
            "revenue": 13636798,
            "common_shares": 125671000,
            "book_valuer_per_share": 14.07,
            "book_valuer_per_share_4q_avg": 14.77,
            "equity": 176985663,
            "current_ratio": null,
            "debt_ratio": 93.64,
            "inventory_turnover_ratio": null,
            "account_receivable_turnover_ratio": null,
            "reinvestment_rate": 8.36,
            "research_to_sale_ratio": null,
            "price_fair": 26.73,
            "eps_avg_yearly": 1.59,
            "eps_latest_yearly": 1.36,
            "eps_growth_yearly": 6.87
        },
        "20204": {
            "year_quarter": 20204,
            "year": 2020,
            "quarter": 4,
            "eps": 0.32,
            "eps_growth_year": -12.23,
            "eps_4q": 1.43,
            "eps_4q_growth_year": -17.1,
            "roe": 2.28,
            "roe_4q": 10.25,
            "gross_profit": null,
            "gross_margin": null,
            "gross_margin_4q_avg": 0,
            "net_income": 4089706,
            "revenue": 13669154,
            "common_shares": 125671000,
            "book_valuer_per_share": 14.44,
            "book_valuer_per_share_4q_avg": 14.66,
            "equity": 181600577,
            "current_ratio": null,
            "debt_ratio": 93.89,
            "inventory_turnover_ratio": null,
            "account_receivable_turnover_ratio": null,
            "reinvestment_rate": 9.79,
            "research_to_sale_ratio": null,
            "price_fair": 36.52,
            "eps_avg_yearly": 1.6,
            "eps_latest_yearly": 1.28,
            "eps_growth_yearly": 12.9
        },
        "20211": {
            "year_quarter": 20211,
            "year": 2021,
            "quarter": 1,
            "eps": 0.41,
            "eps_growth_year": 5.13,
            "eps_4q": 1.48,
            "eps_4q_growth_year": -11.06,
            "roe": 2.82,
            "roe_4q": 10.469999999999999,
            "gross_profit": null,
            "gross_margin": null,
            "gross_margin_4q_avg": 0,
            "net_income": 5206761,
            "revenue": 13697579,
            "common_shares": 125671000,
            "book_valuer_per_share": 14.91,
            "book_valuer_per_share_4q_avg": 14.58,
            "equity": 187525301,
            "current_ratio": null,
            "debt_ratio": 93.6,
            "inventory_turnover_ratio": null,
            "account_receivable_turnover_ratio": null,
            "reinvestment_rate": 12.89,
            "research_to_sale_ratio": null,
            "price_fair": 26.29,
            "eps_avg_yearly": 1.59,
            "eps_latest_yearly": 1.64,
            "eps_growth_yearly": 6.53
        },
        "20212": {
            "year_quarter": 20212,
            "year": 2021,
            "quarter": 2,
            "eps": 0.4,
            "eps_growth_year": -2.44,
            "eps_4q": 1.48,
            "eps_4q_growth_year": -4.96,
            "roe": 2.66,
            "roe_4q": 10.19,
            "gross_profit": null,
            "gross_margin": null,
            "gross_margin_4q_avg": 0,
            "net_income": 5048821,
            "revenue": 14342992,
            "common_shares": 125671000,
            "book_valuer_per_share": 15.32,
            "book_valuer_per_share_4q_avg": 14.69,
            "equity": 192725247,
            "current_ratio": null,
            "debt_ratio": 93.58,
            "inventory_turnover_ratio": null,
            "account_receivable_turnover_ratio": null,
            "reinvestment_rate": 8.13,
            "research_to_sale_ratio": null,
            "price_fair": 27.12,
            "eps_avg_yearly": 1.59,
            "eps_latest_yearly": 1.6,
            "eps_growth_yearly": 7.09
        },
        "20213": {
            "year_quarter": 20213,
            "year": 2021,
            "quarter": 3,
            "eps": 0.42,
            "eps_growth_year": 23.53,
            "eps_4q": 1.49,
            "eps_4q_growth_year": 2.98,
            "roe": 2.95,
            "roe_4q": 10.709999999999999,
            "gross_profit": null,
            "gross_margin": null,
            "gross_margin_4q_avg": 0,
            "net_income": 5643692,
            "revenue": 15188332,
            "common_shares": 133546000,
            "book_valuer_per_share": 14.19,
            "book_valuer_per_share_4q_avg": 14.72,
            "equity": 189660849,
            "current_ratio": null,
            "debt_ratio": 93.79,
            "inventory_turnover_ratio": null,
            "account_receivable_turnover_ratio": null,
            "reinvestment_rate": 7.56,
            "research_to_sale_ratio": null,
            "price_fair": 30.17,
            "eps_avg_yearly": 1.59,
            "eps_latest_yearly": 1.68,
            "eps_growth_yearly": 8.95
        },
        "20214": {
            "year_quarter": 20214,
            "year": 2021,
            "quarter": 4,
            "eps": 0.35,
            "eps_growth_year": 7.8,
            "eps_4q": 1.54,
            "eps_4q_growth_year": 7.32,
            "roe": 2.44,
            "roe_4q": 10.870000000000001,
            "gross_profit": null,
            "gross_margin": null,
            "gross_margin_4q_avg": 0,
            "net_income": 4686229,
            "revenue": 14668537,
            "common_shares": 133546000,
            "book_valuer_per_share": 14.54,
            "book_valuer_per_share_4q_avg": 14.74,
            "equity": 194384642,
            "current_ratio": null,
            "debt_ratio": 93.98,
            "inventory_turnover_ratio": null,
            "account_receivable_turnover_ratio": null,
            "reinvestment_rate": 7.49,
            "research_to_sale_ratio": null,
            "price_fair": 32.7,
            "eps_avg_yearly": 1.6,
            "eps_latest_yearly": 1.4,
            "eps_growth_yearly": 10.4
        },
        "20221": {
            "year_quarter": 20221,
            "year": 2022,
            "quarter": 1,
            "eps": 0.32,
            "eps_growth_year": -21.95,
            "eps_4q": 1.47,
            "eps_4q_growth_year": -0.92,
            "roe": 2.21,
            "roe_4q": 10.260000000000002,
            "gross_profit": null,
            "gross_margin": null,
            "gross_margin_4q_avg": 0,
            "net_income": 4326806,
            "revenue": 13550987,
            "common_shares": 133546000,
            "book_valuer_per_share": 14.7,
            "book_valuer_per_share_4q_avg": 14.69,
            "equity": 196454080,
            "current_ratio": null,
            "debt_ratio": 94.03,
            "inventory_turnover_ratio": null,
            "account_receivable_turnover_ratio": null,
            "reinvestment_rate": 7.66,
            "research_to_sale_ratio": null,
            "price_fair": 4.7,
            "eps_avg_yearly": 1.57,
            "eps_latest_yearly": 1.28,
            "eps_growth_yearly": -4.64
        },
        "20222": {
            "year_quarter": 20222,
            "year": 2022,
            "quarter": 2,
            "eps": 0.19,
            "eps_growth_year": -52.5,
            "eps_4q": 1.22,
            "eps_4q_growth_year": -17.46,
            "roe": 1.46,
            "roe_4q": 9.059999999999999,
            "gross_profit": null,
            "gross_margin": null,
            "gross_margin_4q_avg": 0,
            "net_income": 2768239,
            "revenue": 12132772,
            "common_shares": 133546000,
            "book_valuer_per_share": 13.75,
            "book_valuer_per_share_4q_avg": 14.3,
            "equity": 183723215,
            "current_ratio": null,
            "debt_ratio": 94.5,
            "inventory_turnover_ratio": null,
            "account_receivable_turnover_ratio": null,
            "reinvestment_rate": 7.8,
            "research_to_sale_ratio": null,
            "price_fair": 4.53,
            "eps_avg_yearly": 1.51,
            "eps_latest_yearly": 0.76,
            "eps_growth_yearly": -11.61
        },
        "20223": {
            "year_quarter": 20223,
            "year": 2022,
            "quarter": 3,
            "eps": 0.32,
            "eps_growth_year": -23.81,
            "eps_4q": 1.14,
            "eps_4q_growth_year": -23.52,
            "roe": 2.47,
            "roe_4q": 8.58,
            "gross_profit": null,
            "gross_margin": null,
            "gross_margin_4q_avg": 0,
            "net_income": 4565288,
            "revenue": 14348034,
            "common_shares": 142751000,
            "book_valuer_per_share": 12.99,
            "book_valuer_per_share_4q_avg": 14,
            "equity": 185577792,
            "current_ratio": null,
            "debt_ratio": 94.69,
            "inventory_turnover_ratio": null,
            "account_receivable_turnover_ratio": null,
            "reinvestment_rate": 6.83,
            "research_to_sale_ratio": null,
            "price_fair": 25.91,
            "eps_avg_yearly": 1.5,
            "eps_latest_yearly": 1.28,
            "eps_growth_yearly": 7.33
        },
        "20224": {
            "year_quarter": 20224,
            "year": 2022,
            "quarter": 4,
            "eps": 0.29,
            "eps_growth_year": -17.72,
            "eps_4q": 1.1,
            "eps_4q_growth_year": -28.29,
            "roe": 2.15,
            "roe_4q": 8.29,
            "gross_profit": null,
            "gross_margin": null,
            "gross_margin_4q_avg": 0,
            "net_income": 4121008,
            "revenue": 14774126,
            "common_shares": 142751000,
            "book_valuer_per_share": 13.8,
            "book_valuer_per_share_4q_avg": 13.81,
            "equity": 197090954,
            "current_ratio": null,
            "debt_ratio": 94.34,
            "inventory_turnover_ratio": null,
            "account_receivable_turnover_ratio": null,
            "reinvestment_rate": 2.83,
            "research_to_sale_ratio": null,
            "price_fair": 26.12,
            "eps_avg_yearly": 1.48,
            "eps_latest_yearly": 1.16,
            "eps_growth_yearly": 7.62
        },
        "20231": {
            "year_quarter": 20231,
            "year": 2023,
            "quarter": 1,
            "eps": 0.42,
            "eps_growth_year": 31.25,
            "eps_4q": 1.22,
            "eps_4q_growth_year": -16.9,
            "roe": 3.01,
            "roe_4q": 9.09,
            "gross_profit": null,
            "gross_margin": null,
            "gross_margin_4q_avg": 0,
            "net_income": 6046586,
            "revenue": 15800210,
            "common_shares": 142751000,
            "book_valuer_per_share": 14.34,
            "book_valuer_per_share_4q_avg": 13.72,
            "equity": 204883398,
            "current_ratio": null,
            "debt_ratio": 94.02,
            "inventory_turnover_ratio": null,
            "account_receivable_turnover_ratio": null,
            "reinvestment_rate": 2.45,
            "research_to_sale_ratio": null,
            "price_fair": 27.19,
            "eps_avg_yearly": 1.47,
            "eps_latest_yearly": 1.68,
            "eps_growth_yearly": 8.53
        }
    },
    "months": {
        "2002-01": {
            "month": "2002-01",
            "price": "13.34",
            "revenue": 86478
        },
        "2002-02": {
            "month": "2002-02",
            "price": "13.46",
            "revenue": 217499
        },
        "2002-03": {
            "month": "2002-03",
            "price": "12.90",
            "revenue": 296400
        },
        "2002-04": {
            "month": "2002-04",
            "price": "13.88",
            "revenue": 266812
        },
        "2002-05": {
            "month": "2002-05",
            "price": "13.58",
            "revenue": 223452
        },
        "2002-06": {
            "month": "2002-06",
            "price": "13.28",
            "revenue": 292711
        },
        "2002-07": {
            "month": "2002-07",
            "price": "12.77",
            "revenue": 218462
        },
        "2002-08": {
            "month": "2002-08",
            "price": "12.90",
            "revenue": 234659
        },
        "2002-09": {
            "month": "2002-09",
            "price": "12.09",
            "revenue": 226419
        },
        "2002-10": {
            "month": "2002-10",
            "price": "11.28",
            "revenue": 249514
        },
        "2002-11": {
            "month": "2002-11",
            "price": "11.75",
            "revenue": 303356
        },
        "2002-12": {
            "month": "2002-12",
            "price": "13.07",
            "revenue": -5479897
        },
        "2003-01": {
            "month": "2003-01",
            "price": "17.40",
            "revenue": 476831
        },
        "2003-02": {
            "month": "2003-02",
            "price": "16.58",
            "revenue": 439147
        },
        "2003-03": {
            "month": "2003-03",
            "price": "16.25",
            "revenue": 441931
        },
        "2003-04": {
            "month": "2003-04",
            "price": "15.83",
            "revenue": 451810
        },
        "2003-05": {
            "month": "2003-05",
            "price": "15.00",
            "revenue": 473106
        },
        "2003-06": {
            "month": "2003-06",
            "price": "16.14",
            "revenue": 416707
        },
        "2003-07": {
            "month": "2003-07",
            "price": "16.47",
            "revenue": 420691
        },
        "2003-08": {
            "month": "2003-08",
            "price": "16.54",
            "revenue": 451964
        },
        "2003-09": {
            "month": "2003-09",
            "price": "17.21",
            "revenue": 444326
        },
        "2003-10": {
            "month": "2003-10",
            "price": "19.03",
            "revenue": 454929
        },
        "2003-11": {
            "month": "2003-11",
            "price": "19.14",
            "revenue": 421406
        },
        "2003-12": {
            "month": "2003-12",
            "price": "20.46",
            "revenue": -298878
        },
        "2004-01": {
            "month": "2004-01",
            "price": "21.44",
            "revenue": 479260
        },
        "2004-02": {
            "month": "2004-02",
            "price": "22.64",
            "revenue": 506886
        },
        "2004-03": {
            "month": "2004-03",
            "price": "22.57",
            "revenue": 537805
        },
        "2004-04": {
            "month": "2004-04",
            "price": "22.75",
            "revenue": 520024
        },
        "2004-05": {
            "month": "2004-05",
            "price": "21.07",
            "revenue": 522654
        },
        "2004-06": {
            "month": "2004-06",
            "price": "19.96",
            "revenue": 476707
        },
        "2004-07": {
            "month": "2004-07",
            "price": "19.57",
            "revenue": 504600
        },
        "2004-08": {
            "month": "2004-08",
            "price": "19.60",
            "revenue": 505781
        },
        "2004-09": {
            "month": "2004-09",
            "price": "20.31",
            "revenue": 193498
        },
        "2004-10": {
            "month": "2004-10",
            "price": "23.08",
            "revenue": 0
        },
        "2004-11": {
            "month": "2004-11",
            "price": "24.01",
            "revenue": 403767
        },
        "2004-12": {
            "month": "2004-12",
            "price": "25.06",
            "revenue": 406334
        },
        "2005-01": {
            "month": "2005-01",
            "price": "25.43",
            "revenue": 483766
        },
        "2005-02": {
            "month": "2005-02",
            "price": "25.19",
            "revenue": 406940
        },
        "2005-03": {
            "month": "2005-03",
            "price": "25.26",
            "revenue": 511950
        },
        "2005-04": {
            "month": "2005-04",
            "price": "24.68",
            "revenue": 475479
        },
        "2005-05": {
            "month": "2005-05",
            "price": "24.88",
            "revenue": 469706
        },
        "2005-06": {
            "month": "2005-06",
            "price": "24.72",
            "revenue": 344013
        },
        "2005-07": {
            "month": "2005-07",
            "price": "25.62",
            "revenue": 308808
        },
        "2005-08": {
            "month": "2005-08",
            "price": "24.87",
            "revenue": 391806
        },
        "2005-09": {
            "month": "2005-09",
            "price": "22.18",
            "revenue": 399284
        },
        "2005-10": {
            "month": "2005-10",
            "price": "20.70",
            "revenue": 337543
        },
        "2005-11": {
            "month": "2005-11",
            "price": "20.90",
            "revenue": 334268
        },
        "2005-12": {
            "month": "2005-12",
            "price": "20.98",
            "revenue": 140260
        },
        "2006-01": {
            "month": "2006-01",
            "price": "20.91",
            "revenue": 406002
        },
        "2006-02": {
            "month": "2006-02",
            "price": "21.59",
            "revenue": 323169
        },
        "2006-03": {
            "month": "2006-03",
            "price": "21.06",
            "revenue": 338890
        },
        "2006-04": {
            "month": "2006-04",
            "price": "21.91",
            "revenue": 252991
        },
        "2006-05": {
            "month": "2006-05",
            "price": "22.15",
            "revenue": 209719
        },
        "2006-06": {
            "month": "2006-06",
            "price": "21.12",
            "revenue": -4294
        },
        "2006-07": {
            "month": "2006-07",
            "price": "20.69",
            "revenue": -2271910
        },
        "2006-08": {
            "month": "2006-08",
            "price": "19.30",
            "revenue": 350426
        },
        "2006-09": {
            "month": "2006-09",
            "price": "19.57",
            "revenue": 343947
        },
        "2006-10": {
            "month": "2006-10",
            "price": "20.74",
            "revenue": 264192
        },
        "2006-11": {
            "month": "2006-11",
            "price": "21.62",
            "revenue": 247034
        },
        "2006-12": {
            "month": "2006-12",
            "price": "22.11",
            "revenue": 133092
        },
        "2007-01": {
            "month": "2007-01",
            "price": "21.75",
            "revenue": 340873
        },
        "2007-02": {
            "month": "2007-02",
            "price": "21.77",
            "revenue": 281471
        },
        "2007-03": {
            "month": "2007-03",
            "price": "19.91",
            "revenue": 286146
        },
        "2007-04": {
            "month": "2007-04",
            "price": "19.64",
            "revenue": 275142
        },
        "2007-05": {
            "month": "2007-05",
            "price": "18.84",
            "revenue": 334874
        },
        "2007-06": {
            "month": "2007-06",
            "price": "18.36",
            "revenue": 354329
        },
        "2007-07": {
            "month": "2007-07",
            "price": "19.18",
            "revenue": 371046
        },
        "2007-08": {
            "month": "2007-08",
            "price": "17.48",
            "revenue": 229331
        },
        "2007-09": {
            "month": "2007-09",
            "price": "17.13",
            "revenue": 330323
        },
        "2007-10": {
            "month": "2007-10",
            "price": "17.92",
            "revenue": 259493
        },
        "2007-11": {
            "month": "2007-11",
            "price": "17.06",
            "revenue": 200622
        },
        "2007-12": {
            "month": "2007-12",
            "price": "16.82",
            "revenue": 4768
        },
        "2008-01": {
            "month": "2008-01",
            "price": "16.93",
            "revenue": 354699
        },
        "2008-02": {
            "month": "2008-02",
            "price": "17.09",
            "revenue": 299486
        },
        "2008-03": {
            "month": "2008-03",
            "price": "18.14",
            "revenue": 228993
        },
        "2008-04": {
            "month": "2008-04",
            "price": "18.64",
            "revenue": 271995
        },
        "2008-05": {
            "month": "2008-05",
            "price": "18.07",
            "revenue": 254141
        },
        "2008-06": {
            "month": "2008-06",
            "price": "16.72",
            "revenue": 73504
        },
        "2008-07": {
            "month": "2008-07",
            "price": "14.99",
            "revenue": 336425
        },
        "2008-08": {
            "month": "2008-08",
            "price": "12.25",
            "revenue": 304608
        },
        "2008-09": {
            "month": "2008-09",
            "price": "10.57",
            "revenue": 42191
        },
        "2008-10": {
            "month": "2008-10",
            "price": "7.73",
            "revenue": 170064
        },
        "2008-11": {
            "month": "2008-11",
            "price": "8.14",
            "revenue": 87576
        },
        "2008-12": {
            "month": "2008-12",
            "price": "8.97",
            "revenue": -1029414
        },
        "2009-01": {
            "month": "2009-01",
            "price": "8.11",
            "revenue": 1313577
        },
        "2009-02": {
            "month": "2009-02",
            "price": "7.83",
            "revenue": 1098550
        },
        "2009-03": {
            "month": "2009-03",
            "price": "7.94",
            "revenue": 902124
        },
        "2009-04": {
            "month": "2009-04",
            "price": "8.84",
            "revenue": 937988
        },
        "2009-05": {
            "month": "2009-05",
            "price": "10.38",
            "revenue": 916015
        },
        "2009-06": {
            "month": "2009-06",
            "price": "10.74",
            "revenue": 1098330
        },
        "2009-07": {
            "month": "2009-07",
            "price": "11.45",
            "revenue": 1246880
        },
        "2009-08": {
            "month": "2009-08",
            "price": "10.80",
            "revenue": 1001832
        },
        "2009-09": {
            "month": "2009-09",
            "price": "11.59",
            "revenue": 1041375
        },
        "2009-10": {
            "month": "2009-10",
            "price": "13.85",
            "revenue": 1233807
        },
        "2009-11": {
            "month": "2009-11",
            "price": "13.64",
            "revenue": 1251124
        },
        "2009-12": {
            "month": "2009-12",
            "price": "13.09",
            "revenue": 1389230
        },
        "2010-01": {
            "month": "2010-01",
            "price": "13.06",
            "revenue": 1359438
        },
        "2010-02": {
            "month": "2010-02",
            "price": "11.70",
            "revenue": 1273659
        },
        "2010-03": {
            "month": "2010-03",
            "price": "12.62",
            "revenue": 1640323
        },
        "2010-04": {
            "month": "2010-04",
            "price": "13.59",
            "revenue": 1451804
        },
        "2010-05": {
            "month": "2010-05",
            "price": "13.15",
            "revenue": 1504297
        },
        "2010-06": {
            "month": "2010-06",
            "price": "13.05",
            "revenue": 1434982
        },
        "2010-07": {
            "month": "2010-07",
            "price": "14.58",
            "revenue": 1511642
        },
        "2010-08": {
            "month": "2010-08",
            "price": "14.78",
            "revenue": 1444472
        },
        "2010-09": {
            "month": "2010-09",
            "price": "15.70",
            "revenue": 1402675
        },
        "2010-10": {
            "month": "2010-10",
            "price": "15.94",
            "revenue": 1510031
        },
        "2010-11": {
            "month": "2010-11",
            "price": "15.93",
            "revenue": 1542802
        },
        "2010-12": {
            "month": "2010-12",
            "price": "18.36",
            "revenue": 1362733
        },
        "2011-01": {
            "month": "2011-01",
            "price": "19.72",
            "revenue": 1595145
        },
        "2011-02": {
            "month": "2011-02",
            "price": "18.72",
            "revenue": 1540526
        },
        "2011-03": {
            "month": "2011-03",
            "price": "18.00",
            "revenue": 1708871
        },
        "2011-04": {
            "month": "2011-04",
            "price": "19.21",
            "revenue": 1723106
        },
        "2011-05": {
            "month": "2011-05",
            "price": "21.15",
            "revenue": 2044129
        },
        "2011-06": {
            "month": "2011-06",
            "price": "20.45",
            "revenue": 1597830
        },
        "2011-07": {
            "month": "2011-07",
            "price": "20.50",
            "revenue": 1718221
        },
        "2011-08": {
            "month": "2011-08",
            "price": "18.29",
            "revenue": 1816261
        },
        "2011-09": {
            "month": "2011-09",
            "price": "15.35",
            "revenue": 1562310
        },
        "2011-10": {
            "month": "2011-10",
            "price": "14.79",
            "revenue": 1673777
        },
        "2011-11": {
            "month": "2011-11",
            "price": "13.68",
            "revenue": 1582639
        },
        "2011-12": {
            "month": "2011-12",
            "price": "12.97",
            "revenue": 1602594
        },
        "2012-01": {
            "month": "2012-01",
            "price": "13.10",
            "revenue": 1791152
        },
        "2012-02": {
            "month": "2012-02",
            "price": "15.30",
            "revenue": 1874637
        },
        "2012-03": {
            "month": "2012-03",
            "price": "16.39",
            "revenue": 3196363
        },
        "2012-04": {
            "month": "2012-04",
            "price": "15.46",
            "revenue": 1818239
        },
        "2012-05": {
            "month": "2012-05",
            "price": "15.08",
            "revenue": 1893586
        },
        "2012-06": {
            "month": "2012-06",
            "price": "14.79",
            "revenue": 1881234
        },
        "2012-07": {
            "month": "2012-07",
            "price": "15.89",
            "revenue": 1918505
        },
        "2012-08": {
            "month": "2012-08",
            "price": "16.56",
            "revenue": 1899349
        },
        "2012-09": {
            "month": "2012-09",
            "price": "16.76",
            "revenue": 1946942
        },
        "2012-10": {
            "month": "2012-10",
            "price": "15.72",
            "revenue": 1977096
        },
        "2012-11": {
            "month": "2012-11",
            "price": "15.06",
            "revenue": 1850509
        },
        "2012-12": {
            "month": "2012-12",
            "price": "16.23",
            "revenue": 2020677
        },
        "2013-01": {
            "month": "2013-01",
            "price": "16.20",
            "revenue": 2434367
        },
        "2013-02": {
            "month": "2013-02",
            "price": "17.65",
            "revenue": 1980943
        },
        "2013-03": {
            "month": "2013-03",
            "price": "17.80",
            "revenue": 2192376
        },
        "2013-04": {
            "month": "2013-04",
            "price": "17.72",
            "revenue": 2171625
        },
        "2013-05": {
            "month": "2013-05",
            "price": "17.87",
            "revenue": 2252515
        },
        "2013-06": {
            "month": "2013-06",
            "price": "17.97",
            "revenue": 2100704
        },
        "2013-07": {
            "month": "2013-07",
            "price": "19.35",
            "revenue": 2240744
        },
        "2013-08": {
            "month": "2013-08",
            "price": "18.93",
            "revenue": 2300145
        },
        "2013-09": {
            "month": "2013-09",
            "price": "19.91",
            "revenue": 2120635
        },
        "2013-10": {
            "month": "2013-10",
            "price": "19.70",
            "revenue": 2205621
        },
        "2013-11": {
            "month": "2013-11",
            "price": "19.64",
            "revenue": 2285705
        },
        "2013-12": {
            "month": "2013-12",
            "price": "19.64",
            "revenue": 2242637
        },
        "2014-01": {
            "month": "2014-01",
            "price": "19.23",
            "revenue": 2889279
        },
        "2014-02": {
            "month": "2014-02",
            "price": "18.95",
            "revenue": 2311698
        },
        "2014-03": {
            "month": "2014-03",
            "price": "18.38",
            "revenue": 2707101
        },
        "2014-04": {
            "month": "2014-04",
            "price": "18.59",
            "revenue": 2591438
        },
        "2014-05": {
            "month": "2014-05",
            "price": "18.88",
            "revenue": 2557486
        },
        "2014-06": {
            "month": "2014-06",
            "price": "19.32",
            "revenue": 2741277
        },
        "2014-07": {
            "month": "2014-07",
            "price": "19.68",
            "revenue": 2783781
        },
        "2014-08": {
            "month": "2014-08",
            "price": "19.74",
            "revenue": 2722659
        },
        "2014-09": {
            "month": "2014-09",
            "price": "19.33",
            "revenue": 2969320
        },
        "2014-10": {
            "month": "2014-10",
            "price": "18.74",
            "revenue": 2723159
        },
        "2014-11": {
            "month": "2014-11",
            "price": "19.48",
            "revenue": 2603214
        },
        "2014-12": {
            "month": "2014-12",
            "price": "19.31",
            "revenue": 2891268
        },
        "2015-01": {
            "month": "2015-01",
            "price": "19.16",
            "revenue": 3486475
        },
        "2015-02": {
            "month": "2015-02",
            "price": "19.58",
            "revenue": 2683789
        },
        "2015-03": {
            "month": "2015-03",
            "price": "19.23",
            "revenue": 3080089
        },
        "2015-04": {
            "month": "2015-04",
            "price": "19.80",
            "revenue": 3255160
        },
        "2015-05": {
            "month": "2015-05",
            "price": "20.59",
            "revenue": 3269554
        },
        "2015-06": {
            "month": "2015-06",
            "price": "20.67",
            "revenue": 3249354
        },
        "2015-07": {
            "month": "2015-07",
            "price": "20.74",
            "revenue": 3476188
        },
        "2015-08": {
            "month": "2015-08",
            "price": "19.27",
            "revenue": 3346624
        },
        "2015-09": {
            "month": "2015-09",
            "price": "19.51",
            "revenue": 3488629
        },
        "2015-10": {
            "month": "2015-10",
            "price": "19.74",
            "revenue": 2969639
        },
        "2015-11": {
            "month": "2015-11",
            "price": "19.81",
            "revenue": 3106735
        },
        "2015-12": {
            "month": "2015-12",
            "price": "19.39",
            "revenue": 3085708
        },
        "2016-01": {
            "month": "2016-01",
            "price": "17.16",
            "revenue": 3556751
        },
        "2016-02": {
            "month": "2016-02",
            "price": "16.92",
            "revenue": 2682458
        },
        "2016-03": {
            "month": "2016-03",
            "price": "18.06",
            "revenue": 3320156
        },
        "2016-04": {
            "month": "2016-04",
            "price": "17.83",
            "revenue": 3194170
        },
        "2016-05": {
            "month": "2016-05",
            "price": "17.37",
            "revenue": 3512418
        },
        "2016-06": {
            "month": "2016-06",
            "price": "18.68",
            "revenue": 3299184
        },
        "2016-07": {
            "month": "2016-07",
            "price": "19.06",
            "revenue": 3619804
        },
        "2016-08": {
            "month": "2016-08",
            "price": "18.06",
            "revenue": 3700084
        },
        "2016-09": {
            "month": "2016-09",
            "price": "17.97",
            "revenue": 3469301
        },
        "2016-10": {
            "month": "2016-10",
            "price": "17.97",
            "revenue": 3089682
        },
        "2016-11": {
            "month": "2016-11",
            "price": "18.04",
            "revenue": 3546346
        },
        "2016-12": {
            "month": "2016-12",
            "price": "18.33",
            "revenue": 3900734
        },
        "2017-01": {
            "month": "2017-01",
            "price": "18.42",
            "revenue": 3287814
        },
        "2017-02": {
            "month": "2017-02",
            "price": "18.61",
            "revenue": 3170059
        },
        "2017-03": {
            "month": "2017-03",
            "price": "18.32",
            "revenue": 4039389
        },
        "2017-04": {
            "month": "2017-04",
            "price": "18.50",
            "revenue": 3631124
        },
        "2017-05": {
            "month": "2017-05",
            "price": "18.54",
            "revenue": 3791292
        },
        "2017-06": {
            "month": "2017-06",
            "price": "18.57",
            "revenue": 4110565
        },
        "2017-07": {
            "month": "2017-07",
            "price": "19.07",
            "revenue": 3974377
        },
        "2017-08": {
            "month": "2017-08",
            "price": "18.50",
            "revenue": 4162671
        },
        "2017-09": {
            "month": "2017-09",
            "price": "18.27",
            "revenue": 3986684
        },
        "2017-10": {
            "month": "2017-10",
            "price": "18.37",
            "revenue": 3708975
        },
        "2017-11": {
            "month": "2017-11",
            "price": "18.53",
            "revenue": 3850174
        },
        "2017-12": {
            "month": "2017-12",
            "price": "18.77",
            "revenue": 4083057
        },
        "2018-01": {
            "month": "2018-01",
            "price": "19.45",
            "revenue": 4663011
        },
        "2018-02": {
            "month": "2018-02",
            "price": "19.08",
            "revenue": 3527590
        },
        "2018-03": {
            "month": "2018-03",
            "price": "19.45",
            "revenue": 4244663
        },
        "2018-04": {
            "month": "2018-04",
            "price": "20.12",
            "revenue": 3968722
        },
        "2018-05": {
            "month": "2018-05",
            "price": "21.00",
            "revenue": 4247460
        },
        "2018-06": {
            "month": "2018-06",
            "price": "21.38",
            "revenue": 4176080
        },
        "2018-07": {
            "month": "2018-07",
            "price": "21.45",
            "revenue": 4524451
        },
        "2018-08": {
            "month": "2018-08",
            "price": "21.92",
            "revenue": 4520935
        },
        "2018-09": {
            "month": "2018-09",
            "price": "22.38",
            "revenue": 3297541
        },
        "2018-10": {
            "month": "2018-10",
            "price": "21.25",
            "revenue": 3839171
        },
        "2018-11": {
            "month": "2018-11",
            "price": "20.96",
            "revenue": 4076214
        },
        "2018-12": {
            "month": "2018-12",
            "price": "20.32",
            "revenue": 4093815
        },
        "2019-01": {
            "month": "2019-01",
            "price": "20.90",
            "revenue": 4992749
        },
        "2019-02": {
            "month": "2019-02",
            "price": "21.78",
            "revenue": 3918140
        },
        "2019-03": {
            "month": "2019-03",
            "price": "22.85",
            "revenue": 4559702
        },
        "2019-04": {
            "month": "2019-04",
            "price": "24.20",
            "revenue": 4335471
        },
        "2019-05": {
            "month": "2019-05",
            "price": "25.71",
            "revenue": 4447353
        },
        "2019-06": {
            "month": "2019-06",
            "price": "26.46",
            "revenue": 4451563
        },
        "2019-07": {
            "month": "2019-07",
            "price": "26.75",
            "revenue": 4918020
        },
        "2019-08": {
            "month": "2019-08",
            "price": "25.07",
            "revenue": 4838474
        },
        "2019-09": {
            "month": "2019-09",
            "price": "26.19",
            "revenue": 4347075
        },
        "2019-10": {
            "month": "2019-10",
            "price": "26.53",
            "revenue": 4599730
        },
        "2019-11": {
            "month": "2019-11",
            "price": "27.40",
            "revenue": 4568694
        },
        "2019-12": {
            "month": "2019-12",
            "price": "27.59",
            "revenue": 4590908
        },
        "2020-01": {
            "month": "2020-01",
            "price": "28.29",
            "revenue": 4921019
        },
        "2020-02": {
            "month": "2020-02",
            "price": "29.09",
            "revenue": 4549640
        },
        "2020-03": {
            "month": "2020-03",
            "price": "25.46",
            "revenue": 4497324
        },
        "2020-04": {
            "month": "2020-04",
            "price": "25.77",
            "revenue": 4962271
        },
        "2020-05": {
            "month": "2020-05",
            "price": "26.88",
            "revenue": 5074401
        },
        "2020-06": {
            "month": "2020-06",
            "price": "27.90",
            "revenue": 4936454
        },
        "2020-07": {
            "month": "2020-07",
            "price": "28.42",
            "revenue": 5076137
        },
        "2020-08": {
            "month": "2020-08",
            "price": "27.10",
            "revenue": 4484920
        },
        "2020-09": {
            "month": "2020-09",
            "price": "26.30",
            "revenue": 4106126
        },
        "2020-10": {
            "month": "2020-10",
            "price": "24.96",
            "revenue": 4215588
        },
        "2020-11": {
            "month": "2020-11",
            "price": "25.56",
            "revenue": 4903095
        },
        "2020-12": {
            "month": "2020-12",
            "price": "25.16",
            "revenue": 4519884
        },
        "2021-01": {
            "month": "2021-01",
            "price": "24.81",
            "revenue": 4660476
        },
        "2021-02": {
            "month": "2021-02",
            "price": "24.69",
            "revenue": 4152637
        },
        "2021-03": {
            "month": "2021-03",
            "price": "25.83",
            "revenue": 4878733
        },
        "2021-04": {
            "month": "2021-04",
            "price": "26.65",
            "revenue": 5041653
        },
        "2021-05": {
            "month": "2021-05",
            "price": "25.75",
            "revenue": 4560660
        },
        "2021-06": {
            "month": "2021-06",
            "price": "25.86",
            "revenue": 4728191
        },
        "2021-07": {
            "month": "2021-07",
            "price": "26.33",
            "revenue": 5588087
        },
        "2021-08": {
            "month": "2021-08",
            "price": "27.04",
            "revenue": 5084919
        },
        "2021-09": {
            "month": "2021-09",
            "price": "26.27",
            "revenue": 4548690
        },
        "2021-10": {
            "month": "2021-10",
            "price": "26.28",
            "revenue": 4128641
        },
        "2021-11": {
            "month": "2021-11",
            "price": "27.37",
            "revenue": 5260785
        },
        "2021-12": {
            "month": "2021-12",
            "price": "27.89",
            "revenue": 5240896
        },
        "2022-01": {
            "month": "2022-01",
            "price": "28.93",
            "revenue": 5036576
        },
        "2022-02": {
            "month": "2022-02",
            "price": "30.16",
            "revenue": 3835607
        },
        "2022-03": {
            "month": "2022-03",
            "price": "30.73",
            "revenue": 4682565
        },
        "2022-04": {
            "month": "2022-04",
            "price": "33.49",
            "revenue": 3959417
        },
        "2022-05": {
            "month": "2022-05",
            "price": "30.09",
            "revenue": 4989798
        },
        "2022-06": {
            "month": "2022-06",
            "price": "29.36",
            "revenue": 3178403
        },
        "2022-07": {
            "month": "2022-07",
            "price": "28.19",
            "revenue": 6085993
        },
        "2022-08": {
            "month": "2022-08",
            "price": "27.86",
            "revenue": 4793454
        },
        "2022-09": {
            "month": "2022-09",
            "price": "27.11",
            "revenue": 3476930
        },
        "2022-10": {
            "month": "2022-10",
            "price": "23.77",
            "revenue": 4416081
        },
        "2022-11": {
            "month": "2022-11",
            "price": "23.79",
            "revenue": 5177501
        },
        "2022-12": {
            "month": "2022-12",
            "price": "24.30",
            "revenue": 5167780
        },
        "2023-01": {
            "month": "2023-01",
            "price": "24.26",
            "revenue": 6272447
        },
        "2023-02": {
            "month": "2023-02",
            "price": "24.90",
            "revenue": 3613646
        },
        "2023-03": {
            "month": "2023-03",
            "price": "24.53",
            "revenue": 5919885
        },
        "2023-04": {
            "month": "2023-04",
            "price": "25.10",
            "revenue": 5443236
        },
        "2023-05": {
            "month": "2023-05",
            "price": "25.57",
            "revenue": 4847725
        }
    }
}
