{
    "summary": {
        "stock_name": "元大金",
        "stock_id": "2885",
        "category": "金融",
        "main_business": "金融控股公司業",
        "website_url": "http://www.yuanta.com",
        "ceo": "翁健",
        "pe_ratio": 13,
        "report_year_from": 2002,
        "report_year_to": 2023,
        "age": 22,
        "eps_negative_percentage": 0,
        "eps_growth_avg": {
            "last_all": 12.79,
            "last_2y": 3.72,
            "last_4y": 6.99,
            "last_8y": 4.98,
            "last_12y": 12.79,
            "last_16y": null,
            "last_20y": null,
            "at_2006_last_3y": null,
            "at_2007_last_3y": null,
            "at_2008_last_3y": null,
            "at_2009_last_3y": null,
            "at_2010_last_3y": null,
            "at_2011_last_3y": null,
            "at_2012_last_3y": null,
            "at_2013_last_3y": null,
            "at_2014_last_3y": 30.37,
            "at_2015_last_3y": 7.92,
            "at_2016_last_3y": 25.9,
            "at_2017_last_3y": 23.46,
            "at_2018_last_3y": 2.47,
            "at_2019_last_3y": 14.1,
            "at_2020_last_3y": 14.48,
            "at_2021_last_3y": 21.01,
            "at_2022_last_3y": 7.15,
            "at_2023_last_3y": 6.06,
            "at_2024_last_3y": 6.06,
            "at_2006_last_all": null,
            "at_2007_last_all": null,
            "at_2008_last_all": null,
            "at_2009_last_all": null,
            "at_2010_last_all": null,
            "at_2011_last_all": null,
            "at_2012_last_all": -3.19,
            "at_2013_last_all": 7.16,
            "at_2014_last_all": 30.37,
            "at_2015_last_all": 17.14,
            "at_2016_last_all": 16.2,
            "at_2017_last_all": 16.47,
            "at_2018_last_all": 16.42,
            "at_2019_last_all": 15.79,
            "at_2020_last_all": 15.51,
            "at_2021_last_all": 18.12,
            "at_2022_last_all": 13.33,
            "at_2023_last_all": 12.79,
            "at_2024_last_all": 12.79
        },
        "latest_eps": 2,
        "latest_price": 26.85,
        "latest_roe": 9.54,
        "latest_gross_margin": null,
        "latest_equity": 299285596,
        "latest_revenue": 27689863,
        "latest_gross_profit": null,
        "latest_net_income": 9149188,
        "latest_debt_ratio": 90.61,
        "latest_current_ratio": null,
        "latest_account_receivable_turnover_ratio": null,
        "latest_inventory_turnover_ratio": null,
        "latest_reinvestment_rate": 5.2,
        "latest_research_to_sale_ratio": null
    },
    "eps_dividends": {
        "2001": {
            "cash": 0,
            "stock": 0,
            "eps": 0
        },
        "2002": {
            "cash": 0,
            "stock": 0,
            "eps": 0
        },
        "2003": {
            "cash": 0.45,
            "stock": 0.25,
            "eps": 0
        },
        "2004": {
            "cash": 0.4,
            "stock": 0.4,
            "eps": 0
        },
        "2005": {
            "cash": 0.51,
            "stock": 0.51,
            "eps": 0
        },
        "2006": {
            "cash": 0,
            "stock": 0,
            "eps": 0
        },
        "2007": {
            "cash": 0,
            "stock": 0,
            "eps": 0
        },
        "2008": {
            "cash": 0.65,
            "stock": 0,
            "eps": 0
        },
        "2009": {
            "cash": 0.18,
            "stock": 0,
            "eps": 0
        },
        "2010": {
            "cash": 0.9,
            "stock": 0,
            "eps": 1
        },
        "2011": {
            "cash": 0.2,
            "stock": 0.92,
            "eps": 1.54
        },
        "2012": {
            "cash": 0,
            "stock": 0,
            "eps": 0.61
        },
        "2013": {
            "cash": 0.55,
            "stock": 0,
            "eps": 0.78
        },
        "2014": {
            "cash": 0.65,
            "stock": 0.25,
            "eps": 1.62
        },
        "2015": {
            "cash": 0.62,
            "stock": 0.26,
            "eps": 1.04
        },
        "2016": {
            "cash": 0.36,
            "stock": 0,
            "eps": 1.16
        },
        "2017": {
            "cash": 0.45,
            "stock": 0,
            "eps": 1.37
        },
        "2018": {
            "cash": 0.55,
            "stock": 0,
            "eps": 1.59
        },
        "2019": {
            "cash": 0.9,
            "stock": 0,
            "eps": 1.76
        },
        "2020": {
            "cash": 0.65,
            "stock": 0.4,
            "eps": 1.99
        },
        "2021": {
            "cash": 1.2,
            "stock": 0,
            "eps": 2.87
        },
        "2022": {
            "cash": 1.5,
            "stock": 0.3,
            "eps": 1.74
        },
        "2023": {
            "cash": 0.8,
            "stock": 0.15,
            "eps": 1.85
        }
    },
    "dividends": {
        "2003-03-18": {
            "cash": 0.45,
            "stock": 0.25
        },
        "2004-02-24": {
            "cash": 0.4,
            "stock": 0.4
        },
        "2005-03-22": {
            "cash": 0.51,
            "stock": 0.51
        },
        "2008-03-25": {
            "cash": 0.65,
            "stock": 0
        },
        "2009-03-31": {
            "cash": 0.18,
            "stock": 0
        },
        "2010-03-30": {
            "cash": 0.9,
            "stock": 0
        },
        "2011-01-01": {
            "cash": 0.2,
            "stock": 0
        },
        "2011-04-26": {
            "cash": 0,
            "stock": 0.92
        },
        "2013-03-26": {
            "cash": 0.55,
            "stock": 0
        },
        "2014-05-27": {
            "cash": 0.65,
            "stock": 0.25
        },
        "2015-08-05": {
            "cash": 0.62,
            "stock": 0.26
        },
        "2016-08-10": {
            "cash": 0.36,
            "stock": 0
        },
        "2017-08-09": {
            "cash": 0.45,
            "stock": 0
        },
        "2018-07-27": {
            "cash": 0.55,
            "stock": 0
        },
        "2019-07-26": {
            "cash": 0.9,
            "stock": 0
        },
        "2020-07-22": {
            "cash": 0.65,
            "stock": 0.4
        },
        "2021-07-21": {
            "cash": 1.2,
            "stock": 0
        },
        "2022-07-22": {
            "cash": 1.5,
            "stock": 0.3
        },
        "2023-07-26": {
            "cash": 0.8,
            "stock": 0.15
        }
    },
    "prices": {
        "200101": "無",
        "200102": "無",
        "200103": "無",
        "200104": "無",
        "200105": "無",
        "200106": "無",
        "200107": "無",
        "200108": "無",
        "200109": "無",
        "200110": "無",
        "200111": "無",
        "200112": "無",
        "200201": "無",
        "200202": "11.56",
        "200203": "11.43",
        "200204": "12.35",
        "200205": "11.23",
        "200206": "10.86",
        "200207": "10.34",
        "200208": "9.59",
        "200209": "9.33",
        "200210": "9.21",
        "200211": "9.48",
        "200212": "9.54",
        "200301": "10.99",
        "200302": "10.76",
        "200303": "10.15",
        "200304": "10.08",
        "200305": "9.27",
        "200306": "10.23",
        "200307": "10.90",
        "200308": "10.15",
        "200309": "10.44",
        "200310": "10.99",
        "200311": "10.62",
        "200312": "10.69",
        "200401": "12.16",
        "200402": "14.99",
        "200403": "16.64",
        "200404": "15.61",
        "200405": "14.01",
        "200406": "13.95",
        "200407": "13.32",
        "200408": "13.34",
        "200409": "14.10",
        "200410": "14.56",
        "200411": "15.49",
        "200412": "16.74",
        "200501": "17.30",
        "200502": "17.51",
        "200503": "17.61",
        "200504": "15.71",
        "200505": "15.14",
        "200506": "16.30",
        "200507": "15.79",
        "200508": "14.65",
        "200509": "12.38",
        "200510": "12.48",
        "200511": "12.98",
        "200512": "13.07",
        "200601": "13.05",
        "200602": "12.50",
        "200603": "11.33",
        "200604": "12.47",
        "200605": "15.35",
        "200606": "13.87",
        "200607": "14.01",
        "200608": "13.98",
        "200609": "13.85",
        "200610": "14.42",
        "200611": "14.74",
        "200612": "16.27",
        "200701": "16.29",
        "200702": "15.70",
        "200703": "15.00",
        "200704": "15.02",
        "200705": "15.11",
        "200706": "17.54",
        "200707": "21.56",
        "200708": "18.75",
        "200709": "19.49",
        "200710": "23.12",
        "200711": "21.79",
        "200712": "20.72",
        "200801": "23.56",
        "200802": "26.18",
        "200803": "27.22",
        "200804": "29.38",
        "200805": "28.13",
        "200806": "24.54",
        "200807": "19.10",
        "200808": "18.00",
        "200809": "16.75",
        "200810": "14.77",
        "200811": "12.55",
        "200812": "13.73",
        "200901": "13.07",
        "200902": "12.36",
        "200903": "14.53",
        "200904": "17.85",
        "200905": "23.57",
        "200906": "22.07",
        "200907": "23.23",
        "200908": "21.66",
        "200909": "23.36",
        "200910": "23.93",
        "200911": "22.65",
        "200912": "22.06",
        "201001": "22.21",
        "201002": "19.21",
        "201003": "19.48",
        "201004": "19.45",
        "201005": "17.65",
        "201006": "17.21",
        "201007": "17.92",
        "201008": "18.91",
        "201009": "18.92",
        "201010": "19.21",
        "201011": "19.37",
        "201012": "20.75",
        "201101": "22.74",
        "201102": "21.24",
        "201103": "20.27",
        "201104": "20.33",
        "201105": "19.75",
        "201106": "19.59",
        "201107": "20.43",
        "201108": "18.29",
        "201109": "15.68",
        "201110": "15.68",
        "201111": "15.82",
        "201112": "15.27",
        "201201": "15.57",
        "201202": "17.14",
        "201203": "16.50",
        "201204": "14.34",
        "201205": "13.18",
        "201206": "13.18",
        "201207": "13.70",
        "201208": "14.25",
        "201209": "14.72",
        "201210": "14.23",
        "201211": "13.74",
        "201212": "14.90",
        "201301": "15.22",
        "201302": "15.92",
        "201303": "15.27",
        "201304": "14.62",
        "201305": "15.86",
        "201306": "15.52",
        "201307": "15.81",
        "201308": "14.96",
        "201309": "15.36",
        "201310": "15.87",
        "201311": "15.58",
        "201312": "16.58",
        "201401": "17.31",
        "201402": "16.43",
        "201403": "15.32",
        "201404": "15.38",
        "201405": "15.26",
        "201406": "16.18",
        "201407": "16.44",
        "201408": "16.17",
        "201409": "15.75",
        "201410": "14.88",
        "201411": "15.08",
        "201412": "15.24",
        "201501": "15.30",
        "201502": "15.54",
        "201503": "15.69",
        "201504": "16.34",
        "201505": "17.54",
        "201506": "17.00",
        "201507": "15.69",
        "201508": "13.65",
        "201509": "12.93",
        "201510": "12.81",
        "201511": "12.98",
        "201512": "12.16",
        "201601": "10.60",
        "201602": "10.74",
        "201603": "11.63",
        "201604": "10.84",
        "201605": "10.36",
        "201606": "10.46",
        "201607": "10.99",
        "201608": "11.55",
        "201609": "11.24",
        "201610": "11.44",
        "201611": "11.59",
        "201612": "11.79",
        "201701": "12.22",
        "201702": "12.83",
        "201703": "13.00",
        "201704": "12.84",
        "201705": "13.01",
        "201706": "13.12",
        "201707": "13.29",
        "201708": "12.95",
        "201709": "13.16",
        "201710": "13.28",
        "201711": "13.59",
        "201712": "13.75",
        "201801": "14.11",
        "201802": "13.27",
        "201803": "13.32",
        "201804": "13.80",
        "201805": "14.32",
        "201806": "14.11",
        "201807": "13.46",
        "201808": "15.10",
        "201809": "15.44",
        "201810": "15.16",
        "201811": "15.48",
        "201812": "15.27",
        "201901": "16.12",
        "201902": "17.15",
        "201903": "17.56",
        "201904": "17.76",
        "201905": "17.55",
        "201906": "18.31",
        "201907": "17.80",
        "201908": "17.70",
        "201909": "18.76",
        "201910": "18.70",
        "201911": "19.81",
        "201912": "20.09",
        "202001": "20.12",
        "202002": "20.06",
        "202003": "16.85",
        "202004": "16.28",
        "202005": "16.40",
        "202006": "17.87",
        "202007": "18.10",
        "202008": "18.62",
        "202009": "18.05",
        "202010": "17.97",
        "202011": "18.78",
        "202012": "19.67",
        "202101": "20.89",
        "202102": "21.18",
        "202103": "21.83",
        "202104": "24.54",
        "202105": "25.02",
        "202106": "25.75",
        "202107": "25.88",
        "202108": "24.70",
        "202109": "24.70",
        "202110": "24.60",
        "202111": "24.62",
        "202112": "24.89",
        "202201": "25.59",
        "202202": "25.41",
        "202203": "25.46",
        "202204": "26.49",
        "202205": "24.20",
        "202206": "22.84",
        "202207": "19.60",
        "202208": "20.53",
        "202209": "20.18",
        "202210": "19.38",
        "202211": "21.16",
        "202212": "22.16",
        "202301": "22.37",
        "202302": "22.76",
        "202303": "22.28",
        "202304": "22.47",
        "202305": "23.18",
        "202306": "24.18",
        "202307": "23.76",
        "202308": "24.45",
        "202309": "24.96",
        "202310": "24.83",
        "202311": "25.32",
        "202312": "26.74"
    },
    "quarters": {
        "20011": {
            "year_quarter": 20011,
            "year": 2001,
            "quarter": 1,
            "eps": null,
            "eps_growth_year": null,
            "eps_4q": null,
            "eps_4q_growth_year": null,
            "roe": null,
            "roe_4q": 0,
            "gross_profit": null,
            "gross_margin": null,
            "gross_margin_4q_avg": 0,
            "net_income": null,
            "net_income_4q": null,
            "revenue": null,
            "revenue_4q": null,
            "common_shares": null,
            "book_valuer_per_share": null,
            "book_valuer_per_share_4q_avg": 0,
            "equity": null,
            "current_ratio": null,
            "debt_ratio": null,
            "inventory_turnover_ratio": null,
            "account_receivable_turnover_ratio": null,
            "reinvestment_rate": null,
            "research_to_sale_ratio": null,
            "price_fair": 0,
            "eps_avg_yearly": 0,
            "eps_latest_yearly": 0,
            "eps_growth_yearly": 0
        },
        "20012": {
            "year_quarter": 20012,
            "year": 2001,
            "quarter": 2,
            "eps": null,
            "eps_growth_year": null,
            "eps_4q": null,
            "eps_4q_growth_year": null,
            "roe": null,
            "roe_4q": 0,
            "gross_profit": null,
            "gross_margin": null,
            "gross_margin_4q_avg": 0,
            "net_income": null,
            "net_income_4q": null,
            "revenue": null,
            "revenue_4q": null,
            "common_shares": null,
            "book_valuer_per_share": null,
            "book_valuer_per_share_4q_avg": 0,
            "equity": null,
            "current_ratio": null,
            "debt_ratio": null,
            "inventory_turnover_ratio": null,
            "account_receivable_turnover_ratio": null,
            "reinvestment_rate": null,
            "research_to_sale_ratio": null,
            "price_fair": 0,
            "eps_avg_yearly": 0,
            "eps_latest_yearly": 0,
            "eps_growth_yearly": 0
        },
        "20013": {
            "year_quarter": 20013,
            "year": 2001,
            "quarter": 3,
            "eps": null,
            "eps_growth_year": null,
            "eps_4q": null,
            "eps_4q_growth_year": null,
            "roe": null,
            "roe_4q": 0,
            "gross_profit": null,
            "gross_margin": null,
            "gross_margin_4q_avg": 0,
            "net_income": null,
            "net_income_4q": null,
            "revenue": null,
            "revenue_4q": null,
            "common_shares": null,
            "book_valuer_per_share": null,
            "book_valuer_per_share_4q_avg": 0,
            "equity": null,
            "current_ratio": null,
            "debt_ratio": null,
            "inventory_turnover_ratio": null,
            "account_receivable_turnover_ratio": null,
            "reinvestment_rate": null,
            "research_to_sale_ratio": null,
            "price_fair": 0,
            "eps_avg_yearly": 0,
            "eps_latest_yearly": 0,
            "eps_growth_yearly": 0
        },
        "20014": {
            "year_quarter": 20014,
            "year": 2001,
            "quarter": 4,
            "eps": null,
            "eps_growth_year": null,
            "eps_4q": null,
            "eps_4q_growth_year": null,
            "roe": null,
            "roe_4q": 0,
            "gross_profit": null,
            "gross_margin": null,
            "gross_margin_4q_avg": 0,
            "net_income": null,
            "net_income_4q": null,
            "revenue": null,
            "revenue_4q": null,
            "common_shares": null,
            "book_valuer_per_share": null,
            "book_valuer_per_share_4q_avg": 0,
            "equity": null,
            "current_ratio": null,
            "debt_ratio": null,
            "inventory_turnover_ratio": null,
            "account_receivable_turnover_ratio": null,
            "reinvestment_rate": null,
            "research_to_sale_ratio": null,
            "price_fair": 0,
            "eps_avg_yearly": 0,
            "eps_latest_yearly": 0,
            "eps_growth_yearly": 0
        },
        "20021": {
            "year_quarter": 20021,
            "year": 2002,
            "quarter": 1,
            "eps": null,
            "eps_growth_year": null,
            "eps_4q": null,
            "eps_4q_growth_year": null,
            "roe": null,
            "roe_4q": 0,
            "gross_profit": null,
            "gross_margin": null,
            "gross_margin_4q_avg": 0,
            "net_income": null,
            "net_income_4q": null,
            "revenue": null,
            "revenue_4q": null,
            "common_shares": null,
            "book_valuer_per_share": null,
            "book_valuer_per_share_4q_avg": 0,
            "equity": null,
            "current_ratio": null,
            "debt_ratio": null,
            "inventory_turnover_ratio": null,
            "account_receivable_turnover_ratio": null,
            "reinvestment_rate": null,
            "research_to_sale_ratio": null,
            "price_fair": 0,
            "eps_avg_yearly": 0,
            "eps_latest_yearly": 0,
            "eps_growth_yearly": 0
        },
        "20022": {
            "year_quarter": 20022,
            "year": 2002,
            "quarter": 2,
            "eps": null,
            "eps_growth_year": null,
            "eps_4q": null,
            "eps_4q_growth_year": null,
            "roe": null,
            "roe_4q": 0,
            "gross_profit": null,
            "gross_margin": null,
            "gross_margin_4q_avg": 0,
            "net_income": null,
            "net_income_4q": null,
            "revenue": null,
            "revenue_4q": null,
            "common_shares": null,
            "book_valuer_per_share": null,
            "book_valuer_per_share_4q_avg": 0,
            "equity": null,
            "current_ratio": null,
            "debt_ratio": null,
            "inventory_turnover_ratio": null,
            "account_receivable_turnover_ratio": null,
            "reinvestment_rate": null,
            "research_to_sale_ratio": null,
            "price_fair": 0,
            "eps_avg_yearly": 0,
            "eps_latest_yearly": 0,
            "eps_growth_yearly": 0
        },
        "20023": {
            "year_quarter": 20023,
            "year": 2002,
            "quarter": 3,
            "eps": null,
            "eps_growth_year": null,
            "eps_4q": null,
            "eps_4q_growth_year": null,
            "roe": null,
            "roe_4q": 0,
            "gross_profit": null,
            "gross_margin": null,
            "gross_margin_4q_avg": 0,
            "net_income": null,
            "net_income_4q": null,
            "revenue": null,
            "revenue_4q": null,
            "common_shares": null,
            "book_valuer_per_share": null,
            "book_valuer_per_share_4q_avg": 0,
            "equity": null,
            "current_ratio": null,
            "debt_ratio": null,
            "inventory_turnover_ratio": null,
            "account_receivable_turnover_ratio": null,
            "reinvestment_rate": null,
            "research_to_sale_ratio": null,
            "price_fair": 0,
            "eps_avg_yearly": 0,
            "eps_latest_yearly": 0,
            "eps_growth_yearly": 0
        },
        "20024": {
            "year_quarter": 20024,
            "year": 2002,
            "quarter": 4,
            "eps": null,
            "eps_growth_year": null,
            "eps_4q": null,
            "eps_4q_growth_year": null,
            "roe": null,
            "roe_4q": 0,
            "gross_profit": null,
            "gross_margin": null,
            "gross_margin_4q_avg": 0,
            "net_income": null,
            "net_income_4q": null,
            "revenue": null,
            "revenue_4q": null,
            "common_shares": null,
            "book_valuer_per_share": null,
            "book_valuer_per_share_4q_avg": 0,
            "equity": null,
            "current_ratio": null,
            "debt_ratio": null,
            "inventory_turnover_ratio": null,
            "account_receivable_turnover_ratio": null,
            "reinvestment_rate": null,
            "research_to_sale_ratio": null,
            "price_fair": 0,
            "eps_avg_yearly": 0,
            "eps_latest_yearly": 0,
            "eps_growth_yearly": 0
        },
        "20031": {
            "year_quarter": 20031,
            "year": 2003,
            "quarter": 1,
            "eps": null,
            "eps_growth_year": null,
            "eps_4q": null,
            "eps_4q_growth_year": null,
            "roe": null,
            "roe_4q": 0,
            "gross_profit": null,
            "gross_margin": null,
            "gross_margin_4q_avg": 0,
            "net_income": null,
            "net_income_4q": null,
            "revenue": null,
            "revenue_4q": null,
            "common_shares": null,
            "book_valuer_per_share": null,
            "book_valuer_per_share_4q_avg": 0,
            "equity": null,
            "current_ratio": null,
            "debt_ratio": null,
            "inventory_turnover_ratio": null,
            "account_receivable_turnover_ratio": null,
            "reinvestment_rate": null,
            "research_to_sale_ratio": null,
            "price_fair": 0,
            "eps_avg_yearly": 0,
            "eps_latest_yearly": 0,
            "eps_growth_yearly": 0
        },
        "20032": {
            "year_quarter": 20032,
            "year": 2003,
            "quarter": 2,
            "eps": null,
            "eps_growth_year": null,
            "eps_4q": null,
            "eps_4q_growth_year": null,
            "roe": null,
            "roe_4q": 0,
            "gross_profit": null,
            "gross_margin": null,
            "gross_margin_4q_avg": 0,
            "net_income": null,
            "net_income_4q": null,
            "revenue": null,
            "revenue_4q": null,
            "common_shares": null,
            "book_valuer_per_share": null,
            "book_valuer_per_share_4q_avg": 0,
            "equity": null,
            "current_ratio": null,
            "debt_ratio": null,
            "inventory_turnover_ratio": null,
            "account_receivable_turnover_ratio": null,
            "reinvestment_rate": null,
            "research_to_sale_ratio": null,
            "price_fair": 0,
            "eps_avg_yearly": 0,
            "eps_latest_yearly": 0,
            "eps_growth_yearly": 0
        },
        "20033": {
            "year_quarter": 20033,
            "year": 2003,
            "quarter": 3,
            "eps": null,
            "eps_growth_year": null,
            "eps_4q": null,
            "eps_4q_growth_year": null,
            "roe": null,
            "roe_4q": 0,
            "gross_profit": null,
            "gross_margin": null,
            "gross_margin_4q_avg": 0,
            "net_income": null,
            "net_income_4q": null,
            "revenue": null,
            "revenue_4q": null,
            "common_shares": null,
            "book_valuer_per_share": null,
            "book_valuer_per_share_4q_avg": 0,
            "equity": null,
            "current_ratio": null,
            "debt_ratio": null,
            "inventory_turnover_ratio": null,
            "account_receivable_turnover_ratio": null,
            "reinvestment_rate": null,
            "research_to_sale_ratio": null,
            "price_fair": 0,
            "eps_avg_yearly": 0,
            "eps_latest_yearly": 0,
            "eps_growth_yearly": 0
        },
        "20034": {
            "year_quarter": 20034,
            "year": 2003,
            "quarter": 4,
            "eps": null,
            "eps_growth_year": null,
            "eps_4q": null,
            "eps_4q_growth_year": null,
            "roe": null,
            "roe_4q": 0,
            "gross_profit": null,
            "gross_margin": null,
            "gross_margin_4q_avg": 0,
            "net_income": null,
            "net_income_4q": null,
            "revenue": null,
            "revenue_4q": null,
            "common_shares": null,
            "book_valuer_per_share": null,
            "book_valuer_per_share_4q_avg": 0,
            "equity": null,
            "current_ratio": null,
            "debt_ratio": null,
            "inventory_turnover_ratio": null,
            "account_receivable_turnover_ratio": null,
            "reinvestment_rate": null,
            "research_to_sale_ratio": null,
            "price_fair": 0,
            "eps_avg_yearly": 0,
            "eps_latest_yearly": 0,
            "eps_growth_yearly": 0
        },
        "20041": {
            "year_quarter": 20041,
            "year": 2004,
            "quarter": 1,
            "eps": null,
            "eps_growth_year": null,
            "eps_4q": null,
            "eps_4q_growth_year": null,
            "roe": null,
            "roe_4q": 0,
            "gross_profit": null,
            "gross_margin": null,
            "gross_margin_4q_avg": 0,
            "net_income": null,
            "net_income_4q": null,
            "revenue": null,
            "revenue_4q": null,
            "common_shares": null,
            "book_valuer_per_share": null,
            "book_valuer_per_share_4q_avg": 0,
            "equity": null,
            "current_ratio": null,
            "debt_ratio": null,
            "inventory_turnover_ratio": null,
            "account_receivable_turnover_ratio": null,
            "reinvestment_rate": null,
            "research_to_sale_ratio": null,
            "price_fair": 0,
            "eps_avg_yearly": 0,
            "eps_latest_yearly": 0,
            "eps_growth_yearly": 0
        },
        "20042": {
            "year_quarter": 20042,
            "year": 2004,
            "quarter": 2,
            "eps": null,
            "eps_growth_year": null,
            "eps_4q": null,
            "eps_4q_growth_year": null,
            "roe": null,
            "roe_4q": 0,
            "gross_profit": null,
            "gross_margin": null,
            "gross_margin_4q_avg": 0,
            "net_income": null,
            "net_income_4q": null,
            "revenue": null,
            "revenue_4q": null,
            "common_shares": null,
            "book_valuer_per_share": null,
            "book_valuer_per_share_4q_avg": 0,
            "equity": null,
            "current_ratio": null,
            "debt_ratio": null,
            "inventory_turnover_ratio": null,
            "account_receivable_turnover_ratio": null,
            "reinvestment_rate": null,
            "research_to_sale_ratio": null,
            "price_fair": 0,
            "eps_avg_yearly": 0,
            "eps_latest_yearly": 0,
            "eps_growth_yearly": 0
        },
        "20043": {
            "year_quarter": 20043,
            "year": 2004,
            "quarter": 3,
            "eps": null,
            "eps_growth_year": null,
            "eps_4q": null,
            "eps_4q_growth_year": null,
            "roe": null,
            "roe_4q": 0,
            "gross_profit": null,
            "gross_margin": null,
            "gross_margin_4q_avg": 0,
            "net_income": null,
            "net_income_4q": null,
            "revenue": null,
            "revenue_4q": null,
            "common_shares": null,
            "book_valuer_per_share": null,
            "book_valuer_per_share_4q_avg": 0,
            "equity": null,
            "current_ratio": null,
            "debt_ratio": null,
            "inventory_turnover_ratio": null,
            "account_receivable_turnover_ratio": null,
            "reinvestment_rate": null,
            "research_to_sale_ratio": null,
            "price_fair": 0,
            "eps_avg_yearly": 0,
            "eps_latest_yearly": 0,
            "eps_growth_yearly": 0
        },
        "20044": {
            "year_quarter": 20044,
            "year": 2004,
            "quarter": 4,
            "eps": null,
            "eps_growth_year": null,
            "eps_4q": null,
            "eps_4q_growth_year": null,
            "roe": null,
            "roe_4q": 0,
            "gross_profit": null,
            "gross_margin": null,
            "gross_margin_4q_avg": 0,
            "net_income": null,
            "net_income_4q": null,
            "revenue": null,
            "revenue_4q": null,
            "common_shares": null,
            "book_valuer_per_share": null,
            "book_valuer_per_share_4q_avg": 0,
            "equity": null,
            "current_ratio": null,
            "debt_ratio": null,
            "inventory_turnover_ratio": null,
            "account_receivable_turnover_ratio": null,
            "reinvestment_rate": null,
            "research_to_sale_ratio": null,
            "price_fair": 0,
            "eps_avg_yearly": 0,
            "eps_latest_yearly": 0,
            "eps_growth_yearly": 0
        },
        "20051": {
            "year_quarter": 20051,
            "year": 2005,
            "quarter": 1,
            "eps": null,
            "eps_growth_year": null,
            "eps_4q": null,
            "eps_4q_growth_year": null,
            "roe": null,
            "roe_4q": 0,
            "gross_profit": null,
            "gross_margin": null,
            "gross_margin_4q_avg": 0,
            "net_income": null,
            "net_income_4q": null,
            "revenue": null,
            "revenue_4q": null,
            "common_shares": null,
            "book_valuer_per_share": null,
            "book_valuer_per_share_4q_avg": 0,
            "equity": null,
            "current_ratio": null,
            "debt_ratio": null,
            "inventory_turnover_ratio": null,
            "account_receivable_turnover_ratio": null,
            "reinvestment_rate": null,
            "research_to_sale_ratio": null,
            "price_fair": 0,
            "eps_avg_yearly": 0,
            "eps_latest_yearly": 0,
            "eps_growth_yearly": 0
        },
        "20052": {
            "year_quarter": 20052,
            "year": 2005,
            "quarter": 2,
            "eps": null,
            "eps_growth_year": null,
            "eps_4q": null,
            "eps_4q_growth_year": null,
            "roe": null,
            "roe_4q": 0,
            "gross_profit": null,
            "gross_margin": null,
            "gross_margin_4q_avg": 0,
            "net_income": null,
            "net_income_4q": null,
            "revenue": null,
            "revenue_4q": null,
            "common_shares": null,
            "book_valuer_per_share": null,
            "book_valuer_per_share_4q_avg": 0,
            "equity": null,
            "current_ratio": null,
            "debt_ratio": null,
            "inventory_turnover_ratio": null,
            "account_receivable_turnover_ratio": null,
            "reinvestment_rate": null,
            "research_to_sale_ratio": null,
            "price_fair": 0,
            "eps_avg_yearly": 0,
            "eps_latest_yearly": 0,
            "eps_growth_yearly": 0
        },
        "20053": {
            "year_quarter": 20053,
            "year": 2005,
            "quarter": 3,
            "eps": null,
            "eps_growth_year": null,
            "eps_4q": null,
            "eps_4q_growth_year": null,
            "roe": null,
            "roe_4q": 0,
            "gross_profit": null,
            "gross_margin": null,
            "gross_margin_4q_avg": 0,
            "net_income": null,
            "net_income_4q": null,
            "revenue": null,
            "revenue_4q": null,
            "common_shares": null,
            "book_valuer_per_share": null,
            "book_valuer_per_share_4q_avg": 0,
            "equity": null,
            "current_ratio": null,
            "debt_ratio": null,
            "inventory_turnover_ratio": null,
            "account_receivable_turnover_ratio": null,
            "reinvestment_rate": null,
            "research_to_sale_ratio": null,
            "price_fair": 0,
            "eps_avg_yearly": 0,
            "eps_latest_yearly": 0,
            "eps_growth_yearly": 0
        },
        "20054": {
            "year_quarter": 20054,
            "year": 2005,
            "quarter": 4,
            "eps": null,
            "eps_growth_year": null,
            "eps_4q": null,
            "eps_4q_growth_year": null,
            "roe": null,
            "roe_4q": 0,
            "gross_profit": null,
            "gross_margin": null,
            "gross_margin_4q_avg": 0,
            "net_income": null,
            "net_income_4q": null,
            "revenue": null,
            "revenue_4q": null,
            "common_shares": null,
            "book_valuer_per_share": null,
            "book_valuer_per_share_4q_avg": 0,
            "equity": null,
            "current_ratio": null,
            "debt_ratio": null,
            "inventory_turnover_ratio": null,
            "account_receivable_turnover_ratio": null,
            "reinvestment_rate": null,
            "research_to_sale_ratio": null,
            "price_fair": 0,
            "eps_avg_yearly": 0,
            "eps_latest_yearly": 0,
            "eps_growth_yearly": 0
        },
        "20061": {
            "year_quarter": 20061,
            "year": 2006,
            "quarter": 1,
            "eps": null,
            "eps_growth_year": null,
            "eps_4q": null,
            "eps_4q_growth_year": null,
            "roe": null,
            "roe_4q": 0,
            "gross_profit": null,
            "gross_margin": null,
            "gross_margin_4q_avg": 0,
            "net_income": null,
            "net_income_4q": null,
            "revenue": null,
            "revenue_4q": null,
            "common_shares": null,
            "book_valuer_per_share": null,
            "book_valuer_per_share_4q_avg": 0,
            "equity": null,
            "current_ratio": null,
            "debt_ratio": null,
            "inventory_turnover_ratio": null,
            "account_receivable_turnover_ratio": null,
            "reinvestment_rate": null,
            "research_to_sale_ratio": null,
            "price_fair": 0,
            "eps_avg_yearly": 0,
            "eps_latest_yearly": 0,
            "eps_growth_yearly": 0
        },
        "20062": {
            "year_quarter": 20062,
            "year": 2006,
            "quarter": 2,
            "eps": null,
            "eps_growth_year": null,
            "eps_4q": null,
            "eps_4q_growth_year": null,
            "roe": null,
            "roe_4q": 0,
            "gross_profit": null,
            "gross_margin": null,
            "gross_margin_4q_avg": 0,
            "net_income": null,
            "net_income_4q": null,
            "revenue": null,
            "revenue_4q": null,
            "common_shares": null,
            "book_valuer_per_share": null,
            "book_valuer_per_share_4q_avg": 0,
            "equity": null,
            "current_ratio": null,
            "debt_ratio": null,
            "inventory_turnover_ratio": null,
            "account_receivable_turnover_ratio": null,
            "reinvestment_rate": null,
            "research_to_sale_ratio": null,
            "price_fair": 0,
            "eps_avg_yearly": 0,
            "eps_latest_yearly": 0,
            "eps_growth_yearly": 0
        },
        "20063": {
            "year_quarter": 20063,
            "year": 2006,
            "quarter": 3,
            "eps": null,
            "eps_growth_year": null,
            "eps_4q": null,
            "eps_4q_growth_year": null,
            "roe": null,
            "roe_4q": 0,
            "gross_profit": null,
            "gross_margin": null,
            "gross_margin_4q_avg": 0,
            "net_income": null,
            "net_income_4q": null,
            "revenue": null,
            "revenue_4q": null,
            "common_shares": null,
            "book_valuer_per_share": null,
            "book_valuer_per_share_4q_avg": 0,
            "equity": null,
            "current_ratio": null,
            "debt_ratio": null,
            "inventory_turnover_ratio": null,
            "account_receivable_turnover_ratio": null,
            "reinvestment_rate": null,
            "research_to_sale_ratio": null,
            "price_fair": 0,
            "eps_avg_yearly": 0,
            "eps_latest_yearly": 0,
            "eps_growth_yearly": 0
        },
        "20064": {
            "year_quarter": 20064,
            "year": 2006,
            "quarter": 4,
            "eps": null,
            "eps_growth_year": null,
            "eps_4q": null,
            "eps_4q_growth_year": null,
            "roe": null,
            "roe_4q": 0,
            "gross_profit": null,
            "gross_margin": null,
            "gross_margin_4q_avg": 0,
            "net_income": null,
            "net_income_4q": null,
            "revenue": null,
            "revenue_4q": null,
            "common_shares": null,
            "book_valuer_per_share": null,
            "book_valuer_per_share_4q_avg": 0,
            "equity": null,
            "current_ratio": null,
            "debt_ratio": null,
            "inventory_turnover_ratio": null,
            "account_receivable_turnover_ratio": null,
            "reinvestment_rate": null,
            "research_to_sale_ratio": null,
            "price_fair": 0,
            "eps_avg_yearly": 0,
            "eps_latest_yearly": 0,
            "eps_growth_yearly": 0
        },
        "20071": {
            "year_quarter": 20071,
            "year": 2007,
            "quarter": 1,
            "eps": null,
            "eps_growth_year": null,
            "eps_4q": null,
            "eps_4q_growth_year": null,
            "roe": null,
            "roe_4q": 0,
            "gross_profit": null,
            "gross_margin": null,
            "gross_margin_4q_avg": 0,
            "net_income": null,
            "net_income_4q": null,
            "revenue": null,
            "revenue_4q": null,
            "common_shares": null,
            "book_valuer_per_share": null,
            "book_valuer_per_share_4q_avg": 0,
            "equity": null,
            "current_ratio": null,
            "debt_ratio": null,
            "inventory_turnover_ratio": null,
            "account_receivable_turnover_ratio": null,
            "reinvestment_rate": null,
            "research_to_sale_ratio": null,
            "price_fair": 0,
            "eps_avg_yearly": 0,
            "eps_latest_yearly": 0,
            "eps_growth_yearly": 0
        },
        "20072": {
            "year_quarter": 20072,
            "year": 2007,
            "quarter": 2,
            "eps": null,
            "eps_growth_year": null,
            "eps_4q": null,
            "eps_4q_growth_year": null,
            "roe": null,
            "roe_4q": 0,
            "gross_profit": null,
            "gross_margin": null,
            "gross_margin_4q_avg": 0,
            "net_income": null,
            "net_income_4q": null,
            "revenue": null,
            "revenue_4q": null,
            "common_shares": null,
            "book_valuer_per_share": null,
            "book_valuer_per_share_4q_avg": 0,
            "equity": null,
            "current_ratio": null,
            "debt_ratio": null,
            "inventory_turnover_ratio": null,
            "account_receivable_turnover_ratio": null,
            "reinvestment_rate": null,
            "research_to_sale_ratio": null,
            "price_fair": 0,
            "eps_avg_yearly": 0,
            "eps_latest_yearly": 0,
            "eps_growth_yearly": 0
        },
        "20073": {
            "year_quarter": 20073,
            "year": 2007,
            "quarter": 3,
            "eps": null,
            "eps_growth_year": null,
            "eps_4q": null,
            "eps_4q_growth_year": null,
            "roe": null,
            "roe_4q": 0,
            "gross_profit": null,
            "gross_margin": null,
            "gross_margin_4q_avg": 0,
            "net_income": null,
            "net_income_4q": null,
            "revenue": null,
            "revenue_4q": null,
            "common_shares": null,
            "book_valuer_per_share": null,
            "book_valuer_per_share_4q_avg": 0,
            "equity": null,
            "current_ratio": null,
            "debt_ratio": null,
            "inventory_turnover_ratio": null,
            "account_receivable_turnover_ratio": null,
            "reinvestment_rate": null,
            "research_to_sale_ratio": null,
            "price_fair": 0,
            "eps_avg_yearly": 0,
            "eps_latest_yearly": 0,
            "eps_growth_yearly": 0
        },
        "20074": {
            "year_quarter": 20074,
            "year": 2007,
            "quarter": 4,
            "eps": null,
            "eps_growth_year": null,
            "eps_4q": null,
            "eps_4q_growth_year": null,
            "roe": null,
            "roe_4q": 0,
            "gross_profit": null,
            "gross_margin": null,
            "gross_margin_4q_avg": 0,
            "net_income": null,
            "net_income_4q": null,
            "revenue": null,
            "revenue_4q": null,
            "common_shares": null,
            "book_valuer_per_share": null,
            "book_valuer_per_share_4q_avg": 0,
            "equity": null,
            "current_ratio": null,
            "debt_ratio": null,
            "inventory_turnover_ratio": null,
            "account_receivable_turnover_ratio": null,
            "reinvestment_rate": null,
            "research_to_sale_ratio": null,
            "price_fair": 0,
            "eps_avg_yearly": 0,
            "eps_latest_yearly": 0,
            "eps_growth_yearly": 0
        },
        "20081": {
            "year_quarter": 20081,
            "year": 2008,
            "quarter": 1,
            "eps": null,
            "eps_growth_year": null,
            "eps_4q": null,
            "eps_4q_growth_year": null,
            "roe": null,
            "roe_4q": 0,
            "gross_profit": null,
            "gross_margin": null,
            "gross_margin_4q_avg": 0,
            "net_income": null,
            "net_income_4q": null,
            "revenue": null,
            "revenue_4q": null,
            "common_shares": null,
            "book_valuer_per_share": null,
            "book_valuer_per_share_4q_avg": 0,
            "equity": null,
            "current_ratio": null,
            "debt_ratio": null,
            "inventory_turnover_ratio": null,
            "account_receivable_turnover_ratio": null,
            "reinvestment_rate": null,
            "research_to_sale_ratio": null,
            "price_fair": 0,
            "eps_avg_yearly": 0,
            "eps_latest_yearly": 0,
            "eps_growth_yearly": 0
        },
        "20082": {
            "year_quarter": 20082,
            "year": 2008,
            "quarter": 2,
            "eps": null,
            "eps_growth_year": null,
            "eps_4q": null,
            "eps_4q_growth_year": null,
            "roe": null,
            "roe_4q": 0,
            "gross_profit": null,
            "gross_margin": null,
            "gross_margin_4q_avg": 0,
            "net_income": null,
            "net_income_4q": null,
            "revenue": null,
            "revenue_4q": null,
            "common_shares": null,
            "book_valuer_per_share": null,
            "book_valuer_per_share_4q_avg": 0,
            "equity": null,
            "current_ratio": null,
            "debt_ratio": null,
            "inventory_turnover_ratio": null,
            "account_receivable_turnover_ratio": null,
            "reinvestment_rate": null,
            "research_to_sale_ratio": null,
            "price_fair": 0,
            "eps_avg_yearly": 0,
            "eps_latest_yearly": 0,
            "eps_growth_yearly": 0
        },
        "20083": {
            "year_quarter": 20083,
            "year": 2008,
            "quarter": 3,
            "eps": null,
            "eps_growth_year": null,
            "eps_4q": null,
            "eps_4q_growth_year": null,
            "roe": null,
            "roe_4q": 0,
            "gross_profit": null,
            "gross_margin": null,
            "gross_margin_4q_avg": 0,
            "net_income": null,
            "net_income_4q": null,
            "revenue": null,
            "revenue_4q": null,
            "common_shares": null,
            "book_valuer_per_share": null,
            "book_valuer_per_share_4q_avg": 0,
            "equity": null,
            "current_ratio": null,
            "debt_ratio": null,
            "inventory_turnover_ratio": null,
            "account_receivable_turnover_ratio": null,
            "reinvestment_rate": null,
            "research_to_sale_ratio": null,
            "price_fair": 0,
            "eps_avg_yearly": 0,
            "eps_latest_yearly": 0,
            "eps_growth_yearly": 0
        },
        "20084": {
            "year_quarter": 20084,
            "year": 2008,
            "quarter": 4,
            "eps": null,
            "eps_growth_year": null,
            "eps_4q": null,
            "eps_4q_growth_year": null,
            "roe": null,
            "roe_4q": 0,
            "gross_profit": null,
            "gross_margin": null,
            "gross_margin_4q_avg": 0,
            "net_income": null,
            "net_income_4q": null,
            "revenue": null,
            "revenue_4q": null,
            "common_shares": 81021057,
            "book_valuer_per_share": null,
            "book_valuer_per_share_4q_avg": 0,
            "equity": 108102418,
            "current_ratio": null,
            "debt_ratio": null,
            "inventory_turnover_ratio": null,
            "account_receivable_turnover_ratio": null,
            "reinvestment_rate": null,
            "research_to_sale_ratio": null,
            "price_fair": 0,
            "eps_avg_yearly": 0,
            "eps_latest_yearly": 0,
            "eps_growth_yearly": 0
        },
        "20091": {
            "year_quarter": 20091,
            "year": 2009,
            "quarter": 1,
            "eps": null,
            "eps_growth_year": null,
            "eps_4q": null,
            "eps_4q_growth_year": null,
            "roe": null,
            "roe_4q": 0,
            "gross_profit": null,
            "gross_margin": null,
            "gross_margin_4q_avg": 0,
            "net_income": 1540711,
            "net_income_4q": null,
            "revenue": 4416057,
            "revenue_4q": null,
            "common_shares": 81021057,
            "book_valuer_per_share": null,
            "book_valuer_per_share_4q_avg": 0,
            "equity": 110373871,
            "current_ratio": null,
            "debt_ratio": null,
            "inventory_turnover_ratio": null,
            "account_receivable_turnover_ratio": null,
            "reinvestment_rate": null,
            "research_to_sale_ratio": null,
            "price_fair": 0,
            "eps_avg_yearly": 0,
            "eps_latest_yearly": 0,
            "eps_growth_yearly": 0
        },
        "20092": {
            "year_quarter": 20092,
            "year": 2009,
            "quarter": 2,
            "eps": null,
            "eps_growth_year": null,
            "eps_4q": null,
            "eps_4q_growth_year": null,
            "roe": null,
            "roe_4q": 0,
            "gross_profit": null,
            "gross_margin": null,
            "gross_margin_4q_avg": 0,
            "net_income": 2412656,
            "net_income_4q": null,
            "revenue": 7532475,
            "revenue_4q": null,
            "common_shares": 81021057,
            "book_valuer_per_share": null,
            "book_valuer_per_share_4q_avg": 0,
            "equity": 111731050,
            "current_ratio": null,
            "debt_ratio": null,
            "inventory_turnover_ratio": null,
            "account_receivable_turnover_ratio": null,
            "reinvestment_rate": null,
            "research_to_sale_ratio": null,
            "price_fair": 0,
            "eps_avg_yearly": 0,
            "eps_latest_yearly": 0,
            "eps_growth_yearly": 0
        },
        "20093": {
            "year_quarter": 20093,
            "year": 2009,
            "quarter": 3,
            "eps": null,
            "eps_growth_year": null,
            "eps_4q": null,
            "eps_4q_growth_year": null,
            "roe": null,
            "roe_4q": 0,
            "gross_profit": null,
            "gross_margin": null,
            "gross_margin_4q_avg": 0,
            "net_income": 2084418,
            "net_income_4q": null,
            "revenue": 6673683,
            "revenue_4q": null,
            "common_shares": 81021057,
            "book_valuer_per_share": null,
            "book_valuer_per_share_4q_avg": 0,
            "equity": 114068279,
            "current_ratio": null,
            "debt_ratio": null,
            "inventory_turnover_ratio": null,
            "account_receivable_turnover_ratio": null,
            "reinvestment_rate": null,
            "research_to_sale_ratio": null,
            "price_fair": 0,
            "eps_avg_yearly": 0,
            "eps_latest_yearly": 0,
            "eps_growth_yearly": 0
        },
        "20094": {
            "year_quarter": 20094,
            "year": 2009,
            "quarter": 4,
            "eps": null,
            "eps_growth_year": null,
            "eps_4q": null,
            "eps_4q_growth_year": null,
            "roe": null,
            "roe_4q": 0,
            "gross_profit": null,
            "gross_margin": null,
            "gross_margin_4q_avg": 0,
            "net_income": 1283123,
            "net_income_4q": null,
            "revenue": 6083107,
            "revenue_4q": null,
            "common_shares": 81021057,
            "book_valuer_per_share": 14.3,
            "book_valuer_per_share_4q_avg": 3.58,
            "equity": 115460236,
            "current_ratio": null,
            "debt_ratio": 78.57,
            "inventory_turnover_ratio": null,
            "account_receivable_turnover_ratio": null,
            "reinvestment_rate": null,
            "research_to_sale_ratio": null,
            "price_fair": 0,
            "eps_avg_yearly": 0,
            "eps_latest_yearly": 0,
            "eps_growth_yearly": 0
        },
        "20101": {
            "year_quarter": 20101,
            "year": 2010,
            "quarter": 1,
            "eps": 0.21,
            "eps_growth_year": null,
            "eps_4q": 0.21,
            "eps_4q_growth_year": null,
            "roe": 1.5,
            "roe_4q": 1.5,
            "gross_profit": null,
            "gross_margin": null,
            "gross_margin_4q_avg": 0,
            "net_income": 1744281,
            "net_income_4q": null,
            "revenue": 5937845,
            "revenue_4q": null,
            "common_shares": 81021057,
            "book_valuer_per_share": 14.49,
            "book_valuer_per_share_4q_avg": 7.2,
            "equity": 117000805,
            "current_ratio": null,
            "debt_ratio": 78.32,
            "inventory_turnover_ratio": null,
            "account_receivable_turnover_ratio": null,
            "reinvestment_rate": null,
            "research_to_sale_ratio": null,
            "price_fair": 0,
            "eps_avg_yearly": 0,
            "eps_latest_yearly": 0,
            "eps_growth_yearly": 0
        },
        "20102": {
            "year_quarter": 20102,
            "year": 2010,
            "quarter": 2,
            "eps": 0.13,
            "eps_growth_year": null,
            "eps_4q": 0.35,
            "eps_4q_growth_year": null,
            "roe": 0.96,
            "roe_4q": 2.46,
            "gross_profit": null,
            "gross_margin": null,
            "gross_margin_4q_avg": 0,
            "net_income": 1087528,
            "net_income_4q": null,
            "revenue": 5799261,
            "revenue_4q": null,
            "common_shares": 81021057,
            "book_valuer_per_share": 13.72,
            "book_valuer_per_share_4q_avg": 10.63,
            "equity": 110738121,
            "current_ratio": null,
            "debt_ratio": 79.97,
            "inventory_turnover_ratio": null,
            "account_receivable_turnover_ratio": null,
            "reinvestment_rate": null,
            "research_to_sale_ratio": null,
            "price_fair": 1.56,
            "eps_avg_yearly": 0.52,
            "eps_latest_yearly": 0.52,
            "eps_growth_yearly": -152.38
        },
        "20103": {
            "year_quarter": 20103,
            "year": 2010,
            "quarter": 3,
            "eps": 0.28,
            "eps_growth_year": null,
            "eps_4q": 0.63,
            "eps_4q_growth_year": null,
            "roe": 2.04,
            "roe_4q": 4.5,
            "gross_profit": null,
            "gross_margin": null,
            "gross_margin_4q_avg": 0,
            "net_income": 2296783,
            "net_income_4q": null,
            "revenue": 6527841,
            "revenue_4q": null,
            "common_shares": 81021057,
            "book_valuer_per_share": 14.14,
            "book_valuer_per_share_4q_avg": 14.16,
            "equity": 114159423,
            "current_ratio": null,
            "debt_ratio": 81.58,
            "inventory_turnover_ratio": null,
            "account_receivable_turnover_ratio": null,
            "reinvestment_rate": null,
            "research_to_sale_ratio": null,
            "price_fair": 28.7,
            "eps_avg_yearly": 0.82,
            "eps_latest_yearly": 1.12,
            "eps_growth_yearly": 154.58
        },
        "20104": {
            "year_quarter": 20104,
            "year": 2010,
            "quarter": 4,
            "eps": 0.38,
            "eps_growth_year": null,
            "eps_4q": 1.01,
            "eps_4q_growth_year": null,
            "roe": 2.69,
            "roe_4q": 7.19,
            "gross_profit": null,
            "gross_margin": null,
            "gross_margin_4q_avg": 0,
            "net_income": 3107047,
            "net_income_4q": null,
            "revenue": 7283937,
            "revenue_4q": null,
            "common_shares": 81021057,
            "book_valuer_per_share": 14.48,
            "book_valuer_per_share_4q_avg": 14.21,
            "equity": 116860024,
            "current_ratio": null,
            "debt_ratio": 81.7,
            "inventory_turnover_ratio": null,
            "account_receivable_turnover_ratio": null,
            "reinvestment_rate": null,
            "research_to_sale_ratio": null,
            "price_fair": 36.87,
            "eps_avg_yearly": 1.05,
            "eps_latest_yearly": 1.52,
            "eps_growth_yearly": 150.67
        },
        "20111": {
            "year_quarter": 20111,
            "year": 2011,
            "quarter": 1,
            "eps": 0.35,
            "eps_growth_year": 66.67,
            "eps_4q": 1.14,
            "eps_4q_growth_year": 434.8,
            "roe": 2.45,
            "roe_4q": 8.14,
            "gross_profit": null,
            "gross_margin": null,
            "gross_margin_4q_avg": 0,
            "net_income": 2903835,
            "net_income_4q": null,
            "revenue": 7218805,
            "revenue_4q": null,
            "common_shares": 81026107,
            "book_valuer_per_share": 14.87,
            "book_valuer_per_share_4q_avg": 14.3,
            "equity": 120090905,
            "current_ratio": null,
            "debt_ratio": 81.64,
            "inventory_turnover_ratio": null,
            "account_receivable_turnover_ratio": null,
            "reinvestment_rate": null,
            "research_to_sale_ratio": null,
            "price_fair": 39.9,
            "eps_avg_yearly": 1.14,
            "eps_latest_yearly": 1.4,
            "eps_growth_yearly": 105.11
        },
        "20112": {
            "year_quarter": 20112,
            "year": 2011,
            "quarter": 2,
            "eps": 0.98,
            "eps_growth_year": 639,
            "eps_4q": 1.9,
            "eps_4q_growth_year": 449.29,
            "roe": 7.02,
            "roe_4q": 14.2,
            "gross_profit": null,
            "gross_margin": null,
            "gross_margin_4q_avg": 0,
            "net_income": 8691043,
            "net_income_4q": null,
            "revenue": 13158062,
            "revenue_4q": null,
            "common_shares": 81026107,
            "book_valuer_per_share": 15.74,
            "book_valuer_per_share_4q_avg": 14.81,
            "equity": 127508571,
            "current_ratio": null,
            "debt_ratio": 81.4,
            "inventory_turnover_ratio": null,
            "account_receivable_turnover_ratio": null,
            "reinvestment_rate": null,
            "research_to_sale_ratio": null,
            "price_fair": 59.36,
            "eps_avg_yearly": 1.7,
            "eps_latest_yearly": 3.92,
            "eps_growth_yearly": 228.09
        },
        "20113": {
            "year_quarter": 20113,
            "year": 2011,
            "quarter": 3,
            "eps": 0.16,
            "eps_growth_year": -44.3,
            "eps_4q": 1.8,
            "eps_4q_growth_year": 186.99,
            "roe": 1.09,
            "roe_4q": 13.249999999999998,
            "gross_profit": null,
            "gross_margin": null,
            "gross_margin_4q_avg": 0,
            "net_income": 1401883,
            "net_income_4q": null,
            "revenue": 5739927,
            "revenue_4q": null,
            "common_shares": 88454711,
            "book_valuer_per_share": 14.59,
            "book_valuer_per_share_4q_avg": 14.92,
            "equity": 129007397,
            "current_ratio": null,
            "debt_ratio": 81.63,
            "inventory_turnover_ratio": null,
            "account_receivable_turnover_ratio": null,
            "reinvestment_rate": null,
            "research_to_sale_ratio": null,
            "price_fair": 53.2,
            "eps_avg_yearly": 1.52,
            "eps_latest_yearly": 0.64,
            "eps_growth_yearly": 134.29
        },
        "20114": {
            "year_quarter": 20114,
            "year": 2011,
            "quarter": 4,
            "eps": 0.05,
            "eps_growth_year": -86.02,
            "eps_4q": 1.34,
            "eps_4q_growth_year": 32.22,
            "roe": 0.41,
            "roe_4q": 10.969999999999999,
            "gross_profit": null,
            "gross_margin": null,
            "gross_margin_4q_avg": 0,
            "net_income": 580907,
            "net_income_4q": null,
            "revenue": 5932056,
            "revenue_4q": null,
            "common_shares": 100163105,
            "book_valuer_per_share": 15.18,
            "book_valuer_per_share_4q_avg": 15.1,
            "equity": 152005252,
            "current_ratio": null,
            "debt_ratio": 80.21,
            "inventory_turnover_ratio": null,
            "account_receivable_turnover_ratio": null,
            "reinvestment_rate": null,
            "research_to_sale_ratio": null,
            "price_fair": 46.6,
            "eps_avg_yearly": 1.33,
            "eps_latest_yearly": 0.2,
            "eps_growth_yearly": 75.82
        },
        "20121": {
            "year_quarter": 20121,
            "year": 2012,
            "quarter": 1,
            "eps": 0.25,
            "eps_growth_year": -28.57,
            "eps_4q": 1.3,
            "eps_4q_growth_year": 14.21,
            "roe": 1.67,
            "roe_4q": 10.19,
            "gross_profit": null,
            "gross_margin": null,
            "gross_margin_4q_avg": 0,
            "net_income": 2561258,
            "net_income_4q": null,
            "revenue": 8127113,
            "revenue_4q": null,
            "common_shares": 100162105,
            "book_valuer_per_share": 15.4,
            "book_valuer_per_share_4q_avg": 15.23,
            "equity": 154150555,
            "current_ratio": null,
            "debt_ratio": 79.81,
            "inventory_turnover_ratio": null,
            "account_receivable_turnover_ratio": null,
            "reinvestment_rate": null,
            "research_to_sale_ratio": null,
            "price_fair": 45.15,
            "eps_avg_yearly": 1.29,
            "eps_latest_yearly": 1,
            "eps_growth_yearly": 266.34
        },
        "20122": {
            "year_quarter": 20122,
            "year": 2012,
            "quarter": 2,
            "eps": 0.05,
            "eps_growth_year": -94.62,
            "eps_4q": 0.49,
            "eps_4q_growth_year": -74.17,
            "roe": 0.41,
            "roe_4q": 3.58,
            "gross_profit": null,
            "gross_margin": null,
            "gross_margin_4q_avg": 0,
            "net_income": 623653,
            "net_income_4q": null,
            "revenue": 6310016,
            "revenue_4q": null,
            "common_shares": 100162105,
            "book_valuer_per_share": 15.29,
            "book_valuer_per_share_4q_avg": 15.12,
            "equity": 153115424,
            "current_ratio": null,
            "debt_ratio": 80.14,
            "inventory_turnover_ratio": null,
            "account_receivable_turnover_ratio": null,
            "reinvestment_rate": null,
            "research_to_sale_ratio": null,
            "price_fair": 40.91,
            "eps_avg_yearly": 1.17,
            "eps_latest_yearly": 0.2,
            "eps_growth_yearly": 201.19
        },
        "20123": {
            "year_quarter": 20123,
            "year": 2012,
            "quarter": 3,
            "eps": 0.17,
            "eps_growth_year": 7.73,
            "eps_4q": 0.52,
            "eps_4q_growth_year": -71.04,
            "roe": 1.17,
            "roe_4q": 3.66,
            "gross_profit": null,
            "gross_margin": null,
            "gross_margin_4q_avg": 0,
            "net_income": 1796714,
            "net_income_4q": null,
            "revenue": 7140502,
            "revenue_4q": null,
            "common_shares": 100162105,
            "book_valuer_per_share": 15.49,
            "book_valuer_per_share_4q_avg": 15.34,
            "equity": 155057370,
            "current_ratio": null,
            "debt_ratio": 80.85,
            "inventory_turnover_ratio": null,
            "account_receivable_turnover_ratio": null,
            "reinvestment_rate": null,
            "research_to_sale_ratio": null,
            "price_fair": 39.2,
            "eps_avg_yearly": 1.12,
            "eps_latest_yearly": 0.68,
            "eps_growth_yearly": 277.07
        },
        "20124": {
            "year_quarter": 20124,
            "year": 2012,
            "quarter": 4,
            "eps": 0.14,
            "eps_growth_year": 170.01,
            "eps_4q": 0.61,
            "eps_4q_growth_year": -53.99,
            "roe": 0.99,
            "roe_4q": 4.24,
            "gross_profit": null,
            "gross_margin": null,
            "gross_margin_4q_avg": 0,
            "net_income": 1535177,
            "net_income_4q": null,
            "revenue": 6894141,
            "revenue_4q": null,
            "common_shares": 100162105,
            "book_valuer_per_share": 15.64,
            "book_valuer_per_share_4q_avg": 15.46,
            "equity": 155920575,
            "current_ratio": null,
            "debt_ratio": 80.23,
            "inventory_turnover_ratio": null,
            "account_receivable_turnover_ratio": null,
            "reinvestment_rate": 39.3,
            "research_to_sale_ratio": null,
            "price_fair": 37.42,
            "eps_avg_yearly": 1.07,
            "eps_latest_yearly": 0.56,
            "eps_growth_yearly": 245.47
        },
        "20131": {
            "year_quarter": 20131,
            "year": 2013,
            "quarter": 1,
            "eps": 0.16,
            "eps_growth_year": -36,
            "eps_4q": 0.53,
            "eps_4q_growth_year": -59.09,
            "roe": 1.08,
            "roe_4q": 3.6500000000000004,
            "gross_profit": null,
            "gross_margin": null,
            "gross_margin_4q_avg": 0,
            "net_income": 1716103,
            "net_income_4q": null,
            "revenue": 6723086,
            "revenue_4q": null,
            "common_shares": 98973355,
            "book_valuer_per_share": 15.99,
            "book_valuer_per_share_4q_avg": 15.6,
            "equity": 161423302,
            "current_ratio": null,
            "debt_ratio": 80.56,
            "inventory_turnover_ratio": null,
            "account_receivable_turnover_ratio": null,
            "reinvestment_rate": 39.98,
            "research_to_sale_ratio": null,
            "price_fair": 36.17,
            "eps_avg_yearly": 1.03,
            "eps_latest_yearly": 0.64,
            "eps_growth_yearly": 229.77
        },
        "20132": {
            "year_quarter": 20132,
            "year": 2013,
            "quarter": 2,
            "eps": 0.16,
            "eps_growth_year": 203.32,
            "eps_4q": 0.64,
            "eps_4q_growth_year": 29.81,
            "roe": 1.03,
            "roe_4q": 4.2700000000000005,
            "gross_profit": null,
            "gross_margin": null,
            "gross_margin_4q_avg": 0,
            "net_income": 1652631,
            "net_income_4q": null,
            "revenue": 6916667,
            "revenue_4q": null,
            "common_shares": 98937235,
            "book_valuer_per_share": 15.67,
            "book_valuer_per_share_4q_avg": 15.7,
            "equity": 158048865,
            "current_ratio": null,
            "debt_ratio": 81.19,
            "inventory_turnover_ratio": null,
            "account_receivable_turnover_ratio": null,
            "reinvestment_rate": 40.57,
            "research_to_sale_ratio": null,
            "price_fair": 35.11,
            "eps_avg_yearly": 1,
            "eps_latest_yearly": 0.64,
            "eps_growth_yearly": 212.1
        },
        "20133": {
            "year_quarter": 20133,
            "year": 2013,
            "quarter": 3,
            "eps": 0.24,
            "eps_growth_year": 41.99,
            "eps_4q": 0.71,
            "eps_4q_growth_year": 35.32,
            "roe": 1.55,
            "roe_4q": 4.65,
            "gross_profit": null,
            "gross_margin": null,
            "gross_margin_4q_avg": 0,
            "net_income": 2452309,
            "net_income_4q": null,
            "revenue": 7755560,
            "revenue_4q": null,
            "common_shares": 98937235,
            "book_valuer_per_share": 15.79,
            "book_valuer_per_share_4q_avg": 15.77,
            "equity": 159340405,
            "current_ratio": null,
            "debt_ratio": 81.46,
            "inventory_turnover_ratio": null,
            "account_receivable_turnover_ratio": null,
            "reinvestment_rate": 39.28,
            "research_to_sale_ratio": null,
            "price_fair": 35,
            "eps_avg_yearly": 1,
            "eps_latest_yearly": 0.96,
            "eps_growth_yearly": 211.24
        },
        "20134": {
            "year_quarter": 20134,
            "year": 2013,
            "quarter": 4,
            "eps": 0.22,
            "eps_growth_year": 51.32,
            "eps_4q": 0.78,
            "eps_4q_growth_year": 26.72,
            "roe": 1.41,
            "roe_4q": 5.07,
            "gross_profit": null,
            "gross_margin": null,
            "gross_margin_4q_avg": 0,
            "net_income": 2256278,
            "net_income_4q": null,
            "revenue": 7302256,
            "revenue_4q": null,
            "common_shares": 98937235,
            "book_valuer_per_share": 16.01,
            "book_valuer_per_share_4q_avg": 15.87,
            "equity": 161632463,
            "current_ratio": null,
            "debt_ratio": 81.32,
            "inventory_turnover_ratio": null,
            "account_receivable_turnover_ratio": null,
            "reinvestment_rate": -5.43,
            "research_to_sale_ratio": null,
            "price_fair": 34.72,
            "eps_avg_yearly": 0.99,
            "eps_latest_yearly": 0.88,
            "eps_growth_yearly": 194.93
        },
        "20141": {
            "year_quarter": 20141,
            "year": 2014,
            "quarter": 1,
            "eps": 0.36,
            "eps_growth_year": 125,
            "eps_4q": 0.98,
            "eps_4q_growth_year": 83.66,
            "roe": 2.32,
            "roe_4q": 6.31,
            "gross_profit": null,
            "gross_margin": null,
            "gross_margin_4q_avg": 0,
            "net_income": 3789833,
            "net_income_4q": null,
            "revenue": 11118856,
            "revenue_4q": null,
            "common_shares": 98937235,
            "book_valuer_per_share": 16.42,
            "book_valuer_per_share_4q_avg": 15.97,
            "equity": 165787773,
            "current_ratio": null,
            "debt_ratio": 83.49,
            "inventory_turnover_ratio": null,
            "account_receivable_turnover_ratio": null,
            "reinvestment_rate": -5.54,
            "research_to_sale_ratio": null,
            "price_fair": 35.7,
            "eps_avg_yearly": 1.02,
            "eps_latest_yearly": 1.44,
            "eps_growth_yearly": 198.66
        },
        "20142": {
            "year_quarter": 20142,
            "year": 2014,
            "quarter": 2,
            "eps": 0.8,
            "eps_growth_year": 400,
            "eps_4q": 1.6,
            "eps_4q_growth_year": 151.22,
            "roe": 4.66,
            "roe_4q": 9.940000000000001,
            "gross_profit": null,
            "gross_margin": null,
            "gross_margin_4q_avg": 0,
            "net_income": 8039320,
            "net_income_4q": null,
            "revenue": 17550586,
            "revenue_4q": null,
            "common_shares": 98937235,
            "book_valuer_per_share": 16.57,
            "book_valuer_per_share_4q_avg": 16.2,
            "equity": 179569789,
            "current_ratio": null,
            "debt_ratio": 85.12,
            "inventory_turnover_ratio": null,
            "account_receivable_turnover_ratio": null,
            "reinvestment_rate": 1.31,
            "research_to_sale_ratio": null,
            "price_fair": 41.56,
            "eps_avg_yearly": 1.19,
            "eps_latest_yearly": 3.2,
            "eps_growth_yearly": 238.74
        },
        "20143": {
            "year_quarter": 20143,
            "year": 2014,
            "quarter": 3,
            "eps": 0.21,
            "eps_growth_year": -12.5,
            "eps_4q": 1.58,
            "eps_4q_growth_year": 124.24,
            "roe": 1.16,
            "roe_4q": 9.55,
            "gross_profit": null,
            "gross_margin": null,
            "gross_margin_4q_avg": 0,
            "net_income": 2084203,
            "net_income_4q": null,
            "revenue": 13612665,
            "revenue_4q": null,
            "common_shares": 101410666,
            "book_valuer_per_share": 16.32,
            "book_valuer_per_share_4q_avg": 16.33,
            "equity": 180559979,
            "current_ratio": null,
            "debt_ratio": 85.58,
            "inventory_turnover_ratio": null,
            "account_receivable_turnover_ratio": null,
            "reinvestment_rate": 0.65,
            "research_to_sale_ratio": null,
            "price_fair": 40.95,
            "eps_avg_yearly": 1.17,
            "eps_latest_yearly": 0.84,
            "eps_growth_yearly": 191.45
        },
        "20144": {
            "year_quarter": 20144,
            "year": 2014,
            "quarter": 4,
            "eps": 0.25,
            "eps_growth_year": 16.14,
            "eps_4q": 1.62,
            "eps_4q_growth_year": 108.43,
            "roe": 1.37,
            "roe_4q": 9.51,
            "gross_profit": null,
            "gross_margin": null,
            "gross_margin_4q_avg": 0,
            "net_income": 2511588,
            "net_income_4q": null,
            "revenue": 12801631,
            "revenue_4q": null,
            "common_shares": 101410666,
            "book_valuer_per_share": 16.74,
            "book_valuer_per_share_4q_avg": 16.51,
            "equity": 185053882,
            "current_ratio": null,
            "debt_ratio": 85.67,
            "inventory_turnover_ratio": null,
            "account_receivable_turnover_ratio": null,
            "reinvestment_rate": -0.15,
            "research_to_sale_ratio": null,
            "price_fair": 39.81,
            "eps_avg_yearly": 1.14,
            "eps_latest_yearly": 1,
            "eps_growth_yearly": 187.29
        },
        "20151": {
            "year_quarter": 20151,
            "year": 2015,
            "quarter": 1,
            "eps": 0.41,
            "eps_growth_year": 13.89,
            "eps_4q": 1.67,
            "eps_4q_growth_year": 70.75,
            "roe": 2.26,
            "roe_4q": 9.45,
            "gross_profit": null,
            "gross_margin": null,
            "gross_margin_4q_avg": 0,
            "net_income": 4233368,
            "net_income_4q": null,
            "revenue": 13945196,
            "revenue_4q": null,
            "common_shares": 101410666,
            "book_valuer_per_share": 17.23,
            "book_valuer_per_share_4q_avg": 16.72,
            "equity": 189600492,
            "current_ratio": null,
            "debt_ratio": 86.56,
            "inventory_turnover_ratio": null,
            "account_receivable_turnover_ratio": null,
            "reinvestment_rate": 15.42,
            "research_to_sale_ratio": null,
            "price_fair": 40.34,
            "eps_avg_yearly": 1.15,
            "eps_latest_yearly": 1.64,
            "eps_growth_yearly": 205.26
        },
        "20152": {
            "year_quarter": 20152,
            "year": 2015,
            "quarter": 2,
            "eps": 0.33,
            "eps_growth_year": -58.75,
            "eps_4q": 1.15,
            "eps_4q_growth_year": -28.15,
            "roe": 2.02,
            "roe_4q": 6.81,
            "gross_profit": null,
            "gross_margin": null,
            "gross_margin_4q_avg": 0,
            "net_income": 3857069,
            "net_income_4q": null,
            "revenue": 16544762,
            "revenue_4q": null,
            "common_shares": 104391517,
            "book_valuer_per_share": 16.89,
            "book_valuer_per_share_4q_avg": 16.8,
            "equity": 191473977,
            "current_ratio": null,
            "debt_ratio": 87.01,
            "inventory_turnover_ratio": null,
            "account_receivable_turnover_ratio": null,
            "reinvestment_rate": 23.81,
            "research_to_sale_ratio": null,
            "price_fair": 34.65,
            "eps_avg_yearly": 0.99,
            "eps_latest_yearly": 1.32,
            "eps_growth_yearly": 155.38
        },
        "20153": {
            "year_quarter": 20153,
            "year": 2015,
            "quarter": 3,
            "eps": 0.26,
            "eps_growth_year": 23.81,
            "eps_4q": 1.21,
            "eps_4q_growth_year": -23.38,
            "roe": 1.72,
            "roe_4q": 7.37,
            "gross_profit": null,
            "gross_margin": null,
            "gross_margin_4q_avg": 0,
            "net_income": 3335909,
            "net_income_4q": null,
            "revenue": 19177704,
            "revenue_4q": null,
            "common_shares": 107129605,
            "book_valuer_per_share": 16.87,
            "book_valuer_per_share_4q_avg": 16.93,
            "equity": 195934227,
            "current_ratio": null,
            "debt_ratio": 86.88,
            "inventory_turnover_ratio": null,
            "account_receivable_turnover_ratio": null,
            "reinvestment_rate": -36.84,
            "research_to_sale_ratio": null,
            "price_fair": 35.53,
            "eps_avg_yearly": 1.02,
            "eps_latest_yearly": 1.04,
            "eps_growth_yearly": 171
        },
        "20154": {
            "year_quarter": 20154,
            "year": 2015,
            "quarter": 4,
            "eps": 0.04,
            "eps_growth_year": -85.63,
            "eps_4q": 1.01,
            "eps_4q_growth_year": -37.76,
            "roe": 0.29,
            "roe_4q": 6.289999999999999,
            "gross_profit": null,
            "gross_margin": null,
            "gross_margin_4q_avg": 0,
            "net_income": 571129,
            "net_income_4q": null,
            "revenue": 20120370,
            "revenue_4q": null,
            "common_shares": 107129605,
            "book_valuer_per_share": 17.02,
            "book_valuer_per_share_4q_avg": 17,
            "equity": 197364050,
            "current_ratio": null,
            "debt_ratio": 87.28,
            "inventory_turnover_ratio": null,
            "account_receivable_turnover_ratio": null,
            "reinvestment_rate": 8.3,
            "research_to_sale_ratio": null,
            "price_fair": 35.44,
            "eps_avg_yearly": 1.01,
            "eps_latest_yearly": 0.16,
            "eps_growth_yearly": 167.03
        },
        "20161": {
            "year_quarter": 20161,
            "year": 2016,
            "quarter": 1,
            "eps": 0.31,
            "eps_growth_year": -24.39,
            "eps_4q": 0.84,
            "eps_4q_growth_year": -49.58,
            "roe": 1.69,
            "roe_4q": 5.720000000000001,
            "gross_profit": null,
            "gross_margin": null,
            "gross_margin_4q_avg": 0,
            "net_income": 3512176,
            "net_income_4q": null,
            "revenue": 16441337,
            "revenue_4q": null,
            "common_shares": 119986478,
            "book_valuer_per_share": 16.8,
            "book_valuer_per_share_4q_avg": 16.9,
            "equity": 218020403,
            "current_ratio": null,
            "debt_ratio": 89.32,
            "inventory_turnover_ratio": null,
            "account_receivable_turnover_ratio": null,
            "reinvestment_rate": 17.8,
            "research_to_sale_ratio": null,
            "price_fair": 35.96,
            "eps_avg_yearly": 1.03,
            "eps_latest_yearly": 1.24,
            "eps_growth_yearly": 235.78
        },
        "20162": {
            "year_quarter": 20162,
            "year": 2016,
            "quarter": 2,
            "eps": 0.25,
            "eps_growth_year": -24.24,
            "eps_4q": 0.8,
            "eps_4q_growth_year": -30.46,
            "roe": 1.46,
            "roe_4q": 5.16,
            "gross_profit": null,
            "gross_margin": null,
            "gross_margin_4q_avg": 0,
            "net_income": 3176919,
            "net_income_4q": null,
            "revenue": 18106681,
            "revenue_4q": null,
            "common_shares": 119986478,
            "book_valuer_per_share": 16.71,
            "book_valuer_per_share_4q_avg": 16.85,
            "equity": 216780396,
            "current_ratio": null,
            "debt_ratio": 89.48,
            "inventory_turnover_ratio": null,
            "account_receivable_turnover_ratio": null,
            "reinvestment_rate": 20.38,
            "research_to_sale_ratio": null,
            "price_fair": 37.71,
            "eps_avg_yearly": 1.08,
            "eps_latest_yearly": 1,
            "eps_growth_yearly": 250.94
        },
        "20163": {
            "year_quarter": 20163,
            "year": 2016,
            "quarter": 3,
            "eps": 0.35,
            "eps_growth_year": 34.62,
            "eps_4q": 0.91,
            "eps_4q_growth_year": -25.05,
            "roe": 2.02,
            "roe_4q": 5.46,
            "gross_profit": null,
            "gross_margin": null,
            "gross_margin_4q_avg": 0,
            "net_income": 4431245,
            "net_income_4q": null,
            "revenue": 23199031,
            "revenue_4q": null,
            "common_shares": 119986478,
            "book_valuer_per_share": 17.06,
            "book_valuer_per_share_4q_avg": 16.9,
            "equity": 221238590,
            "current_ratio": null,
            "debt_ratio": 89.37,
            "inventory_turnover_ratio": null,
            "account_receivable_turnover_ratio": null,
            "reinvestment_rate": 20.08,
            "research_to_sale_ratio": null,
            "price_fair": 39.29,
            "eps_avg_yearly": 1.12,
            "eps_latest_yearly": 1.4,
            "eps_growth_yearly": 200.94
        },
        "20164": {
            "year_quarter": 20164,
            "year": 2016,
            "quarter": 4,
            "eps": 0.25,
            "eps_growth_year": 594.18,
            "eps_4q": 1.13,
            "eps_4q_growth_year": 11.76,
            "roe": 1.44,
            "roe_4q": 6.609999999999999,
            "gross_profit": null,
            "gross_margin": null,
            "gross_margin_4q_avg": 0,
            "net_income": 3179883,
            "net_income_4q": null,
            "revenue": 26194685,
            "revenue_4q": null,
            "common_shares": 119986478,
            "book_valuer_per_share": 16.96,
            "book_valuer_per_share_4q_avg": 16.88,
            "equity": 219794565,
            "current_ratio": null,
            "debt_ratio": 89.83,
            "inventory_turnover_ratio": null,
            "account_receivable_turnover_ratio": null,
            "reinvestment_rate": 19.04,
            "research_to_sale_ratio": null,
            "price_fair": 40.25,
            "eps_avg_yearly": 1.15,
            "eps_latest_yearly": 1,
            "eps_growth_yearly": 198.21
        },
        "20171": {
            "year_quarter": 20171,
            "year": 2017,
            "quarter": 1,
            "eps": 0.26,
            "eps_growth_year": -16.13,
            "eps_4q": 1.11,
            "eps_4q_growth_year": 31.28,
            "roe": 1.49,
            "roe_4q": 6.409999999999999,
            "gross_profit": null,
            "gross_margin": null,
            "gross_margin_4q_avg": 0,
            "net_income": 3295565,
            "net_income_4q": null,
            "revenue": 17548440,
            "revenue_4q": null,
            "common_shares": 119986478,
            "book_valuer_per_share": 17.17,
            "book_valuer_per_share_4q_avg": 16.98,
            "equity": 222444816,
            "current_ratio": null,
            "debt_ratio": 89.88,
            "inventory_turnover_ratio": null,
            "account_receivable_turnover_ratio": null,
            "reinvestment_rate": 17.12,
            "research_to_sale_ratio": null,
            "price_fair": 41.13,
            "eps_avg_yearly": 1.18,
            "eps_latest_yearly": 1.04,
            "eps_growth_yearly": 195.64
        },
        "20172": {
            "year_quarter": 20172,
            "year": 2017,
            "quarter": 2,
            "eps": 0.32,
            "eps_growth_year": 28,
            "eps_4q": 1.18,
            "eps_4q_growth_year": 47.12,
            "roe": 1.81,
            "roe_4q": 6.76,
            "gross_profit": null,
            "gross_margin": null,
            "gross_margin_4q_avg": 0,
            "net_income": 4014714,
            "net_income_4q": null,
            "revenue": 20848015,
            "revenue_4q": null,
            "common_shares": 119986478,
            "book_valuer_per_share": 17.1,
            "book_valuer_per_share_4q_avg": 17.07,
            "equity": 221369216,
            "current_ratio": null,
            "debt_ratio": 90.1,
            "inventory_turnover_ratio": null,
            "account_receivable_turnover_ratio": null,
            "reinvestment_rate": 19.89,
            "research_to_sale_ratio": null,
            "price_fair": 42.53,
            "eps_avg_yearly": 1.22,
            "eps_latest_yearly": 1.28,
            "eps_growth_yearly": 201.41
        },
        "20173": {
            "year_quarter": 20173,
            "year": 2017,
            "quarter": 3,
            "eps": 0.49,
            "eps_growth_year": 40,
            "eps_4q": 1.32,
            "eps_4q_growth_year": 45.38,
            "roe": 2.82,
            "roe_4q": 7.5600000000000005,
            "gross_profit": null,
            "gross_margin": null,
            "gross_margin_4q_avg": 0,
            "net_income": 6285032,
            "net_income_4q": null,
            "revenue": 26331926,
            "revenue_4q": null,
            "common_shares": 119986478,
            "book_valuer_per_share": 17.62,
            "book_valuer_per_share_4q_avg": 17.21,
            "equity": 224876076,
            "current_ratio": null,
            "debt_ratio": 89.94,
            "inventory_turnover_ratio": null,
            "account_receivable_turnover_ratio": null,
            "reinvestment_rate": 19.46,
            "research_to_sale_ratio": null,
            "price_fair": 44.71,
            "eps_avg_yearly": 1.28,
            "eps_latest_yearly": 1.96,
            "eps_growth_yearly": 202.19
        },
        "20174": {
            "year_quarter": 20174,
            "year": 2017,
            "quarter": 4,
            "eps": 0.3,
            "eps_growth_year": 17.52,
            "eps_4q": 1.37,
            "eps_4q_growth_year": 21.5,
            "roe": 1.73,
            "roe_4q": 7.85,
            "gross_profit": null,
            "gross_margin": null,
            "gross_margin_4q_avg": 0,
            "net_income": 3908744,
            "net_income_4q": null,
            "revenue": 28847354,
            "revenue_4q": null,
            "common_shares": 118891975,
            "book_valuer_per_share": 17.89,
            "book_valuer_per_share_4q_avg": 17.45,
            "equity": 228097556,
            "current_ratio": null,
            "debt_ratio": 89.97,
            "inventory_turnover_ratio": null,
            "account_receivable_turnover_ratio": null,
            "reinvestment_rate": 19.47,
            "research_to_sale_ratio": null,
            "price_fair": 45.41,
            "eps_avg_yearly": 1.3,
            "eps_latest_yearly": 1.2,
            "eps_growth_yearly": 194.58
        },
        "20181": {
            "year_quarter": 20181,
            "year": 2018,
            "quarter": 1,
            "eps": 0.48,
            "eps_growth_year": 84.62,
            "eps_4q": 1.59,
            "eps_4q_growth_year": 43.52,
            "roe": 2.66,
            "roe_4q": 9.020000000000001,
            "gross_profit": null,
            "gross_margin": null,
            "gross_margin_4q_avg": 0,
            "net_income": 6105197,
            "net_income_4q": null,
            "revenue": 24107780,
            "revenue_4q": null,
            "common_shares": 118202325,
            "book_valuer_per_share": 18.1,
            "book_valuer_per_share_4q_avg": 17.68,
            "equity": 230741582,
            "current_ratio": null,
            "debt_ratio": 89.95,
            "inventory_turnover_ratio": null,
            "account_receivable_turnover_ratio": null,
            "reinvestment_rate": 18.77,
            "research_to_sale_ratio": null,
            "price_fair": 46.46,
            "eps_avg_yearly": 1.33,
            "eps_latest_yearly": 1.92,
            "eps_growth_yearly": 193.67
        },
        "20182": {
            "year_quarter": 20182,
            "year": 2018,
            "quarter": 2,
            "eps": 0.47,
            "eps_growth_year": 46.88,
            "eps_4q": 1.76,
            "eps_4q_growth_year": 49.32,
            "roe": 2.67,
            "roe_4q": 9.88,
            "gross_profit": null,
            "gross_margin": null,
            "gross_margin_4q_avg": 0,
            "net_income": 6129282,
            "net_income_4q": null,
            "revenue": 25899339,
            "revenue_4q": null,
            "common_shares": 118202325,
            "book_valuer_per_share": 18.07,
            "book_valuer_per_share_4q_avg": 17.92,
            "equity": 228058724,
            "current_ratio": null,
            "debt_ratio": 90.12,
            "inventory_turnover_ratio": null,
            "account_receivable_turnover_ratio": null,
            "reinvestment_rate": 14.72,
            "research_to_sale_ratio": null,
            "price_fair": 43.58,
            "eps_avg_yearly": 1.25,
            "eps_latest_yearly": 1.88,
            "eps_growth_yearly": 162.59
        },
        "20183": {
            "year_quarter": 20183,
            "year": 2018,
            "quarter": 3,
            "eps": 0.47,
            "eps_growth_year": -4.08,
            "eps_4q": 1.73,
            "eps_4q_growth_year": 30.97,
            "roe": 2.55,
            "roe_4q": 9.61,
            "gross_profit": null,
            "gross_margin": null,
            "gross_margin_4q_avg": 0,
            "net_income": 5899493,
            "net_income_4q": null,
            "revenue": 25434991,
            "revenue_4q": null,
            "common_shares": 116862325,
            "book_valuer_per_share": 18.58,
            "book_valuer_per_share_4q_avg": 18.16,
            "equity": 234622541,
            "current_ratio": null,
            "debt_ratio": 89.74,
            "inventory_turnover_ratio": null,
            "account_receivable_turnover_ratio": null,
            "reinvestment_rate": 14.52,
            "research_to_sale_ratio": null,
            "price_fair": 45.85,
            "eps_avg_yearly": 1.31,
            "eps_latest_yearly": 1.88,
            "eps_growth_yearly": 181.03
        },
        "20184": {
            "year_quarter": 20184,
            "year": 2018,
            "quarter": 4,
            "eps": 0.17,
            "eps_growth_year": -42.88,
            "eps_4q": 1.6,
            "eps_4q_growth_year": 16.59,
            "roe": 1,
            "roe_4q": 8.879999999999999,
            "gross_profit": null,
            "gross_margin": null,
            "gross_margin_4q_avg": 0,
            "net_income": 2364266,
            "net_income_4q": null,
            "revenue": 25837463,
            "revenue_4q": null,
            "common_shares": 116862325,
            "book_valuer_per_share": 18.76,
            "book_valuer_per_share_4q_avg": 18.38,
            "equity": 236843760,
            "current_ratio": null,
            "debt_ratio": 89.64,
            "inventory_turnover_ratio": null,
            "account_receivable_turnover_ratio": null,
            "reinvestment_rate": 14.57,
            "research_to_sale_ratio": null,
            "price_fair": 45.15,
            "eps_avg_yearly": 1.29,
            "eps_latest_yearly": 0.68,
            "eps_growth_yearly": 160.31
        },
        "20191": {
            "year_quarter": 20191,
            "year": 2019,
            "quarter": 1,
            "eps": 0.47,
            "eps_growth_year": -2.08,
            "eps_4q": 1.58,
            "eps_4q_growth_year": -0.32,
            "roe": 2.45,
            "roe_4q": 8.67,
            "gross_profit": null,
            "gross_margin": null,
            "gross_margin_4q_avg": 0,
            "net_income": 5904674,
            "net_income_4q": null,
            "revenue": 24995732,
            "revenue_4q": null,
            "common_shares": 116862325,
            "book_valuer_per_share": 19.45,
            "book_valuer_per_share_4q_avg": 18.72,
            "equity": 245010848,
            "current_ratio": null,
            "debt_ratio": 89.49,
            "inventory_turnover_ratio": null,
            "account_receivable_turnover_ratio": null,
            "reinvestment_rate": 13.38,
            "research_to_sale_ratio": null,
            "price_fair": 45.68,
            "eps_avg_yearly": 1.31,
            "eps_latest_yearly": 1.88,
            "eps_growth_yearly": 188.43
        },
        "20192": {
            "year_quarter": 20192,
            "year": 2019,
            "quarter": 2,
            "eps": 0.48,
            "eps_growth_year": 2.13,
            "eps_4q": 1.59,
            "eps_4q_growth_year": -9.89,
            "roe": 2.45,
            "roe_4q": 8.45,
            "gross_profit": null,
            "gross_margin": null,
            "gross_margin_4q_avg": 0,
            "net_income": 5983605,
            "net_income_4q": null,
            "revenue": 24688654,
            "revenue_4q": null,
            "common_shares": 116862325,
            "book_valuer_per_share": 19.25,
            "book_valuer_per_share_4q_avg": 19.01,
            "equity": 242585321,
            "current_ratio": null,
            "debt_ratio": 89.85,
            "inventory_turnover_ratio": null,
            "account_receivable_turnover_ratio": null,
            "reinvestment_rate": 9.51,
            "research_to_sale_ratio": null,
            "price_fair": 46.99,
            "eps_avg_yearly": 1.34,
            "eps_latest_yearly": 1.92,
            "eps_growth_yearly": 193.84
        },
        "20193": {
            "year_quarter": 20193,
            "year": 2019,
            "quarter": 3,
            "eps": 0.53,
            "eps_growth_year": 12.77,
            "eps_4q": 1.64,
            "eps_4q_growth_year": -5.04,
            "roe": 2.71,
            "roe_4q": 8.61,
            "gross_profit": null,
            "gross_margin": null,
            "gross_margin_4q_avg": 0,
            "net_income": 6638273,
            "net_income_4q": null,
            "revenue": 27830673,
            "revenue_4q": null,
            "common_shares": 116862325,
            "book_valuer_per_share": 19.66,
            "book_valuer_per_share_4q_avg": 19.28,
            "equity": 247072115,
            "current_ratio": null,
            "debt_ratio": 89.59,
            "inventory_turnover_ratio": null,
            "account_receivable_turnover_ratio": null,
            "reinvestment_rate": 9.23,
            "research_to_sale_ratio": null,
            "price_fair": 49.35,
            "eps_avg_yearly": 1.41,
            "eps_latest_yearly": 2.12,
            "eps_growth_yearly": 201.75
        },
        "20194": {
            "year_quarter": 20194,
            "year": 2019,
            "quarter": 4,
            "eps": 0.28,
            "eps_growth_year": 63.23,
            "eps_4q": 1.75,
            "eps_4q_growth_year": 9.46,
            "roe": 1.45,
            "roe_4q": 9.06,
            "gross_profit": null,
            "gross_margin": null,
            "gross_margin_4q_avg": 0,
            "net_income": 3615031,
            "net_income_4q": null,
            "revenue": 30093018,
            "revenue_4q": null,
            "common_shares": 116706115,
            "book_valuer_per_share": 19.9,
            "book_valuer_per_share_4q_avg": 19.57,
            "equity": 250206380,
            "current_ratio": null,
            "debt_ratio": 89.64,
            "inventory_turnover_ratio": null,
            "account_receivable_turnover_ratio": null,
            "reinvestment_rate": 7.68,
            "research_to_sale_ratio": null,
            "price_fair": 51.45,
            "eps_avg_yearly": 1.47,
            "eps_latest_yearly": 1.12,
            "eps_growth_yearly": 211.11
        },
        "20201": {
            "year_quarter": 20201,
            "year": 2020,
            "quarter": 1,
            "eps": 0.35,
            "eps_growth_year": -25.53,
            "eps_4q": 1.64,
            "eps_4q_growth_year": 3.31,
            "roe": 1.77,
            "roe_4q": 8.379999999999999,
            "gross_profit": null,
            "gross_margin": null,
            "gross_margin_4q_avg": 0,
            "net_income": 4386994,
            "net_income_4q": null,
            "revenue": 24774598,
            "revenue_4q": null,
            "common_shares": 116706115,
            "book_valuer_per_share": 19.62,
            "book_valuer_per_share_4q_avg": 19.61,
            "equity": 246497675,
            "current_ratio": null,
            "debt_ratio": 90.16,
            "inventory_turnover_ratio": null,
            "account_receivable_turnover_ratio": null,
            "reinvestment_rate": 3.54,
            "research_to_sale_ratio": null,
            "price_fair": 51.8,
            "eps_avg_yearly": 1.48,
            "eps_latest_yearly": 1.4,
            "eps_growth_yearly": 48.61
        },
        "20202": {
            "year_quarter": 20202,
            "year": 2020,
            "quarter": 2,
            "eps": 0.57,
            "eps_growth_year": 18.75,
            "eps_4q": 1.69,
            "eps_4q_growth_year": 6.64,
            "roe": 2.93,
            "roe_4q": 8.86,
            "gross_profit": null,
            "gross_margin": null,
            "gross_margin_4q_avg": 0,
            "net_income": 7331942,
            "net_income_4q": null,
            "revenue": 26676661,
            "revenue_4q": null,
            "common_shares": 116706115,
            "book_valuer_per_share": 20.32,
            "book_valuer_per_share_4q_avg": 19.88,
            "equity": 254420032,
            "current_ratio": null,
            "debt_ratio": 90.06,
            "inventory_turnover_ratio": null,
            "account_receivable_turnover_ratio": null,
            "reinvestment_rate": -3.46,
            "research_to_sale_ratio": null,
            "price_fair": 54.6,
            "eps_avg_yearly": 1.56,
            "eps_latest_yearly": 2.28,
            "eps_growth_yearly": 69.16
        },
        "20203": {
            "year_quarter": 20203,
            "year": 2020,
            "quarter": 3,
            "eps": 0.7,
            "eps_growth_year": 32.08,
            "eps_4q": 1.88,
            "eps_4q_growth_year": 14.29,
            "roe": 3.51,
            "roe_4q": 9.659999999999998,
            "gross_profit": null,
            "gross_margin": null,
            "gross_margin_4q_avg": 0,
            "net_income": 9100295,
            "net_income_4q": null,
            "revenue": 31815477,
            "revenue_4q": null,
            "common_shares": 121374360,
            "book_valuer_per_share": 20.32,
            "book_valuer_per_share_4q_avg": 20.04,
            "equity": 264552805,
            "current_ratio": null,
            "debt_ratio": 89.87,
            "inventory_turnover_ratio": null,
            "account_receivable_turnover_ratio": null,
            "reinvestment_rate": -2.62,
            "research_to_sale_ratio": null,
            "price_fair": 57.66,
            "eps_avg_yearly": 1.65,
            "eps_latest_yearly": 2.8,
            "eps_growth_yearly": 64.86
        },
        "20204": {
            "year_quarter": 20204,
            "year": 2020,
            "quarter": 4,
            "eps": 0.37,
            "eps_growth_year": 34.6,
            "eps_4q": 1.99,
            "eps_4q_growth_year": 13.36,
            "roe": 1.92,
            "roe_4q": 10.129999999999999,
            "gross_profit": null,
            "gross_margin": null,
            "gross_margin_4q_avg": 0,
            "net_income": 5157813,
            "net_income_4q": null,
            "revenue": 32362130,
            "revenue_4q": null,
            "common_shares": 121374360,
            "book_valuer_per_share": 20.87,
            "book_valuer_per_share_4q_avg": 20.28,
            "equity": 273617446,
            "current_ratio": null,
            "debt_ratio": 90.08,
            "inventory_turnover_ratio": null,
            "account_receivable_turnover_ratio": null,
            "reinvestment_rate": 4.72,
            "research_to_sale_ratio": null,
            "price_fair": 58.71,
            "eps_avg_yearly": 1.68,
            "eps_latest_yearly": 1.48,
            "eps_growth_yearly": 60.22
        },
        "20211": {
            "year_quarter": 20211,
            "year": 2021,
            "quarter": 1,
            "eps": 0.78,
            "eps_growth_year": 122.86,
            "eps_4q": 2.42,
            "eps_4q_growth_year": 48.02,
            "roe": 3.87,
            "roe_4q": 12.23,
            "gross_profit": null,
            "gross_margin": null,
            "gross_margin_4q_avg": 0,
            "net_income": 10755443,
            "net_income_4q": null,
            "revenue": 34590727,
            "revenue_4q": null,
            "common_shares": 121374360,
            "book_valuer_per_share": 21.5,
            "book_valuer_per_share_4q_avg": 20.75,
            "equity": 281724502,
            "current_ratio": null,
            "debt_ratio": 90.07,
            "inventory_turnover_ratio": null,
            "account_receivable_turnover_ratio": null,
            "reinvestment_rate": 5.13,
            "research_to_sale_ratio": null,
            "price_fair": 63.26,
            "eps_avg_yearly": 1.81,
            "eps_latest_yearly": 3.12,
            "eps_growth_yearly": 86.92
        },
        "20212": {
            "year_quarter": 20212,
            "year": 2021,
            "quarter": 2,
            "eps": 0.84,
            "eps_growth_year": 47.37,
            "eps_4q": 2.69,
            "eps_4q_growth_year": 59.39,
            "roe": 3.9,
            "roe_4q": 13.2,
            "gross_profit": null,
            "gross_margin": null,
            "gross_margin_4q_avg": 0,
            "net_income": 10897244,
            "net_income_4q": null,
            "revenue": 33324402,
            "revenue_4q": null,
            "common_shares": 121374360,
            "book_valuer_per_share": 21.15,
            "book_valuer_per_share_4q_avg": 20.96,
            "equity": 277202657,
            "current_ratio": null,
            "debt_ratio": 90.81,
            "inventory_turnover_ratio": null,
            "account_receivable_turnover_ratio": null,
            "reinvestment_rate": 2.88,
            "research_to_sale_ratio": null,
            "price_fair": 67.81,
            "eps_avg_yearly": 1.94,
            "eps_latest_yearly": 3.36,
            "eps_growth_yearly": 83.08
        },
        "20213": {
            "year_quarter": 20213,
            "year": 2021,
            "quarter": 3,
            "eps": 0.71,
            "eps_growth_year": 1.43,
            "eps_4q": 2.71,
            "eps_4q_growth_year": 44.01,
            "roe": 3.32,
            "roe_4q": 13.01,
            "gross_profit": null,
            "gross_margin": null,
            "gross_margin_4q_avg": 0,
            "net_income": 9297974,
            "net_income_4q": null,
            "revenue": 28351012,
            "revenue_4q": null,
            "common_shares": 121374360,
            "book_valuer_per_share": 21.58,
            "book_valuer_per_share_4q_avg": 21.28,
            "equity": 282367067,
            "current_ratio": null,
            "debt_ratio": 90.53,
            "inventory_turnover_ratio": null,
            "account_receivable_turnover_ratio": null,
            "reinvestment_rate": 2.83,
            "research_to_sale_ratio": null,
            "price_fair": 69.74,
            "eps_avg_yearly": 1.99,
            "eps_latest_yearly": 2.84,
            "eps_growth_yearly": 65.93
        },
        "20214": {
            "year_quarter": 20214,
            "year": 2021,
            "quarter": 4,
            "eps": 0.54,
            "eps_growth_year": 44.5,
            "eps_4q": 2.87,
            "eps_4q_growth_year": 44.64,
            "roe": 2.18,
            "roe_4q": 13.27,
            "gross_profit": null,
            "gross_margin": null,
            "gross_margin_4q_avg": 0,
            "net_income": 6240050,
            "net_income_4q": null,
            "revenue": 22974362,
            "revenue_4q": null,
            "common_shares": 121374360,
            "book_valuer_per_share": 22.17,
            "book_valuer_per_share_4q_avg": 21.6,
            "equity": 289079705,
            "current_ratio": null,
            "debt_ratio": 90.44,
            "inventory_turnover_ratio": null,
            "account_receivable_turnover_ratio": null,
            "reinvestment_rate": 3.34,
            "research_to_sale_ratio": null,
            "price_fair": 71.84,
            "eps_avg_yearly": 2.05,
            "eps_latest_yearly": 2.16,
            "eps_growth_yearly": 69.63
        },
        "20221": {
            "year_quarter": 20221,
            "year": 2022,
            "quarter": 1,
            "eps": 0.51,
            "eps_growth_year": -34.62,
            "eps_4q": 2.61,
            "eps_4q_growth_year": 7.51,
            "roe": 2.31,
            "roe_4q": 11.71,
            "gross_profit": null,
            "gross_margin": null,
            "gross_margin_4q_avg": 0,
            "net_income": 6648095,
            "net_income_4q": null,
            "revenue": 25819549,
            "revenue_4q": null,
            "common_shares": 121374360,
            "book_valuer_per_share": 22.02,
            "book_valuer_per_share_4q_avg": 21.73,
            "equity": 287511257,
            "current_ratio": null,
            "debt_ratio": 90.6,
            "inventory_turnover_ratio": null,
            "account_receivable_turnover_ratio": null,
            "reinvestment_rate": 3.88,
            "research_to_sale_ratio": null,
            "price_fair": 72.1,
            "eps_avg_yearly": 2.06,
            "eps_latest_yearly": 2.04,
            "eps_growth_yearly": 53.25
        },
        "20222": {
            "year_quarter": 20222,
            "year": 2022,
            "quarter": 2,
            "eps": 0.43,
            "eps_growth_year": -48.81,
            "eps_4q": 2.14,
            "eps_4q_growth_year": -20.64,
            "roe": 2.01,
            "roe_4q": 9.82,
            "gross_profit": null,
            "gross_margin": null,
            "gross_margin_4q_avg": 0,
            "net_income": 5520924,
            "net_income_4q": null,
            "revenue": 24472936,
            "revenue_4q": null,
            "common_shares": 121374360,
            "book_valuer_per_share": 19.97,
            "book_valuer_per_share_4q_avg": 21.44,
            "equity": 262005789,
            "current_ratio": null,
            "debt_ratio": 91.21,
            "inventory_turnover_ratio": null,
            "account_receivable_turnover_ratio": null,
            "reinvestment_rate": 3.4,
            "research_to_sale_ratio": null,
            "price_fair": 71.75,
            "eps_avg_yearly": 2.05,
            "eps_latest_yearly": 1.72,
            "eps_growth_yearly": 49.84
        },
        "20223": {
            "year_quarter": 20223,
            "year": 2022,
            "quarter": 3,
            "eps": 0.65,
            "eps_growth_year": -8.45,
            "eps_4q": 2.09,
            "eps_4q_growth_year": -22.69,
            "roe": 3.19,
            "roe_4q": 9.69,
            "gross_profit": null,
            "gross_margin": null,
            "gross_margin_4q_avg": 0,
            "net_income": 8452844,
            "net_income_4q": null,
            "revenue": 24938059,
            "revenue_4q": null,
            "common_shares": 125015590,
            "book_valuer_per_share": 19.89,
            "book_valuer_per_share_4q_avg": 21.01,
            "equity": 268262999,
            "current_ratio": null,
            "debt_ratio": 90.99,
            "inventory_turnover_ratio": null,
            "account_receivable_turnover_ratio": null,
            "reinvestment_rate": 3.48,
            "research_to_sale_ratio": null,
            "price_fair": 73.33,
            "eps_avg_yearly": 2.1,
            "eps_latest_yearly": 2.6,
            "eps_growth_yearly": 62.64
        },
        "20224": {
            "year_quarter": 20224,
            "year": 2022,
            "quarter": 4,
            "eps": 0.15,
            "eps_growth_year": -72.57,
            "eps_4q": 1.72,
            "eps_4q_growth_year": -40.25,
            "roe": 0.77,
            "roe_4q": 8.28,
            "gross_profit": null,
            "gross_margin": null,
            "gross_margin_4q_avg": 0,
            "net_income": 2088550,
            "net_income_4q": null,
            "revenue": 16271338,
            "revenue_4q": null,
            "common_shares": 125015590,
            "book_valuer_per_share": 20.51,
            "book_valuer_per_share_4q_avg": 20.6,
            "equity": 277382908,
            "current_ratio": null,
            "debt_ratio": 90.8,
            "inventory_turnover_ratio": null,
            "account_receivable_turnover_ratio": null,
            "reinvestment_rate": 4.97,
            "research_to_sale_ratio": null,
            "price_fair": 73.15,
            "eps_avg_yearly": 2.09,
            "eps_latest_yearly": 0.6,
            "eps_growth_yearly": 59.36
        },
        "20231": {
            "year_quarter": 20231,
            "year": 2023,
            "quarter": 1,
            "eps": 0.46,
            "eps_growth_year": -9.8,
            "eps_4q": 1.68,
            "eps_4q_growth_year": -35.34,
            "roe": 2.26,
            "roe_4q": 8.23,
            "gross_profit": null,
            "gross_margin": null,
            "gross_margin_4q_avg": 0,
            "net_income": 6404980,
            "net_income_4q": null,
            "revenue": 23590867,
            "revenue_4q": null,
            "common_shares": 125015590,
            "book_valuer_per_share": 21.48,
            "book_valuer_per_share_4q_avg": 20.46,
            "equity": 289102821,
            "current_ratio": null,
            "debt_ratio": 90.69,
            "inventory_turnover_ratio": null,
            "account_receivable_turnover_ratio": null,
            "reinvestment_rate": 4.87,
            "research_to_sale_ratio": null,
            "price_fair": 73.06,
            "eps_avg_yearly": 2.09,
            "eps_latest_yearly": 1.84,
            "eps_growth_yearly": 66.91
        },
        "20232": {
            "year_quarter": 20232,
            "year": 2023,
            "quarter": 2,
            "eps": 0.72,
            "eps_growth_year": 67.44,
            "eps_4q": 1.96,
            "eps_4q_growth_year": -8.21,
            "roe": 3.27,
            "roe_4q": 9.489999999999998,
            "gross_profit": null,
            "gross_margin": null,
            "gross_margin_4q_avg": 0,
            "net_income": 9434551,
            "net_income_4q": null,
            "revenue": 26541737,
            "revenue_4q": null,
            "common_shares": 125015590,
            "book_valuer_per_share": 21.34,
            "book_valuer_per_share_4q_avg": 20.81,
            "equity": 287266377,
            "current_ratio": null,
            "debt_ratio": 91.08,
            "inventory_turnover_ratio": null,
            "account_receivable_turnover_ratio": null,
            "reinvestment_rate": 5,
            "research_to_sale_ratio": null,
            "price_fair": 75.16,
            "eps_avg_yearly": 2.15,
            "eps_latest_yearly": 2.88,
            "eps_growth_yearly": 80.51
        },
        "20233": {
            "year_quarter": 20233,
            "year": 2023,
            "quarter": 3,
            "eps": 0.67,
            "eps_growth_year": 3.08,
            "eps_4q": 2,
            "eps_4q_growth_year": -4.39,
            "roe": 3.12,
            "roe_4q": 9.42,
            "gross_profit": null,
            "gross_margin": null,
            "gross_margin_4q_avg": 0,
            "net_income": 9149188,
            "net_income_4q": null,
            "revenue": 27689863,
            "revenue_4q": null,
            "common_shares": 126890824,
            "book_valuer_per_share": 21.93,
            "book_valuer_per_share_4q_avg": 21.32,
            "equity": 299285596,
            "current_ratio": null,
            "debt_ratio": 90.61,
            "inventory_turnover_ratio": null,
            "account_receivable_turnover_ratio": null,
            "reinvestment_rate": 5.2,
            "research_to_sale_ratio": null,
            "price_fair": 76.39,
            "eps_avg_yearly": 2.18,
            "eps_latest_yearly": 2.68,
            "eps_growth_yearly": 76.17
        }
    },
    "months": {
        "2002-02": {
            "month": "2002-02",
            "price": "11.56",
            "revenue": 111146
        },
        "2002-03": {
            "month": "2002-03",
            "price": "11.43",
            "revenue": 293938
        },
        "2002-04": {
            "month": "2002-04",
            "price": "12.35",
            "revenue": 216709
        },
        "2002-05": {
            "month": "2002-05",
            "price": "11.23",
            "revenue": 66525
        },
        "2002-06": {
            "month": "2002-06",
            "price": "10.86",
            "revenue": -51196
        },
        "2002-07": {
            "month": "2002-07",
            "price": "10.34",
            "revenue": 112125
        },
        "2002-08": {
            "month": "2002-08",
            "price": "9.59",
            "revenue": 289947
        },
        "2002-09": {
            "month": "2002-09",
            "price": "9.33",
            "revenue": 116215
        },
        "2002-10": {
            "month": "2002-10",
            "price": "9.21",
            "revenue": 214043
        },
        "2002-11": {
            "month": "2002-11",
            "price": "9.48",
            "revenue": 294671
        },
        "2002-12": {
            "month": "2002-12",
            "price": "9.54",
            "revenue": -1545806
        },
        "2003-01": {
            "month": "2003-01",
            "price": "10.99",
            "revenue": 359668
        },
        "2003-02": {
            "month": "2003-02",
            "price": "10.76",
            "revenue": 93999
        },
        "2003-03": {
            "month": "2003-03",
            "price": "10.15",
            "revenue": 104020
        },
        "2003-04": {
            "month": "2003-04",
            "price": "10.08",
            "revenue": 135305
        },
        "2003-05": {
            "month": "2003-05",
            "price": "9.27",
            "revenue": 198282
        },
        "2003-06": {
            "month": "2003-06",
            "price": "10.23",
            "revenue": 433533
        },
        "2003-07": {
            "month": "2003-07",
            "price": "10.90",
            "revenue": 271873
        },
        "2003-08": {
            "month": "2003-08",
            "price": "10.15",
            "revenue": 288311
        },
        "2003-09": {
            "month": "2003-09",
            "price": "10.44",
            "revenue": 164173
        },
        "2003-10": {
            "month": "2003-10",
            "price": "10.99",
            "revenue": 246210
        },
        "2003-11": {
            "month": "2003-11",
            "price": "10.62",
            "revenue": 130805
        },
        "2003-12": {
            "month": "2003-12",
            "price": "10.69",
            "revenue": 210657
        },
        "2004-01": {
            "month": "2004-01",
            "price": "12.16",
            "revenue": 370457
        },
        "2004-02": {
            "month": "2004-02",
            "price": "14.99",
            "revenue": 510626
        },
        "2004-03": {
            "month": "2004-03",
            "price": "16.64",
            "revenue": 410883
        },
        "2004-04": {
            "month": "2004-04",
            "price": "15.61",
            "revenue": 371021
        },
        "2004-05": {
            "month": "2004-05",
            "price": "14.01",
            "revenue": 266876
        },
        "2004-06": {
            "month": "2004-06",
            "price": "13.95",
            "revenue": -83527
        },
        "2004-07": {
            "month": "2004-07",
            "price": "13.32",
            "revenue": 202999
        },
        "2004-08": {
            "month": "2004-08",
            "price": "13.34",
            "revenue": 192316
        },
        "2004-09": {
            "month": "2004-09",
            "price": "14.10",
            "revenue": 247123
        },
        "2004-10": {
            "month": "2004-10",
            "price": "14.56",
            "revenue": 272804
        },
        "2004-11": {
            "month": "2004-11",
            "price": "15.49",
            "revenue": 300005
        },
        "2004-12": {
            "month": "2004-12",
            "price": "16.74",
            "revenue": 203352
        },
        "2005-01": {
            "month": "2005-01",
            "price": "17.30",
            "revenue": 199505
        },
        "2005-02": {
            "month": "2005-02",
            "price": "17.51",
            "revenue": 143004
        },
        "2005-03": {
            "month": "2005-03",
            "price": "17.61",
            "revenue": 135580
        },
        "2005-04": {
            "month": "2005-04",
            "price": "15.71",
            "revenue": 177957
        },
        "2005-05": {
            "month": "2005-05",
            "price": "15.14",
            "revenue": 175008
        },
        "2005-06": {
            "month": "2005-06",
            "price": "16.30",
            "revenue": 71533
        },
        "2005-07": {
            "month": "2005-07",
            "price": "15.79",
            "revenue": -581972
        },
        "2005-08": {
            "month": "2005-08",
            "price": "14.65",
            "revenue": 235948
        },
        "2005-09": {
            "month": "2005-09",
            "price": "12.38",
            "revenue": -118995
        },
        "2005-10": {
            "month": "2005-10",
            "price": "12.48",
            "revenue": 142694
        },
        "2005-11": {
            "month": "2005-11",
            "price": "12.98",
            "revenue": -700320
        },
        "2005-12": {
            "month": "2005-12",
            "price": "13.07",
            "revenue": -630166
        },
        "2006-01": {
            "month": "2006-01",
            "price": "13.05",
            "revenue": 381062
        },
        "2006-02": {
            "month": "2006-02",
            "price": "12.50",
            "revenue": 99773
        },
        "2006-03": {
            "month": "2006-03",
            "price": "11.33",
            "revenue": 27026
        },
        "2006-04": {
            "month": "2006-04",
            "price": "12.47",
            "revenue": 31870
        },
        "2006-05": {
            "month": "2006-05",
            "price": "15.35",
            "revenue": -256411
        },
        "2006-06": {
            "month": "2006-06",
            "price": "13.87",
            "revenue": -119455
        },
        "2006-07": {
            "month": "2006-07",
            "price": "14.01",
            "revenue": -125354
        },
        "2006-08": {
            "month": "2006-08",
            "price": "13.98",
            "revenue": -468768
        },
        "2006-09": {
            "month": "2006-09",
            "price": "13.85",
            "revenue": -150385
        },
        "2006-10": {
            "month": "2006-10",
            "price": "14.42",
            "revenue": -78348
        },
        "2006-11": {
            "month": "2006-11",
            "price": "14.74",
            "revenue": 54783
        },
        "2006-12": {
            "month": "2006-12",
            "price": "16.27",
            "revenue": -2352784
        },
        "2007-01": {
            "month": "2007-01",
            "price": "16.29",
            "revenue": 287059
        },
        "2007-02": {
            "month": "2007-02",
            "price": "15.70",
            "revenue": 228920
        },
        "2007-03": {
            "month": "2007-03",
            "price": "15.00",
            "revenue": 371933
        },
        "2007-04": {
            "month": "2007-04",
            "price": "15.02",
            "revenue": 567158
        },
        "2007-05": {
            "month": "2007-05",
            "price": "15.11",
            "revenue": 1020296
        },
        "2007-06": {
            "month": "2007-06",
            "price": "17.54",
            "revenue": 1855742
        },
        "2007-07": {
            "month": "2007-07",
            "price": "21.56",
            "revenue": 2275564
        },
        "2007-08": {
            "month": "2007-08",
            "price": "18.75",
            "revenue": -25766
        },
        "2007-09": {
            "month": "2007-09",
            "price": "19.49",
            "revenue": 369974
        },
        "2007-10": {
            "month": "2007-10",
            "price": "23.12",
            "revenue": 575083
        },
        "2007-11": {
            "month": "2007-11",
            "price": "21.79",
            "revenue": -985776
        },
        "2007-12": {
            "month": "2007-12",
            "price": "20.72",
            "revenue": -673325
        },
        "2008-01": {
            "month": "2008-01",
            "price": "23.56",
            "revenue": -222528
        },
        "2008-02": {
            "month": "2008-02",
            "price": "26.18",
            "revenue": 1083152
        },
        "2008-03": {
            "month": "2008-03",
            "price": "27.22",
            "revenue": 595994
        },
        "2008-04": {
            "month": "2008-04",
            "price": "29.38",
            "revenue": 1377594
        },
        "2008-05": {
            "month": "2008-05",
            "price": "28.13",
            "revenue": 604899
        },
        "2008-06": {
            "month": "2008-06",
            "price": "24.54",
            "revenue": 477376
        },
        "2008-07": {
            "month": "2008-07",
            "price": "19.10",
            "revenue": 482332
        },
        "2008-08": {
            "month": "2008-08",
            "price": "18.00",
            "revenue": 400720
        },
        "2008-09": {
            "month": "2008-09",
            "price": "16.75",
            "revenue": -348707
        },
        "2008-10": {
            "month": "2008-10",
            "price": "14.77",
            "revenue": -55949
        },
        "2008-11": {
            "month": "2008-11",
            "price": "12.55",
            "revenue": -333054
        },
        "2008-12": {
            "month": "2008-12",
            "price": "13.73",
            "revenue": -2328912
        },
        "2009-01": {
            "month": "2009-01",
            "price": "13.07",
            "revenue": 351271
        },
        "2009-02": {
            "month": "2009-02",
            "price": "12.36",
            "revenue": 256531
        },
        "2009-03": {
            "month": "2009-03",
            "price": "14.53",
            "revenue": 413385
        },
        "2009-04": {
            "month": "2009-04",
            "price": "17.85",
            "revenue": 900703
        },
        "2009-05": {
            "month": "2009-05",
            "price": "23.57",
            "revenue": 1214635
        },
        "2009-06": {
            "month": "2009-06",
            "price": "22.07",
            "revenue": 726139
        },
        "2009-07": {
            "month": "2009-07",
            "price": "23.23",
            "revenue": 776642
        },
        "2009-08": {
            "month": "2009-08",
            "price": "21.66",
            "revenue": 578780
        },
        "2009-09": {
            "month": "2009-09",
            "price": "23.36",
            "revenue": 904777
        },
        "2009-10": {
            "month": "2009-10",
            "price": "23.93",
            "revenue": 490693
        },
        "2009-11": {
            "month": "2009-11",
            "price": "22.65",
            "revenue": 477083
        },
        "2009-12": {
            "month": "2009-12",
            "price": "22.06",
            "revenue": 780324
        },
        "2010-01": {
            "month": "2010-01",
            "price": "22.21",
            "revenue": 688989
        },
        "2010-02": {
            "month": "2010-02",
            "price": "19.21",
            "revenue": 272716
        },
        "2010-03": {
            "month": "2010-03",
            "price": "19.48",
            "revenue": 928679
        },
        "2010-04": {
            "month": "2010-04",
            "price": "19.45",
            "revenue": 758152
        },
        "2010-05": {
            "month": "2010-05",
            "price": "17.65",
            "revenue": 399318
        },
        "2010-06": {
            "month": "2010-06",
            "price": "17.21",
            "revenue": 200818
        },
        "2010-07": {
            "month": "2010-07",
            "price": "17.92",
            "revenue": 857804
        },
        "2010-08": {
            "month": "2010-08",
            "price": "18.91",
            "revenue": 907696
        },
        "2010-09": {
            "month": "2010-09",
            "price": "18.92",
            "revenue": 782591
        },
        "2010-10": {
            "month": "2010-10",
            "price": "19.21",
            "revenue": 1005023
        },
        "2010-11": {
            "month": "2010-11",
            "price": "19.37",
            "revenue": 1292419
        },
        "2010-12": {
            "month": "2010-12",
            "price": "20.75",
            "revenue": 811447
        },
        "2011-01": {
            "month": "2011-01",
            "price": "22.74",
            "revenue": 2659976
        },
        "2011-02": {
            "month": "2011-02",
            "price": "21.24",
            "revenue": 2412499
        },
        "2011-03": {
            "month": "2011-03",
            "price": "20.27",
            "revenue": 2144642
        },
        "2011-04": {
            "month": "2011-04",
            "price": "20.33",
            "revenue": 1872068
        },
        "2011-05": {
            "month": "2011-05",
            "price": "19.75",
            "revenue": 9486207
        },
        "2011-06": {
            "month": "2011-06",
            "price": "19.59",
            "revenue": 1799208
        },
        "2011-07": {
            "month": "2011-07",
            "price": "20.43",
            "revenue": 2364022
        },
        "2011-08": {
            "month": "2011-08",
            "price": "18.29",
            "revenue": 1839527
        },
        "2011-09": {
            "month": "2011-09",
            "price": "15.68",
            "revenue": 1463729
        },
        "2011-10": {
            "month": "2011-10",
            "price": "15.68",
            "revenue": 2314879
        },
        "2011-11": {
            "month": "2011-11",
            "price": "15.82",
            "revenue": 2150995
        },
        "2011-12": {
            "month": "2011-12",
            "price": "15.27",
            "revenue": 1348210
        },
        "2012-01": {
            "month": "2012-01",
            "price": "15.57",
            "revenue": 2220709
        },
        "2012-02": {
            "month": "2012-02",
            "price": "17.14",
            "revenue": 2983547
        },
        "2012-03": {
            "month": "2012-03",
            "price": "16.50",
            "revenue": 2693528
        },
        "2012-04": {
            "month": "2012-04",
            "price": "14.34",
            "revenue": 2138392
        },
        "2012-05": {
            "month": "2012-05",
            "price": "13.18",
            "revenue": 2032179
        },
        "2012-06": {
            "month": "2012-06",
            "price": "13.18",
            "revenue": 2351391
        },
        "2012-07": {
            "month": "2012-07",
            "price": "13.70",
            "revenue": 2381975
        },
        "2012-08": {
            "month": "2012-08",
            "price": "14.25",
            "revenue": 2517529
        },
        "2012-09": {
            "month": "2012-09",
            "price": "14.72",
            "revenue": 2158336
        },
        "2012-10": {
            "month": "2012-10",
            "price": "14.23",
            "revenue": 2979294
        },
        "2012-11": {
            "month": "2012-11",
            "price": "13.74",
            "revenue": 2173132
        },
        "2012-12": {
            "month": "2012-12",
            "price": "14.90",
            "revenue": 1874686
        },
        "2013-01": {
            "month": "2013-01",
            "price": "15.22",
            "revenue": 2700275
        },
        "2013-02": {
            "month": "2013-02",
            "price": "15.92",
            "revenue": 1893161
        },
        "2013-03": {
            "month": "2013-03",
            "price": "15.27",
            "revenue": 2127876
        },
        "2013-04": {
            "month": "2013-04",
            "price": "14.62",
            "revenue": 2188988
        },
        "2013-05": {
            "month": "2013-05",
            "price": "15.86",
            "revenue": 2528265
        },
        "2013-06": {
            "month": "2013-06",
            "price": "15.52",
            "revenue": 2201189
        },
        "2013-07": {
            "month": "2013-07",
            "price": "15.81",
            "revenue": 3014068
        },
        "2013-08": {
            "month": "2013-08",
            "price": "14.96",
            "revenue": 2385160
        },
        "2013-09": {
            "month": "2013-09",
            "price": "15.36",
            "revenue": 2356331
        },
        "2013-10": {
            "month": "2013-10",
            "price": "15.87",
            "revenue": 2570853
        },
        "2013-11": {
            "month": "2013-11",
            "price": "15.58",
            "revenue": 2077550
        },
        "2013-12": {
            "month": "2013-12",
            "price": "16.58",
            "revenue": 2653853
        },
        "2014-01": {
            "month": "2014-01",
            "price": "17.31",
            "revenue": 3374179
        },
        "2014-02": {
            "month": "2014-02",
            "price": "16.43",
            "revenue": 3103581
        },
        "2014-03": {
            "month": "2014-03",
            "price": "15.32",
            "revenue": 4590476
        },
        "2014-04": {
            "month": "2014-04",
            "price": "15.38",
            "revenue": 3376598
        },
        "2014-05": {
            "month": "2014-05",
            "price": "15.26",
            "revenue": 3902881
        },
        "2014-06": {
            "month": "2014-06",
            "price": "16.18",
            "revenue": 4645165
        },
        "2014-07": {
            "month": "2014-07",
            "price": "16.44",
            "revenue": 4959667
        },
        "2014-08": {
            "month": "2014-08",
            "price": "16.17",
            "revenue": 10119731
        },
        "2014-09": {
            "month": "2014-09",
            "price": "15.75",
            "revenue": 4209829
        },
        "2014-10": {
            "month": "2014-10",
            "price": "14.88",
            "revenue": 5132659
        },
        "2014-11": {
            "month": "2014-11",
            "price": "15.08",
            "revenue": 4077647
        },
        "2014-12": {
            "month": "2014-12",
            "price": "15.24",
            "revenue": 3756556
        },
        "2015-01": {
            "month": "2015-01",
            "price": "15.30",
            "revenue": 4776836
        },
        "2015-02": {
            "month": "2015-02",
            "price": "15.54",
            "revenue": 4111198
        },
        "2015-03": {
            "month": "2015-03",
            "price": "15.69",
            "revenue": 5425116
        },
        "2015-04": {
            "month": "2015-04",
            "price": "16.34",
            "revenue": 4732656
        },
        "2015-05": {
            "month": "2015-05",
            "price": "17.54",
            "revenue": 5374653
        },
        "2015-06": {
            "month": "2015-06",
            "price": "17.00",
            "revenue": 6655200
        },
        "2015-07": {
            "month": "2015-07",
            "price": "15.69",
            "revenue": 7456802
        },
        "2015-08": {
            "month": "2015-08",
            "price": "13.65",
            "revenue": 4743757
        },
        "2015-09": {
            "month": "2015-09",
            "price": "12.93",
            "revenue": 6458319
        },
        "2015-10": {
            "month": "2015-10",
            "price": "12.81",
            "revenue": 6554090
        },
        "2015-11": {
            "month": "2015-11",
            "price": "12.98",
            "revenue": 6383063
        },
        "2015-12": {
            "month": "2015-12",
            "price": "12.16",
            "revenue": 7298973
        },
        "2016-01": {
            "month": "2016-01",
            "price": "10.60",
            "revenue": 6682321
        },
        "2016-02": {
            "month": "2016-02",
            "price": "10.74",
            "revenue": 3976725
        },
        "2016-03": {
            "month": "2016-03",
            "price": "11.63",
            "revenue": 5965937
        },
        "2016-04": {
            "month": "2016-04",
            "price": "10.84",
            "revenue": 5323719
        },
        "2016-05": {
            "month": "2016-05",
            "price": "10.36",
            "revenue": 5886594
        },
        "2016-06": {
            "month": "2016-06",
            "price": "10.46",
            "revenue": 6985644
        },
        "2016-07": {
            "month": "2016-07",
            "price": "10.99",
            "revenue": 6809967
        },
        "2016-08": {
            "month": "2016-08",
            "price": "11.55",
            "revenue": 8331877
        },
        "2016-09": {
            "month": "2016-09",
            "price": "11.24",
            "revenue": 8028403
        },
        "2016-10": {
            "month": "2016-10",
            "price": "11.44",
            "revenue": 8645124
        },
        "2016-11": {
            "month": "2016-11",
            "price": "11.59",
            "revenue": 8787449
        },
        "2016-12": {
            "month": "2016-12",
            "price": "11.79",
            "revenue": 8538386
        },
        "2017-01": {
            "month": "2017-01",
            "price": "12.22",
            "revenue": 6846741
        },
        "2017-02": {
            "month": "2017-02",
            "price": "12.83",
            "revenue": 4905589
        },
        "2017-03": {
            "month": "2017-03",
            "price": "13.00",
            "revenue": 5795730
        },
        "2017-04": {
            "month": "2017-04",
            "price": "12.84",
            "revenue": 5724533
        },
        "2017-05": {
            "month": "2017-05",
            "price": "13.01",
            "revenue": 7009746
        },
        "2017-06": {
            "month": "2017-06",
            "price": "13.12",
            "revenue": 7961004
        },
        "2017-07": {
            "month": "2017-07",
            "price": "13.29",
            "revenue": 8642673
        },
        "2017-08": {
            "month": "2017-08",
            "price": "12.95",
            "revenue": 8591408
        },
        "2017-09": {
            "month": "2017-09",
            "price": "13.16",
            "revenue": 9671606
        },
        "2017-10": {
            "month": "2017-10",
            "price": "13.28",
            "revenue": 9033119
        },
        "2017-11": {
            "month": "2017-11",
            "price": "13.59",
            "revenue": 10012630
        },
        "2017-12": {
            "month": "2017-12",
            "price": "13.75",
            "revenue": 9863950
        },
        "2018-01": {
            "month": "2018-01",
            "price": "14.11",
            "revenue": 9448229
        },
        "2018-02": {
            "month": "2018-02",
            "price": "13.27",
            "revenue": 7143323
        },
        "2018-03": {
            "month": "2018-03",
            "price": "13.32",
            "revenue": 7532872
        },
        "2018-04": {
            "month": "2018-04",
            "price": "13.80",
            "revenue": 8544705
        },
        "2018-05": {
            "month": "2018-05",
            "price": "14.32",
            "revenue": 8628877
        },
        "2018-06": {
            "month": "2018-06",
            "price": "14.11",
            "revenue": 8750704
        },
        "2018-07": {
            "month": "2018-07",
            "price": "13.46",
            "revenue": 8642561
        },
        "2018-08": {
            "month": "2018-08",
            "price": "15.10",
            "revenue": 8659047
        },
        "2018-09": {
            "month": "2018-09",
            "price": "15.44",
            "revenue": 8069456
        },
        "2018-10": {
            "month": "2018-10",
            "price": "15.16",
            "revenue": 8455132
        },
        "2018-11": {
            "month": "2018-11",
            "price": "15.48",
            "revenue": 9083812
        },
        "2018-12": {
            "month": "2018-12",
            "price": "15.27",
            "revenue": 8390762
        },
        "2019-01": {
            "month": "2019-01",
            "price": "16.12",
            "revenue": 9610233
        },
        "2019-02": {
            "month": "2019-02",
            "price": "17.15",
            "revenue": 7245373
        },
        "2019-03": {
            "month": "2019-03",
            "price": "17.56",
            "revenue": 8159465
        },
        "2019-04": {
            "month": "2019-04",
            "price": "17.76",
            "revenue": 8688309
        },
        "2019-05": {
            "month": "2019-05",
            "price": "17.55",
            "revenue": 8466627
        },
        "2019-06": {
            "month": "2019-06",
            "price": "18.31",
            "revenue": 7603175
        },
        "2019-07": {
            "month": "2019-07",
            "price": "17.80",
            "revenue": 9976930
        },
        "2019-08": {
            "month": "2019-08",
            "price": "17.70",
            "revenue": 9361347
        },
        "2019-09": {
            "month": "2019-09",
            "price": "18.76",
            "revenue": 8620518
        },
        "2019-10": {
            "month": "2019-10",
            "price": "18.70",
            "revenue": 9080710
        },
        "2019-11": {
            "month": "2019-11",
            "price": "19.81",
            "revenue": 10088221
        },
        "2019-12": {
            "month": "2019-12",
            "price": "20.09",
            "revenue": 10894866
        },
        "2020-01": {
            "month": "2020-01",
            "price": "20.12",
            "revenue": 9794379
        },
        "2020-02": {
            "month": "2020-02",
            "price": "20.06",
            "revenue": 7687754
        },
        "2020-03": {
            "month": "2020-03",
            "price": "16.85",
            "revenue": 7325433
        },
        "2020-04": {
            "month": "2020-04",
            "price": "16.28",
            "revenue": 8020293
        },
        "2020-05": {
            "month": "2020-05",
            "price": "16.40",
            "revenue": 8649241
        },
        "2020-06": {
            "month": "2020-06",
            "price": "17.87",
            "revenue": 10007905
        },
        "2020-07": {
            "month": "2020-07",
            "price": "18.10",
            "revenue": 12130778
        },
        "2020-08": {
            "month": "2020-08",
            "price": "18.62",
            "revenue": 10445001
        },
        "2020-09": {
            "month": "2020-09",
            "price": "18.05",
            "revenue": 9260523
        },
        "2020-10": {
            "month": "2020-10",
            "price": "17.97",
            "revenue": 8527153
        },
        "2020-11": {
            "month": "2020-11",
            "price": "18.78",
            "revenue": 12117942
        },
        "2020-12": {
            "month": "2020-12",
            "price": "19.67",
            "revenue": 11683252
        },
        "2021-01": {
            "month": "2021-01",
            "price": "20.89",
            "revenue": 12753316
        },
        "2021-02": {
            "month": "2021-02",
            "price": "21.18",
            "revenue": 9491671
        },
        "2021-03": {
            "month": "2021-03",
            "price": "21.83",
            "revenue": 12345740
        },
        "2021-04": {
            "month": "2021-04",
            "price": "24.54",
            "revenue": 11557232
        },
        "2021-05": {
            "month": "2021-05",
            "price": "25.02",
            "revenue": 9446565
        },
        "2021-06": {
            "month": "2021-06",
            "price": "25.75",
            "revenue": 12320604
        },
        "2021-07": {
            "month": "2021-07",
            "price": "25.88",
            "revenue": 10264017
        },
        "2021-08": {
            "month": "2021-08",
            "price": "24.70",
            "revenue": 10141234
        },
        "2021-09": {
            "month": "2021-09",
            "price": "24.70",
            "revenue": 7945761
        },
        "2021-10": {
            "month": "2021-10",
            "price": "24.60",
            "revenue": 6795582
        },
        "2021-11": {
            "month": "2021-11",
            "price": "24.62",
            "revenue": 9480228
        },
        "2021-12": {
            "month": "2021-12",
            "price": "24.89",
            "revenue": 6698552
        },
        "2022-01": {
            "month": "2022-01",
            "price": "25.59",
            "revenue": 9053983
        },
        "2022-02": {
            "month": "2022-02",
            "price": "25.41",
            "revenue": 7666715
        },
        "2022-03": {
            "month": "2022-03",
            "price": "25.46",
            "revenue": 9098851
        },
        "2022-04": {
            "month": "2022-04",
            "price": "26.49",
            "revenue": 7958314
        },
        "2022-05": {
            "month": "2022-05",
            "price": "24.20",
            "revenue": 6666584
        },
        "2022-06": {
            "month": "2022-06",
            "price": "22.84",
            "revenue": 9848147
        },
        "2022-07": {
            "month": "2022-07",
            "price": "19.60",
            "revenue": 9043816
        },
        "2022-08": {
            "month": "2022-08",
            "price": "20.53",
            "revenue": 9033189
        },
        "2022-09": {
            "month": "2022-09",
            "price": "20.18",
            "revenue": 6860946
        },
        "2022-10": {
            "month": "2022-10",
            "price": "19.38",
            "revenue": 5695834
        },
        "2022-11": {
            "month": "2022-11",
            "price": "21.16",
            "revenue": 4191095
        },
        "2022-12": {
            "month": "2022-12",
            "price": "22.16",
            "revenue": 6384408
        },
        "2023-01": {
            "month": "2023-01",
            "price": "22.37",
            "revenue": 7661106
        },
        "2023-02": {
            "month": "2023-02",
            "price": "22.76",
            "revenue": 7365970
        },
        "2023-03": {
            "month": "2023-03",
            "price": "22.28",
            "revenue": 8563791
        },
        "2023-04": {
            "month": "2023-04",
            "price": "22.47",
            "revenue": 7526491
        },
        "2023-05": {
            "month": "2023-05",
            "price": "23.18",
            "revenue": 6875855
        },
        "2023-06": {
            "month": "2023-06",
            "price": "24.18",
            "revenue": 12139392
        },
        "2023-07": {
            "month": "2023-07",
            "price": "23.76",
            "revenue": 11633153
        },
        "2023-08": {
            "month": "2023-08",
            "price": "24.45",
            "revenue": 9008431
        },
        "2023-09": {
            "month": "2023-09",
            "price": "24.96",
            "revenue": 7048278
        },
        "2023-10": {
            "month": "2023-10",
            "price": "24.83",
            "revenue": 6299530
        },
        "2023-11": {
            "month": "2023-11",
            "price": "25.32",
            "revenue": 6890434
        },
        "2023-12": {
            "month": "2023-12",
            "price": "26.74",
            "revenue": 7077451
        }
    }
}
