{
    "summary": {
        "stock_name": "兆豐金",
        "stock_id": "2886",
        "category": "金融",
        "main_business": "金融控股公司業",
        "website_url": "http://www.megaholdings.com.tw",
        "ceo": "胡光華",
        "pe_ratio": 27,
        "report_year_from": 2002,
        "report_year_to": 2022,
        "age": 21,
        "eps_negative_percentage": 0,
        "eps_growth_avg": {
            "last_all": 1.33,
            "last_2y": -13.51,
            "last_4y": -5.52,
            "last_8y": -2.35,
            "last_12y": null,
            "last_16y": null,
            "last_20y": null,
            "at_2006_last_3y": null,
            "at_2007_last_3y": null,
            "at_2008_last_3y": null,
            "at_2009_last_3y": null,
            "at_2010_last_3y": null,
            "at_2011_last_3y": null,
            "at_2012_last_3y": null,
            "at_2013_last_3y": null,
            "at_2014_last_3y": 15.88,
            "at_2015_last_3y": 10.9,
            "at_2016_last_3y": -1.34,
            "at_2017_last_3y": 1.62,
            "at_2018_last_3y": -2.73,
            "at_2019_last_3y": -0.42,
            "at_2020_last_3y": 3.32,
            "at_2021_last_3y": 0.51,
            "at_2022_last_3y": -9.16,
            "at_2023_last_3y": -9.16,
            "at_2006_last_all": null,
            "at_2007_last_all": null,
            "at_2008_last_all": null,
            "at_2009_last_all": null,
            "at_2010_last_all": null,
            "at_2011_last_all": null,
            "at_2012_last_all": 17.49,
            "at_2013_last_all": 12.37,
            "at_2014_last_all": 15.88,
            "at_2015_last_all": 11.64,
            "at_2016_last_all": 4.94,
            "at_2017_last_all": 6.22,
            "at_2018_last_all": 6.58,
            "at_2019_last_all": 6.28,
            "at_2020_last_all": 4.29,
            "at_2021_last_all": 4.15,
            "at_2022_last_all": 1.33,
            "at_2023_last_all": 1.33
        },
        "latest_eps": 1.32,
        "latest_price": 35.95,
        "latest_roe": 5.84,
        "latest_gross_margin": null,
        "latest_equity": 299809453,
        "latest_revenue": 13950486,
        "latest_gross_profit": null,
        "latest_net_income": 4674557,
        "latest_debt_ratio": 92.62,
        "latest_current_ratio": null,
        "latest_account_receivable_turnover_ratio": null,
        "latest_inventory_turnover_ratio": null,
        "latest_reinvestment_rate": 1.46,
        "latest_research_to_sale_ratio": null
    },
    "eps_dividends": {
        "2001": {
            "cash": 0,
            "stock": 0,
            "eps": 0
        },
        "2002": {
            "cash": 0,
            "stock": 1,
            "eps": 0
        },
        "2003": {
            "cash": 0,
            "stock": 0,
            "eps": 0
        },
        "2004": {
            "cash": 2,
            "stock": 0,
            "eps": 0
        },
        "2005": {
            "cash": 2,
            "stock": 0,
            "eps": 0
        },
        "2006": {
            "cash": 2,
            "stock": 0,
            "eps": 0
        },
        "2007": {
            "cash": 2,
            "stock": 0,
            "eps": 0
        },
        "2008": {
            "cash": 1,
            "stock": 0,
            "eps": 0
        },
        "2009": {
            "cash": 0,
            "stock": 0,
            "eps": 0
        },
        "2010": {
            "cash": 1,
            "stock": 0,
            "eps": 1.37
        },
        "2011": {
            "cash": 2,
            "stock": 0,
            "eps": 1.57
        },
        "2012": {
            "cash": 0,
            "stock": 0,
            "eps": 1.89
        },
        "2013": {
            "cash": 1,
            "stock": 0,
            "eps": 1.93
        },
        "2014": {
            "cash": 1,
            "stock": 0,
            "eps": 2.44
        },
        "2015": {
            "cash": 1,
            "stock": 0,
            "eps": 2.31
        },
        "2016": {
            "cash": 2,
            "stock": 0,
            "eps": 1.65
        },
        "2017": {
            "cash": 1,
            "stock": 0,
            "eps": 1.88
        },
        "2018": {
            "cash": 2,
            "stock": 0,
            "eps": 2.05
        },
        "2019": {
            "cash": 2,
            "stock": 0,
            "eps": 2.13
        },
        "2020": {
            "cash": 2,
            "stock": 0,
            "eps": 1.84
        },
        "2021": {
            "cash": 2,
            "stock": 0,
            "eps": 1.89
        },
        "2022": {
            "cash": 1,
            "stock": 0,
            "eps": 1.33
        },
        "2023": {
            "cash": 1,
            "stock": 0,
            "eps": 0
        }
    },
    "dividends": {
        "2002-06-12": {
            "cash": 0,
            "stock": 1.04
        },
        "2003-04-21": {
            "cash": 0.4,
            "stock": 0.4
        },
        "2004-04-20": {
            "cash": 1.54,
            "stock": 0
        },
        "2005-04-22": {
            "cash": 1.53,
            "stock": 0
        },
        "2006-04-21": {
            "cash": 1.55,
            "stock": 0
        },
        "2007-04-27": {
            "cash": 1.5,
            "stock": 0
        },
        "2008-04-22": {
            "cash": 1.25,
            "stock": 0
        },
        "2009-04-28": {
            "cash": 0.25,
            "stock": 0
        },
        "2010-04-28": {
            "cash": 1,
            "stock": 0
        },
        "2011-01-01": {
            "cash": 0.85,
            "stock": 0.15
        },
        "2011-06-28": {
            "cash": 0.9,
            "stock": 0.2
        },
        "2013-04-23": {
            "cash": 1.1,
            "stock": 0
        },
        "2014-09-05": {
            "cash": 1.11,
            "stock": 0
        },
        "2015-09-04": {
            "cash": 1.4,
            "stock": 0
        },
        "2016-09-02": {
            "cash": 1.5,
            "stock": 0
        },
        "2017-09-01": {
            "cash": 1.42,
            "stock": 0
        },
        "2018-09-06": {
            "cash": 1.5,
            "stock": 0
        },
        "2019-09-05": {
            "cash": 1.7,
            "stock": 0
        },
        "2020-09-04": {
            "cash": 1.7,
            "stock": 0
        },
        "2021-09-03": {
            "cash": 1.58,
            "stock": 0
        },
        "2022-09-16": {
            "cash": 1.4,
            "stock": 0.25
        },
        "2023-04-17": {
            "cash": 1.24,
            "stock": 0.08
        }
    },
    "prices": {
        "200101": "無",
        "200102": "無",
        "200103": "無",
        "200104": "無",
        "200105": "無",
        "200106": "無",
        "200107": "無",
        "200108": "無",
        "200109": "無",
        "200110": "無",
        "200111": "無",
        "200112": "無",
        "200201": "無",
        "200202": "19.26",
        "200203": "18.73",
        "200204": "20.18",
        "200205": "20.48",
        "200206": "22.19",
        "200207": "21.31",
        "200208": "18.44",
        "200209": "15.58",
        "200210": "15.49",
        "200211": "16.83",
        "200212": "16.38",
        "200301": "18.30",
        "200302": "17.82",
        "200303": "16.39",
        "200304": "16.49",
        "200305": "15.83",
        "200306": "16.63",
        "200307": "16.93",
        "200308": "16.03",
        "200309": "17.36",
        "200310": "19.89",
        "200311": "19.92",
        "200312": "20.49",
        "200401": "21.75",
        "200402": "23.03",
        "200403": "23.37",
        "200404": "22.88",
        "200405": "21.73",
        "200406": "21.83",
        "200407": "21.59",
        "200408": "19.32",
        "200409": "21.22",
        "200410": "22.02",
        "200411": "22.25",
        "200412": "21.28",
        "200501": "20.96",
        "200502": "21.08",
        "200503": "20.82",
        "200504": "19.79",
        "200505": "20.64",
        "200506": "20.83",
        "200507": "21.07",
        "200508": "21.41",
        "200509": "21.85",
        "200510": "21.16",
        "200511": "22.44",
        "200512": "21.68",
        "200601": "21.44",
        "200602": "23.31",
        "200603": "23.60",
        "200604": "24.05",
        "200605": "23.86",
        "200606": "22.90",
        "200607": "22.99",
        "200608": "21.80",
        "200609": "22.52",
        "200610": "23.26",
        "200611": "23.86",
        "200612": "24.06",
        "200701": "22.94",
        "200702": "22.53",
        "200703": "21.08",
        "200704": "21.77",
        "200705": "20.95",
        "200706": "21.48",
        "200707": "23.11",
        "200708": "19.92",
        "200709": "20.26",
        "200710": "21.08",
        "200711": "19.96",
        "200712": "20.02",
        "200801": "20.55",
        "200802": "21.67",
        "200803": "23.43",
        "200804": "25.82",
        "200805": "25.37",
        "200806": "23.57",
        "200807": "20.88",
        "200808": "19.67",
        "200809": "16.68",
        "200810": "10.76",
        "200811": "9.75",
        "200812": "11.02",
        "200901": "10.45",
        "200902": "9.90",
        "200903": "10.70",
        "200904": "14.03",
        "200905": "15.33",
        "200906": "14.77",
        "200907": "16.62",
        "200908": "17.07",
        "200909": "19.03",
        "200910": "19.92",
        "200911": "19.18",
        "200912": "18.30",
        "201001": "18.30",
        "201002": "17.37",
        "201003": "18.15",
        "201004": "18.45",
        "201005": "17.27",
        "201006": "17.15",
        "201007": "18.73",
        "201008": "19.60",
        "201009": "20.57",
        "201010": "21.15",
        "201011": "20.79",
        "201012": "21.65",
        "201101": "22.37",
        "201102": "22.32",
        "201103": "22.06",
        "201104": "23.58",
        "201105": "24.50",
        "201106": "24.38",
        "201107": "26.55",
        "201108": "26.05",
        "201109": "22.25",
        "201110": "21.92",
        "201111": "20.69",
        "201112": "19.93",
        "201201": "20.04",
        "201202": "22.00",
        "201203": "21.43",
        "201204": "21.67",
        "201205": "21.37",
        "201206": "21.06",
        "201207": "23.05",
        "201208": "23.17",
        "201209": "22.57",
        "201210": "21.96",
        "201211": "21.48",
        "201212": "22.70",
        "201301": "23.22",
        "201302": "24.90",
        "201303": "24.65",
        "201304": "23.28",
        "201305": "23.78",
        "201306": "22.80",
        "201307": "24.43",
        "201308": "23.84",
        "201309": "23.83",
        "201310": "24.94",
        "201311": "24.22",
        "201312": "24.82",
        "201401": "24.77",
        "201402": "24.10",
        "201403": "23.40",
        "201404": "23.53",
        "201405": "23.83",
        "201406": "24.83",
        "201407": "25.74",
        "201408": "25.72",
        "201409": "25.36",
        "201410": "24.68",
        "201411": "25.04",
        "201412": "24.18",
        "201501": "23.89",
        "201502": "24.59",
        "201503": "25.18",
        "201504": "26.66",
        "201505": "27.24",
        "201506": "27.61",
        "201507": "27.08",
        "201508": "24.57",
        "201509": "23.50",
        "201510": "23.25",
        "201511": "22.70",
        "201512": "21.61",
        "201601": "20.16",
        "201602": "21.63",
        "201603": "22.74",
        "201604": "22.82",
        "201605": "23.17",
        "201606": "24.24",
        "201607": "24.63",
        "201608": "23.96",
        "201609": "22.15",
        "201610": "21.80",
        "201611": "22.68",
        "201612": "23.22",
        "201701": "23.52",
        "201702": "23.78",
        "201703": "24.07",
        "201704": "24.16",
        "201705": "24.59",
        "201706": "24.77",
        "201707": "25.54",
        "201708": "24.53",
        "201709": "23.80",
        "201710": "23.94",
        "201711": "23.66",
        "201712": "23.69",
        "201801": "25.33",
        "201802": "24.65",
        "201803": "25.16",
        "201804": "25.67",
        "201805": "26.48",
        "201806": "26.80",
        "201807": "26.86",
        "201808": "26.25",
        "201809": "26.47",
        "201810": "26.48",
        "201811": "26.27",
        "201812": "25.68",
        "201901": "26.09",
        "201902": "26.78",
        "201903": "27.58",
        "201904": "28.35",
        "201905": "30.20",
        "201906": "31.02",
        "201907": "31.75",
        "201908": "29.13",
        "201909": "29.02",
        "201910": "29.21",
        "201911": "30.44",
        "201912": "30.45",
        "202001": "31.32",
        "202002": "32.44",
        "202003": "29.63",
        "202004": "28.78",
        "202005": "30.28",
        "202006": "31.39",
        "202007": "32.09",
        "202008": "30.70",
        "202009": "28.36",
        "202010": "27.81",
        "202011": "29.04",
        "202012": "29.32",
        "202101": "29.24",
        "202102": "29.10",
        "202103": "30.92",
        "202104": "32.15",
        "202105": "32.32",
        "202106": "32.86",
        "202107": "32.91",
        "202108": "32.09",
        "202109": "32.34",
        "202110": "32.71",
        "202111": "33.95",
        "202112": "35.31",
        "202201": "36.66",
        "202202": "38.23",
        "202203": "39.83",
        "202204": "42.68",
        "202205": "38.02",
        "202206": "36.44",
        "202207": "34.76",
        "202208": "35.80",
        "202209": "34.12",
        "202210": "30.00",
        "202211": "30.64",
        "202212": "30.85",
        "202301": "31.50",
        "202302": "33.04",
        "202303": "32.70",
        "202304": "33.61",
        "202305": "34.67"
    },
    "quarters": {
        "20011": {
            "year_quarter": 20011,
            "year": 2001,
            "quarter": 1,
            "eps": null,
            "eps_growth_year": null,
            "eps_4q": null,
            "eps_4q_growth_year": null,
            "roe": null,
            "roe_4q": 0,
            "gross_profit": null,
            "gross_margin": null,
            "gross_margin_4q_avg": 0,
            "net_income": null,
            "revenue": null,
            "common_shares": null,
            "book_valuer_per_share": null,
            "book_valuer_per_share_4q_avg": 0,
            "equity": null,
            "current_ratio": null,
            "debt_ratio": null,
            "inventory_turnover_ratio": null,
            "account_receivable_turnover_ratio": null,
            "reinvestment_rate": null,
            "research_to_sale_ratio": null,
            "price_fair": 0,
            "eps_avg_yearly": 0,
            "eps_latest_yearly": 0,
            "eps_growth_yearly": 0
        },
        "20012": {
            "year_quarter": 20012,
            "year": 2001,
            "quarter": 2,
            "eps": null,
            "eps_growth_year": null,
            "eps_4q": null,
            "eps_4q_growth_year": null,
            "roe": null,
            "roe_4q": 0,
            "gross_profit": null,
            "gross_margin": null,
            "gross_margin_4q_avg": 0,
            "net_income": null,
            "revenue": null,
            "common_shares": null,
            "book_valuer_per_share": null,
            "book_valuer_per_share_4q_avg": 0,
            "equity": null,
            "current_ratio": null,
            "debt_ratio": null,
            "inventory_turnover_ratio": null,
            "account_receivable_turnover_ratio": null,
            "reinvestment_rate": null,
            "research_to_sale_ratio": null,
            "price_fair": 0,
            "eps_avg_yearly": 0,
            "eps_latest_yearly": 0,
            "eps_growth_yearly": 0
        },
        "20013": {
            "year_quarter": 20013,
            "year": 2001,
            "quarter": 3,
            "eps": null,
            "eps_growth_year": null,
            "eps_4q": null,
            "eps_4q_growth_year": null,
            "roe": null,
            "roe_4q": 0,
            "gross_profit": null,
            "gross_margin": null,
            "gross_margin_4q_avg": 0,
            "net_income": null,
            "revenue": null,
            "common_shares": null,
            "book_valuer_per_share": null,
            "book_valuer_per_share_4q_avg": 0,
            "equity": null,
            "current_ratio": null,
            "debt_ratio": null,
            "inventory_turnover_ratio": null,
            "account_receivable_turnover_ratio": null,
            "reinvestment_rate": null,
            "research_to_sale_ratio": null,
            "price_fair": 0,
            "eps_avg_yearly": 0,
            "eps_latest_yearly": 0,
            "eps_growth_yearly": 0
        },
        "20014": {
            "year_quarter": 20014,
            "year": 2001,
            "quarter": 4,
            "eps": null,
            "eps_growth_year": null,
            "eps_4q": null,
            "eps_4q_growth_year": null,
            "roe": null,
            "roe_4q": 0,
            "gross_profit": null,
            "gross_margin": null,
            "gross_margin_4q_avg": 0,
            "net_income": null,
            "revenue": null,
            "common_shares": null,
            "book_valuer_per_share": null,
            "book_valuer_per_share_4q_avg": 0,
            "equity": null,
            "current_ratio": null,
            "debt_ratio": null,
            "inventory_turnover_ratio": null,
            "account_receivable_turnover_ratio": null,
            "reinvestment_rate": null,
            "research_to_sale_ratio": null,
            "price_fair": 0,
            "eps_avg_yearly": 0,
            "eps_latest_yearly": 0,
            "eps_growth_yearly": 0
        },
        "20021": {
            "year_quarter": 20021,
            "year": 2002,
            "quarter": 1,
            "eps": null,
            "eps_growth_year": null,
            "eps_4q": null,
            "eps_4q_growth_year": null,
            "roe": null,
            "roe_4q": 0,
            "gross_profit": null,
            "gross_margin": null,
            "gross_margin_4q_avg": 0,
            "net_income": null,
            "revenue": null,
            "common_shares": null,
            "book_valuer_per_share": null,
            "book_valuer_per_share_4q_avg": 0,
            "equity": null,
            "current_ratio": null,
            "debt_ratio": null,
            "inventory_turnover_ratio": null,
            "account_receivable_turnover_ratio": null,
            "reinvestment_rate": null,
            "research_to_sale_ratio": null,
            "price_fair": 0,
            "eps_avg_yearly": 0,
            "eps_latest_yearly": 0,
            "eps_growth_yearly": 0
        },
        "20022": {
            "year_quarter": 20022,
            "year": 2002,
            "quarter": 2,
            "eps": null,
            "eps_growth_year": null,
            "eps_4q": null,
            "eps_4q_growth_year": null,
            "roe": null,
            "roe_4q": 0,
            "gross_profit": null,
            "gross_margin": null,
            "gross_margin_4q_avg": 0,
            "net_income": null,
            "revenue": null,
            "common_shares": null,
            "book_valuer_per_share": null,
            "book_valuer_per_share_4q_avg": 0,
            "equity": null,
            "current_ratio": null,
            "debt_ratio": null,
            "inventory_turnover_ratio": null,
            "account_receivable_turnover_ratio": null,
            "reinvestment_rate": null,
            "research_to_sale_ratio": null,
            "price_fair": 0,
            "eps_avg_yearly": 0,
            "eps_latest_yearly": 0,
            "eps_growth_yearly": 0
        },
        "20023": {
            "year_quarter": 20023,
            "year": 2002,
            "quarter": 3,
            "eps": null,
            "eps_growth_year": null,
            "eps_4q": null,
            "eps_4q_growth_year": null,
            "roe": null,
            "roe_4q": 0,
            "gross_profit": null,
            "gross_margin": null,
            "gross_margin_4q_avg": 0,
            "net_income": null,
            "revenue": null,
            "common_shares": null,
            "book_valuer_per_share": null,
            "book_valuer_per_share_4q_avg": 0,
            "equity": null,
            "current_ratio": null,
            "debt_ratio": null,
            "inventory_turnover_ratio": null,
            "account_receivable_turnover_ratio": null,
            "reinvestment_rate": null,
            "research_to_sale_ratio": null,
            "price_fair": 0,
            "eps_avg_yearly": 0,
            "eps_latest_yearly": 0,
            "eps_growth_yearly": 0
        },
        "20024": {
            "year_quarter": 20024,
            "year": 2002,
            "quarter": 4,
            "eps": null,
            "eps_growth_year": null,
            "eps_4q": null,
            "eps_4q_growth_year": null,
            "roe": null,
            "roe_4q": 0,
            "gross_profit": null,
            "gross_margin": null,
            "gross_margin_4q_avg": 0,
            "net_income": null,
            "revenue": null,
            "common_shares": null,
            "book_valuer_per_share": null,
            "book_valuer_per_share_4q_avg": 0,
            "equity": null,
            "current_ratio": null,
            "debt_ratio": null,
            "inventory_turnover_ratio": null,
            "account_receivable_turnover_ratio": null,
            "reinvestment_rate": null,
            "research_to_sale_ratio": null,
            "price_fair": 0,
            "eps_avg_yearly": 0,
            "eps_latest_yearly": 0,
            "eps_growth_yearly": 0
        },
        "20031": {
            "year_quarter": 20031,
            "year": 2003,
            "quarter": 1,
            "eps": null,
            "eps_growth_year": null,
            "eps_4q": null,
            "eps_4q_growth_year": null,
            "roe": null,
            "roe_4q": 0,
            "gross_profit": null,
            "gross_margin": null,
            "gross_margin_4q_avg": 0,
            "net_income": null,
            "revenue": null,
            "common_shares": null,
            "book_valuer_per_share": null,
            "book_valuer_per_share_4q_avg": 0,
            "equity": null,
            "current_ratio": null,
            "debt_ratio": null,
            "inventory_turnover_ratio": null,
            "account_receivable_turnover_ratio": null,
            "reinvestment_rate": null,
            "research_to_sale_ratio": null,
            "price_fair": 0,
            "eps_avg_yearly": 0,
            "eps_latest_yearly": 0,
            "eps_growth_yearly": 0
        },
        "20032": {
            "year_quarter": 20032,
            "year": 2003,
            "quarter": 2,
            "eps": null,
            "eps_growth_year": null,
            "eps_4q": null,
            "eps_4q_growth_year": null,
            "roe": null,
            "roe_4q": 0,
            "gross_profit": null,
            "gross_margin": null,
            "gross_margin_4q_avg": 0,
            "net_income": null,
            "revenue": null,
            "common_shares": null,
            "book_valuer_per_share": null,
            "book_valuer_per_share_4q_avg": 0,
            "equity": null,
            "current_ratio": null,
            "debt_ratio": null,
            "inventory_turnover_ratio": null,
            "account_receivable_turnover_ratio": null,
            "reinvestment_rate": null,
            "research_to_sale_ratio": null,
            "price_fair": 0,
            "eps_avg_yearly": 0,
            "eps_latest_yearly": 0,
            "eps_growth_yearly": 0
        },
        "20033": {
            "year_quarter": 20033,
            "year": 2003,
            "quarter": 3,
            "eps": null,
            "eps_growth_year": null,
            "eps_4q": null,
            "eps_4q_growth_year": null,
            "roe": null,
            "roe_4q": 0,
            "gross_profit": null,
            "gross_margin": null,
            "gross_margin_4q_avg": 0,
            "net_income": null,
            "revenue": null,
            "common_shares": null,
            "book_valuer_per_share": null,
            "book_valuer_per_share_4q_avg": 0,
            "equity": null,
            "current_ratio": null,
            "debt_ratio": null,
            "inventory_turnover_ratio": null,
            "account_receivable_turnover_ratio": null,
            "reinvestment_rate": null,
            "research_to_sale_ratio": null,
            "price_fair": 0,
            "eps_avg_yearly": 0,
            "eps_latest_yearly": 0,
            "eps_growth_yearly": 0
        },
        "20034": {
            "year_quarter": 20034,
            "year": 2003,
            "quarter": 4,
            "eps": null,
            "eps_growth_year": null,
            "eps_4q": null,
            "eps_4q_growth_year": null,
            "roe": null,
            "roe_4q": 0,
            "gross_profit": null,
            "gross_margin": null,
            "gross_margin_4q_avg": 0,
            "net_income": null,
            "revenue": null,
            "common_shares": null,
            "book_valuer_per_share": null,
            "book_valuer_per_share_4q_avg": 0,
            "equity": null,
            "current_ratio": null,
            "debt_ratio": null,
            "inventory_turnover_ratio": null,
            "account_receivable_turnover_ratio": null,
            "reinvestment_rate": null,
            "research_to_sale_ratio": null,
            "price_fair": 0,
            "eps_avg_yearly": 0,
            "eps_latest_yearly": 0,
            "eps_growth_yearly": 0
        },
        "20041": {
            "year_quarter": 20041,
            "year": 2004,
            "quarter": 1,
            "eps": null,
            "eps_growth_year": null,
            "eps_4q": null,
            "eps_4q_growth_year": null,
            "roe": null,
            "roe_4q": 0,
            "gross_profit": null,
            "gross_margin": null,
            "gross_margin_4q_avg": 0,
            "net_income": null,
            "revenue": null,
            "common_shares": null,
            "book_valuer_per_share": null,
            "book_valuer_per_share_4q_avg": 0,
            "equity": null,
            "current_ratio": null,
            "debt_ratio": null,
            "inventory_turnover_ratio": null,
            "account_receivable_turnover_ratio": null,
            "reinvestment_rate": null,
            "research_to_sale_ratio": null,
            "price_fair": 0,
            "eps_avg_yearly": 0,
            "eps_latest_yearly": 0,
            "eps_growth_yearly": 0
        },
        "20042": {
            "year_quarter": 20042,
            "year": 2004,
            "quarter": 2,
            "eps": null,
            "eps_growth_year": null,
            "eps_4q": null,
            "eps_4q_growth_year": null,
            "roe": null,
            "roe_4q": 0,
            "gross_profit": null,
            "gross_margin": null,
            "gross_margin_4q_avg": 0,
            "net_income": null,
            "revenue": null,
            "common_shares": null,
            "book_valuer_per_share": null,
            "book_valuer_per_share_4q_avg": 0,
            "equity": null,
            "current_ratio": null,
            "debt_ratio": null,
            "inventory_turnover_ratio": null,
            "account_receivable_turnover_ratio": null,
            "reinvestment_rate": null,
            "research_to_sale_ratio": null,
            "price_fair": 0,
            "eps_avg_yearly": 0,
            "eps_latest_yearly": 0,
            "eps_growth_yearly": 0
        },
        "20043": {
            "year_quarter": 20043,
            "year": 2004,
            "quarter": 3,
            "eps": null,
            "eps_growth_year": null,
            "eps_4q": null,
            "eps_4q_growth_year": null,
            "roe": null,
            "roe_4q": 0,
            "gross_profit": null,
            "gross_margin": null,
            "gross_margin_4q_avg": 0,
            "net_income": null,
            "revenue": null,
            "common_shares": null,
            "book_valuer_per_share": null,
            "book_valuer_per_share_4q_avg": 0,
            "equity": null,
            "current_ratio": null,
            "debt_ratio": null,
            "inventory_turnover_ratio": null,
            "account_receivable_turnover_ratio": null,
            "reinvestment_rate": null,
            "research_to_sale_ratio": null,
            "price_fair": 0,
            "eps_avg_yearly": 0,
            "eps_latest_yearly": 0,
            "eps_growth_yearly": 0
        },
        "20044": {
            "year_quarter": 20044,
            "year": 2004,
            "quarter": 4,
            "eps": null,
            "eps_growth_year": null,
            "eps_4q": null,
            "eps_4q_growth_year": null,
            "roe": null,
            "roe_4q": 0,
            "gross_profit": null,
            "gross_margin": null,
            "gross_margin_4q_avg": 0,
            "net_income": null,
            "revenue": null,
            "common_shares": null,
            "book_valuer_per_share": null,
            "book_valuer_per_share_4q_avg": 0,
            "equity": null,
            "current_ratio": null,
            "debt_ratio": null,
            "inventory_turnover_ratio": null,
            "account_receivable_turnover_ratio": null,
            "reinvestment_rate": null,
            "research_to_sale_ratio": null,
            "price_fair": 0,
            "eps_avg_yearly": 0,
            "eps_latest_yearly": 0,
            "eps_growth_yearly": 0
        },
        "20051": {
            "year_quarter": 20051,
            "year": 2005,
            "quarter": 1,
            "eps": null,
            "eps_growth_year": null,
            "eps_4q": null,
            "eps_4q_growth_year": null,
            "roe": null,
            "roe_4q": 0,
            "gross_profit": null,
            "gross_margin": null,
            "gross_margin_4q_avg": 0,
            "net_income": null,
            "revenue": null,
            "common_shares": null,
            "book_valuer_per_share": null,
            "book_valuer_per_share_4q_avg": 0,
            "equity": null,
            "current_ratio": null,
            "debt_ratio": null,
            "inventory_turnover_ratio": null,
            "account_receivable_turnover_ratio": null,
            "reinvestment_rate": null,
            "research_to_sale_ratio": null,
            "price_fair": 0,
            "eps_avg_yearly": 0,
            "eps_latest_yearly": 0,
            "eps_growth_yearly": 0
        },
        "20052": {
            "year_quarter": 20052,
            "year": 2005,
            "quarter": 2,
            "eps": null,
            "eps_growth_year": null,
            "eps_4q": null,
            "eps_4q_growth_year": null,
            "roe": null,
            "roe_4q": 0,
            "gross_profit": null,
            "gross_margin": null,
            "gross_margin_4q_avg": 0,
            "net_income": null,
            "revenue": null,
            "common_shares": null,
            "book_valuer_per_share": null,
            "book_valuer_per_share_4q_avg": 0,
            "equity": null,
            "current_ratio": null,
            "debt_ratio": null,
            "inventory_turnover_ratio": null,
            "account_receivable_turnover_ratio": null,
            "reinvestment_rate": null,
            "research_to_sale_ratio": null,
            "price_fair": 0,
            "eps_avg_yearly": 0,
            "eps_latest_yearly": 0,
            "eps_growth_yearly": 0
        },
        "20053": {
            "year_quarter": 20053,
            "year": 2005,
            "quarter": 3,
            "eps": null,
            "eps_growth_year": null,
            "eps_4q": null,
            "eps_4q_growth_year": null,
            "roe": null,
            "roe_4q": 0,
            "gross_profit": null,
            "gross_margin": null,
            "gross_margin_4q_avg": 0,
            "net_income": null,
            "revenue": null,
            "common_shares": null,
            "book_valuer_per_share": null,
            "book_valuer_per_share_4q_avg": 0,
            "equity": null,
            "current_ratio": null,
            "debt_ratio": null,
            "inventory_turnover_ratio": null,
            "account_receivable_turnover_ratio": null,
            "reinvestment_rate": null,
            "research_to_sale_ratio": null,
            "price_fair": 0,
            "eps_avg_yearly": 0,
            "eps_latest_yearly": 0,
            "eps_growth_yearly": 0
        },
        "20054": {
            "year_quarter": 20054,
            "year": 2005,
            "quarter": 4,
            "eps": null,
            "eps_growth_year": null,
            "eps_4q": null,
            "eps_4q_growth_year": null,
            "roe": null,
            "roe_4q": 0,
            "gross_profit": null,
            "gross_margin": null,
            "gross_margin_4q_avg": 0,
            "net_income": null,
            "revenue": null,
            "common_shares": null,
            "book_valuer_per_share": null,
            "book_valuer_per_share_4q_avg": 0,
            "equity": null,
            "current_ratio": null,
            "debt_ratio": null,
            "inventory_turnover_ratio": null,
            "account_receivable_turnover_ratio": null,
            "reinvestment_rate": null,
            "research_to_sale_ratio": null,
            "price_fair": 0,
            "eps_avg_yearly": 0,
            "eps_latest_yearly": 0,
            "eps_growth_yearly": 0
        },
        "20061": {
            "year_quarter": 20061,
            "year": 2006,
            "quarter": 1,
            "eps": null,
            "eps_growth_year": null,
            "eps_4q": null,
            "eps_4q_growth_year": null,
            "roe": null,
            "roe_4q": 0,
            "gross_profit": null,
            "gross_margin": null,
            "gross_margin_4q_avg": 0,
            "net_income": null,
            "revenue": null,
            "common_shares": null,
            "book_valuer_per_share": null,
            "book_valuer_per_share_4q_avg": 0,
            "equity": null,
            "current_ratio": null,
            "debt_ratio": null,
            "inventory_turnover_ratio": null,
            "account_receivable_turnover_ratio": null,
            "reinvestment_rate": null,
            "research_to_sale_ratio": null,
            "price_fair": 0,
            "eps_avg_yearly": 0,
            "eps_latest_yearly": 0,
            "eps_growth_yearly": 0
        },
        "20062": {
            "year_quarter": 20062,
            "year": 2006,
            "quarter": 2,
            "eps": null,
            "eps_growth_year": null,
            "eps_4q": null,
            "eps_4q_growth_year": null,
            "roe": null,
            "roe_4q": 0,
            "gross_profit": null,
            "gross_margin": null,
            "gross_margin_4q_avg": 0,
            "net_income": null,
            "revenue": null,
            "common_shares": null,
            "book_valuer_per_share": null,
            "book_valuer_per_share_4q_avg": 0,
            "equity": null,
            "current_ratio": null,
            "debt_ratio": null,
            "inventory_turnover_ratio": null,
            "account_receivable_turnover_ratio": null,
            "reinvestment_rate": null,
            "research_to_sale_ratio": null,
            "price_fair": 0,
            "eps_avg_yearly": 0,
            "eps_latest_yearly": 0,
            "eps_growth_yearly": 0
        },
        "20063": {
            "year_quarter": 20063,
            "year": 2006,
            "quarter": 3,
            "eps": null,
            "eps_growth_year": null,
            "eps_4q": null,
            "eps_4q_growth_year": null,
            "roe": null,
            "roe_4q": 0,
            "gross_profit": null,
            "gross_margin": null,
            "gross_margin_4q_avg": 0,
            "net_income": null,
            "revenue": null,
            "common_shares": null,
            "book_valuer_per_share": null,
            "book_valuer_per_share_4q_avg": 0,
            "equity": null,
            "current_ratio": null,
            "debt_ratio": null,
            "inventory_turnover_ratio": null,
            "account_receivable_turnover_ratio": null,
            "reinvestment_rate": null,
            "research_to_sale_ratio": null,
            "price_fair": 0,
            "eps_avg_yearly": 0,
            "eps_latest_yearly": 0,
            "eps_growth_yearly": 0
        },
        "20064": {
            "year_quarter": 20064,
            "year": 2006,
            "quarter": 4,
            "eps": null,
            "eps_growth_year": null,
            "eps_4q": null,
            "eps_4q_growth_year": null,
            "roe": null,
            "roe_4q": 0,
            "gross_profit": null,
            "gross_margin": null,
            "gross_margin_4q_avg": 0,
            "net_income": null,
            "revenue": null,
            "common_shares": null,
            "book_valuer_per_share": null,
            "book_valuer_per_share_4q_avg": 0,
            "equity": null,
            "current_ratio": null,
            "debt_ratio": null,
            "inventory_turnover_ratio": null,
            "account_receivable_turnover_ratio": null,
            "reinvestment_rate": null,
            "research_to_sale_ratio": null,
            "price_fair": 0,
            "eps_avg_yearly": 0,
            "eps_latest_yearly": 0,
            "eps_growth_yearly": 0
        },
        "20071": {
            "year_quarter": 20071,
            "year": 2007,
            "quarter": 1,
            "eps": null,
            "eps_growth_year": null,
            "eps_4q": null,
            "eps_4q_growth_year": null,
            "roe": null,
            "roe_4q": 0,
            "gross_profit": null,
            "gross_margin": null,
            "gross_margin_4q_avg": 0,
            "net_income": null,
            "revenue": null,
            "common_shares": null,
            "book_valuer_per_share": null,
            "book_valuer_per_share_4q_avg": 0,
            "equity": null,
            "current_ratio": null,
            "debt_ratio": null,
            "inventory_turnover_ratio": null,
            "account_receivable_turnover_ratio": null,
            "reinvestment_rate": null,
            "research_to_sale_ratio": null,
            "price_fair": 0,
            "eps_avg_yearly": 0,
            "eps_latest_yearly": 0,
            "eps_growth_yearly": 0
        },
        "20072": {
            "year_quarter": 20072,
            "year": 2007,
            "quarter": 2,
            "eps": null,
            "eps_growth_year": null,
            "eps_4q": null,
            "eps_4q_growth_year": null,
            "roe": null,
            "roe_4q": 0,
            "gross_profit": null,
            "gross_margin": null,
            "gross_margin_4q_avg": 0,
            "net_income": null,
            "revenue": null,
            "common_shares": null,
            "book_valuer_per_share": null,
            "book_valuer_per_share_4q_avg": 0,
            "equity": null,
            "current_ratio": null,
            "debt_ratio": null,
            "inventory_turnover_ratio": null,
            "account_receivable_turnover_ratio": null,
            "reinvestment_rate": null,
            "research_to_sale_ratio": null,
            "price_fair": 0,
            "eps_avg_yearly": 0,
            "eps_latest_yearly": 0,
            "eps_growth_yearly": 0
        },
        "20073": {
            "year_quarter": 20073,
            "year": 2007,
            "quarter": 3,
            "eps": null,
            "eps_growth_year": null,
            "eps_4q": null,
            "eps_4q_growth_year": null,
            "roe": null,
            "roe_4q": 0,
            "gross_profit": null,
            "gross_margin": null,
            "gross_margin_4q_avg": 0,
            "net_income": null,
            "revenue": null,
            "common_shares": null,
            "book_valuer_per_share": null,
            "book_valuer_per_share_4q_avg": 0,
            "equity": null,
            "current_ratio": null,
            "debt_ratio": null,
            "inventory_turnover_ratio": null,
            "account_receivable_turnover_ratio": null,
            "reinvestment_rate": null,
            "research_to_sale_ratio": null,
            "price_fair": 0,
            "eps_avg_yearly": 0,
            "eps_latest_yearly": 0,
            "eps_growth_yearly": 0
        },
        "20074": {
            "year_quarter": 20074,
            "year": 2007,
            "quarter": 4,
            "eps": null,
            "eps_growth_year": null,
            "eps_4q": null,
            "eps_4q_growth_year": null,
            "roe": null,
            "roe_4q": 0,
            "gross_profit": null,
            "gross_margin": null,
            "gross_margin_4q_avg": 0,
            "net_income": null,
            "revenue": null,
            "common_shares": null,
            "book_valuer_per_share": null,
            "book_valuer_per_share_4q_avg": 0,
            "equity": null,
            "current_ratio": null,
            "debt_ratio": null,
            "inventory_turnover_ratio": null,
            "account_receivable_turnover_ratio": null,
            "reinvestment_rate": null,
            "research_to_sale_ratio": null,
            "price_fair": 0,
            "eps_avg_yearly": 0,
            "eps_latest_yearly": 0,
            "eps_growth_yearly": 0
        },
        "20081": {
            "year_quarter": 20081,
            "year": 2008,
            "quarter": 1,
            "eps": null,
            "eps_growth_year": null,
            "eps_4q": null,
            "eps_4q_growth_year": null,
            "roe": null,
            "roe_4q": 0,
            "gross_profit": null,
            "gross_margin": null,
            "gross_margin_4q_avg": 0,
            "net_income": null,
            "revenue": null,
            "common_shares": null,
            "book_valuer_per_share": null,
            "book_valuer_per_share_4q_avg": 0,
            "equity": null,
            "current_ratio": null,
            "debt_ratio": null,
            "inventory_turnover_ratio": null,
            "account_receivable_turnover_ratio": null,
            "reinvestment_rate": null,
            "research_to_sale_ratio": null,
            "price_fair": 0,
            "eps_avg_yearly": 0,
            "eps_latest_yearly": 0,
            "eps_growth_yearly": 0
        },
        "20082": {
            "year_quarter": 20082,
            "year": 2008,
            "quarter": 2,
            "eps": null,
            "eps_growth_year": null,
            "eps_4q": null,
            "eps_4q_growth_year": null,
            "roe": null,
            "roe_4q": 0,
            "gross_profit": null,
            "gross_margin": null,
            "gross_margin_4q_avg": 0,
            "net_income": null,
            "revenue": null,
            "common_shares": null,
            "book_valuer_per_share": null,
            "book_valuer_per_share_4q_avg": 0,
            "equity": null,
            "current_ratio": null,
            "debt_ratio": null,
            "inventory_turnover_ratio": null,
            "account_receivable_turnover_ratio": null,
            "reinvestment_rate": null,
            "research_to_sale_ratio": null,
            "price_fair": 0,
            "eps_avg_yearly": 0,
            "eps_latest_yearly": 0,
            "eps_growth_yearly": 0
        },
        "20083": {
            "year_quarter": 20083,
            "year": 2008,
            "quarter": 3,
            "eps": null,
            "eps_growth_year": null,
            "eps_4q": null,
            "eps_4q_growth_year": null,
            "roe": null,
            "roe_4q": 0,
            "gross_profit": null,
            "gross_margin": null,
            "gross_margin_4q_avg": 0,
            "net_income": null,
            "revenue": null,
            "common_shares": null,
            "book_valuer_per_share": null,
            "book_valuer_per_share_4q_avg": 0,
            "equity": null,
            "current_ratio": null,
            "debt_ratio": null,
            "inventory_turnover_ratio": null,
            "account_receivable_turnover_ratio": null,
            "reinvestment_rate": null,
            "research_to_sale_ratio": null,
            "price_fair": 0,
            "eps_avg_yearly": 0,
            "eps_latest_yearly": 0,
            "eps_growth_yearly": 0
        },
        "20084": {
            "year_quarter": 20084,
            "year": 2008,
            "quarter": 4,
            "eps": null,
            "eps_growth_year": null,
            "eps_4q": null,
            "eps_4q_growth_year": null,
            "roe": null,
            "roe_4q": 0,
            "gross_profit": null,
            "gross_margin": null,
            "gross_margin_4q_avg": 0,
            "net_income": null,
            "revenue": null,
            "common_shares": 110594262,
            "book_valuer_per_share": null,
            "book_valuer_per_share_4q_avg": 0,
            "equity": 178034383,
            "current_ratio": null,
            "debt_ratio": null,
            "inventory_turnover_ratio": null,
            "account_receivable_turnover_ratio": null,
            "reinvestment_rate": null,
            "research_to_sale_ratio": null,
            "price_fair": 0,
            "eps_avg_yearly": 0,
            "eps_latest_yearly": 0,
            "eps_growth_yearly": 0
        },
        "20091": {
            "year_quarter": 20091,
            "year": 2009,
            "quarter": 1,
            "eps": null,
            "eps_growth_year": null,
            "eps_4q": null,
            "eps_4q_growth_year": null,
            "roe": null,
            "roe_4q": 0,
            "gross_profit": null,
            "gross_margin": null,
            "gross_margin_4q_avg": 0,
            "net_income": 3634966,
            "revenue": 14394188,
            "common_shares": 110594262,
            "book_valuer_per_share": null,
            "book_valuer_per_share_4q_avg": 0,
            "equity": 180693254,
            "current_ratio": null,
            "debt_ratio": null,
            "inventory_turnover_ratio": null,
            "account_receivable_turnover_ratio": null,
            "reinvestment_rate": null,
            "research_to_sale_ratio": null,
            "price_fair": 0,
            "eps_avg_yearly": 0,
            "eps_latest_yearly": 0,
            "eps_growth_yearly": 0
        },
        "20092": {
            "year_quarter": 20092,
            "year": 2009,
            "quarter": 2,
            "eps": null,
            "eps_growth_year": null,
            "eps_4q": null,
            "eps_4q_growth_year": null,
            "roe": null,
            "roe_4q": 0,
            "gross_profit": null,
            "gross_margin": null,
            "gross_margin_4q_avg": 0,
            "net_income": 4417088,
            "revenue": 11300893,
            "common_shares": 110594262,
            "book_valuer_per_share": null,
            "book_valuer_per_share_4q_avg": 0,
            "equity": 185695275,
            "current_ratio": null,
            "debt_ratio": null,
            "inventory_turnover_ratio": null,
            "account_receivable_turnover_ratio": null,
            "reinvestment_rate": null,
            "research_to_sale_ratio": null,
            "price_fair": 0,
            "eps_avg_yearly": 0,
            "eps_latest_yearly": 0,
            "eps_growth_yearly": 0
        },
        "20093": {
            "year_quarter": 20093,
            "year": 2009,
            "quarter": 3,
            "eps": null,
            "eps_growth_year": null,
            "eps_4q": null,
            "eps_4q_growth_year": null,
            "roe": null,
            "roe_4q": 0,
            "gross_profit": null,
            "gross_margin": null,
            "gross_margin_4q_avg": 0,
            "net_income": 3323269,
            "revenue": 10593027,
            "common_shares": 110594262,
            "book_valuer_per_share": null,
            "book_valuer_per_share_4q_avg": 0,
            "equity": 192211307,
            "current_ratio": null,
            "debt_ratio": null,
            "inventory_turnover_ratio": null,
            "account_receivable_turnover_ratio": null,
            "reinvestment_rate": null,
            "research_to_sale_ratio": null,
            "price_fair": 0,
            "eps_avg_yearly": 0,
            "eps_latest_yearly": 0,
            "eps_growth_yearly": 0
        },
        "20094": {
            "year_quarter": 20094,
            "year": 2009,
            "quarter": 4,
            "eps": null,
            "eps_growth_year": null,
            "eps_4q": null,
            "eps_4q_growth_year": null,
            "roe": null,
            "roe_4q": 0,
            "gross_profit": null,
            "gross_margin": null,
            "gross_margin_4q_avg": 0,
            "net_income": 2969547,
            "revenue": 10144194,
            "common_shares": 110594262,
            "book_valuer_per_share": 17.75,
            "book_valuer_per_share_4q_avg": 4.44,
            "equity": 196295495,
            "current_ratio": null,
            "debt_ratio": 92.14,
            "inventory_turnover_ratio": null,
            "account_receivable_turnover_ratio": null,
            "reinvestment_rate": null,
            "research_to_sale_ratio": null,
            "price_fair": 0,
            "eps_avg_yearly": 0,
            "eps_latest_yearly": 0,
            "eps_growth_yearly": 0
        },
        "20101": {
            "year_quarter": 20101,
            "year": 2010,
            "quarter": 1,
            "eps": 0.36,
            "eps_growth_year": null,
            "eps_4q": 0.36,
            "eps_4q_growth_year": null,
            "roe": 2.01,
            "roe_4q": 2.01,
            "gross_profit": null,
            "gross_margin": null,
            "gross_margin_4q_avg": 0,
            "net_income": 3981330,
            "revenue": 11967580,
            "common_shares": 110594262,
            "book_valuer_per_share": 18.02,
            "book_valuer_per_share_4q_avg": 8.94,
            "equity": 199339817,
            "current_ratio": null,
            "debt_ratio": 91.9,
            "inventory_turnover_ratio": null,
            "account_receivable_turnover_ratio": null,
            "reinvestment_rate": null,
            "research_to_sale_ratio": null,
            "price_fair": 0,
            "eps_avg_yearly": 0,
            "eps_latest_yearly": 0,
            "eps_growth_yearly": 0
        },
        "20102": {
            "year_quarter": 20102,
            "year": 2010,
            "quarter": 2,
            "eps": 0.34,
            "eps_growth_year": null,
            "eps_4q": 0.7,
            "eps_4q_growth_year": null,
            "roe": 1.92,
            "roe_4q": 3.9299999999999997,
            "gross_profit": null,
            "gross_margin": null,
            "gross_margin_4q_avg": 0,
            "net_income": 3748615,
            "revenue": 7798083,
            "common_shares": 110594262,
            "book_valuer_per_share": 17.21,
            "book_valuer_per_share_4q_avg": 13.25,
            "equity": 190308820,
            "current_ratio": null,
            "debt_ratio": 91.7,
            "inventory_turnover_ratio": null,
            "account_receivable_turnover_ratio": null,
            "reinvestment_rate": null,
            "research_to_sale_ratio": null,
            "price_fair": 4.08,
            "eps_avg_yearly": 1.36,
            "eps_latest_yearly": 1.36,
            "eps_growth_yearly": -22.22
        },
        "20103": {
            "year_quarter": 20103,
            "year": 2010,
            "quarter": 3,
            "eps": 0.38,
            "eps_growth_year": null,
            "eps_4q": 1.07,
            "eps_4q_growth_year": null,
            "roe": 2.16,
            "roe_4q": 6.09,
            "gross_profit": null,
            "gross_margin": null,
            "gross_margin_4q_avg": 0,
            "net_income": 4173621,
            "revenue": 12166638,
            "common_shares": 110594262,
            "book_valuer_per_share": 17.79,
            "book_valuer_per_share_4q_avg": 17.69,
            "equity": 196746879,
            "current_ratio": null,
            "debt_ratio": 91.57,
            "inventory_turnover_ratio": null,
            "account_receivable_turnover_ratio": null,
            "reinvestment_rate": null,
            "research_to_sale_ratio": null,
            "price_fair": 32.28,
            "eps_avg_yearly": 1.44,
            "eps_latest_yearly": 1.52,
            "eps_growth_yearly": 12.42
        },
        "20104": {
            "year_quarter": 20104,
            "year": 2010,
            "quarter": 4,
            "eps": 0.29,
            "eps_growth_year": null,
            "eps_4q": 1.37,
            "eps_4q_growth_year": null,
            "roe": 1.63,
            "roe_4q": 7.72,
            "gross_profit": null,
            "gross_margin": null,
            "gross_margin_4q_avg": 0,
            "net_income": 3246052,
            "revenue": 10044539,
            "common_shares": 110594262,
            "book_valuer_per_share": 18.2,
            "book_valuer_per_share_4q_avg": 17.81,
            "equity": 201240726,
            "current_ratio": null,
            "debt_ratio": 91.98,
            "inventory_turnover_ratio": null,
            "account_receivable_turnover_ratio": null,
            "reinvestment_rate": null,
            "research_to_sale_ratio": null,
            "price_fair": 4.04,
            "eps_avg_yearly": 1.35,
            "eps_latest_yearly": 1.16,
            "eps_growth_yearly": -23.3
        },
        "20111": {
            "year_quarter": 20111,
            "year": 2011,
            "quarter": 1,
            "eps": 0.42,
            "eps_growth_year": 16.67,
            "eps_4q": 1.43,
            "eps_4q_growth_year": 297.45,
            "roe": 2.31,
            "roe_4q": 8.02,
            "gross_profit": null,
            "gross_margin": null,
            "gross_margin_4q_avg": 0,
            "net_income": 4696200,
            "revenue": 11314087,
            "common_shares": 110594262,
            "book_valuer_per_share": 18.54,
            "book_valuer_per_share_4q_avg": 17.94,
            "equity": 204991305,
            "current_ratio": null,
            "debt_ratio": 91.23,
            "inventory_turnover_ratio": null,
            "account_receivable_turnover_ratio": null,
            "reinvestment_rate": null,
            "research_to_sale_ratio": null,
            "price_fair": 50.05,
            "eps_avg_yearly": 1.43,
            "eps_latest_yearly": 1.68,
            "eps_growth_yearly": 27.35
        },
        "20112": {
            "year_quarter": 20112,
            "year": 2011,
            "quarter": 2,
            "eps": 0.42,
            "eps_growth_year": 26.51,
            "eps_4q": 1.5,
            "eps_4q_growth_year": 115.36,
            "roe": 2.38,
            "roe_4q": 8.48,
            "gross_profit": null,
            "gross_margin": null,
            "gross_margin_4q_avg": 0,
            "net_income": 4800326,
            "revenue": 12369881,
            "common_shares": 110594262,
            "book_valuer_per_share": 17.89,
            "book_valuer_per_share_4q_avg": 18.11,
            "equity": 197899863,
            "current_ratio": null,
            "debt_ratio": 91.39,
            "inventory_turnover_ratio": null,
            "account_receivable_turnover_ratio": null,
            "reinvestment_rate": null,
            "research_to_sale_ratio": null,
            "price_fair": 47.19,
            "eps_avg_yearly": 1.48,
            "eps_latest_yearly": 1.68,
            "eps_growth_yearly": 21.88
        },
        "20113": {
            "year_quarter": 20113,
            "year": 2011,
            "quarter": 3,
            "eps": 0.43,
            "eps_growth_year": 13.34,
            "eps_4q": 1.56,
            "eps_4q_growth_year": 45.13,
            "roe": 2.41,
            "roe_4q": 8.73,
            "gross_profit": null,
            "gross_margin": null,
            "gross_margin_4q_avg": 0,
            "net_income": 4807949,
            "revenue": 10058430,
            "common_shares": 112806148,
            "book_valuer_per_share": 17.76,
            "book_valuer_per_share_4q_avg": 18.1,
            "equity": 200374192,
            "current_ratio": null,
            "debt_ratio": 91.81,
            "inventory_turnover_ratio": null,
            "account_receivable_turnover_ratio": null,
            "reinvestment_rate": null,
            "research_to_sale_ratio": null,
            "price_fair": 45.33,
            "eps_avg_yearly": 1.52,
            "eps_latest_yearly": 1.72,
            "eps_growth_yearly": 19.82
        },
        "20114": {
            "year_quarter": 20114,
            "year": 2011,
            "quarter": 4,
            "eps": 0.3,
            "eps_growth_year": 1.95,
            "eps_4q": 1.57,
            "eps_4q_growth_year": 14.71,
            "roe": 1.68,
            "roe_4q": 8.78,
            "gross_profit": null,
            "gross_margin": null,
            "gross_margin_4q_avg": 0,
            "net_income": 3381207,
            "revenue": 12008752,
            "common_shares": 112806148,
            "book_valuer_per_share": 18.01,
            "book_valuer_per_share_4q_avg": 18.05,
            "equity": 203178726,
            "current_ratio": null,
            "debt_ratio": 92.24,
            "inventory_turnover_ratio": null,
            "account_receivable_turnover_ratio": null,
            "reinvestment_rate": null,
            "research_to_sale_ratio": null,
            "price_fair": 4.42,
            "eps_avg_yearly": 1.47,
            "eps_latest_yearly": 1.2,
            "eps_growth_yearly": -0.29
        },
        "20121": {
            "year_quarter": 20121,
            "year": 2012,
            "quarter": 1,
            "eps": 0.59,
            "eps_growth_year": 40.48,
            "eps_4q": 1.74,
            "eps_4q_growth_year": 21.75,
            "roe": 3.22,
            "roe_4q": 9.690000000000001,
            "gross_profit": null,
            "gross_margin": null,
            "gross_margin_4q_avg": 0,
            "net_income": 6664377,
            "revenue": 13345751,
            "common_shares": 112806148,
            "book_valuer_per_share": 18.74,
            "book_valuer_per_share_4q_avg": 18.1,
            "equity": 211391476,
            "current_ratio": null,
            "debt_ratio": 92.1,
            "inventory_turnover_ratio": null,
            "account_receivable_turnover_ratio": null,
            "reinvestment_rate": null,
            "research_to_sale_ratio": null,
            "price_fair": 55.48,
            "eps_avg_yearly": 1.59,
            "eps_latest_yearly": 2.36,
            "eps_growth_yearly": 48.08
        },
        "20122": {
            "year_quarter": 20122,
            "year": 2012,
            "quarter": 2,
            "eps": 0.53,
            "eps_growth_year": 24.54,
            "eps_4q": 1.83,
            "eps_4q_growth_year": 21.92,
            "roe": 2.9,
            "roe_4q": 10.21,
            "gross_profit": null,
            "gross_margin": null,
            "gross_margin_4q_avg": 0,
            "net_income": 6061442,
            "revenue": 12424985,
            "common_shares": 112806148,
            "book_valuer_per_share": 18.27,
            "book_valuer_per_share_4q_avg": 18.2,
            "equity": 206110569,
            "current_ratio": null,
            "debt_ratio": 91.96,
            "inventory_turnover_ratio": null,
            "account_receivable_turnover_ratio": null,
            "reinvestment_rate": null,
            "research_to_sale_ratio": null,
            "price_fair": 57.56,
            "eps_avg_yearly": 1.64,
            "eps_latest_yearly": 2.12,
            "eps_growth_yearly": 38.22
        },
        "20123": {
            "year_quarter": 20123,
            "year": 2012,
            "quarter": 3,
            "eps": 0.44,
            "eps_growth_year": 3.4,
            "eps_4q": 1.85,
            "eps_4q_growth_year": 18.75,
            "roe": 2.42,
            "roe_4q": 10.22,
            "gross_profit": null,
            "gross_margin": null,
            "gross_margin_4q_avg": 0,
            "net_income": 5053799,
            "revenue": 13068409,
            "common_shares": 114498240,
            "book_valuer_per_share": 18.51,
            "book_valuer_per_share_4q_avg": 18.38,
            "equity": 211946973,
            "current_ratio": null,
            "debt_ratio": 91.6,
            "inventory_turnover_ratio": null,
            "account_receivable_turnover_ratio": null,
            "reinvestment_rate": null,
            "research_to_sale_ratio": null,
            "price_fair": 57.96,
            "eps_avg_yearly": 1.66,
            "eps_latest_yearly": 1.76,
            "eps_growth_yearly": 27.61
        },
        "20124": {
            "year_quarter": 20124,
            "year": 2012,
            "quarter": 4,
            "eps": 0.33,
            "eps_growth_year": 9.59,
            "eps_4q": 1.88,
            "eps_4q_growth_year": 19.99,
            "roe": 1.77,
            "roe_4q": 10.31,
            "gross_profit": null,
            "gross_margin": null,
            "gross_margin_4q_avg": 0,
            "net_income": 3763996,
            "revenue": 12421195,
            "common_shares": 114498240,
            "book_valuer_per_share": 18.7,
            "book_valuer_per_share_4q_avg": 18.56,
            "equity": 214084684,
            "current_ratio": null,
            "debt_ratio": 92.15,
            "inventory_turnover_ratio": null,
            "account_receivable_turnover_ratio": null,
            "reinvestment_rate": 36.96,
            "research_to_sale_ratio": null,
            "price_fair": 42.27,
            "eps_avg_yearly": 1.63,
            "eps_latest_yearly": 1.32,
            "eps_growth_yearly": 16.01
        },
        "20131": {
            "year_quarter": 20131,
            "year": 2013,
            "quarter": 1,
            "eps": 0.54,
            "eps_growth_year": -8.47,
            "eps_4q": 1.84,
            "eps_4q_growth_year": 5.58,
            "roe": 2.86,
            "roe_4q": 9.95,
            "gross_profit": null,
            "gross_margin": null,
            "gross_margin_4q_avg": 0,
            "net_income": 6187587,
            "revenue": 13275705,
            "common_shares": 114498240,
            "book_valuer_per_share": 19.02,
            "book_valuer_per_share_4q_avg": 18.63,
            "equity": 218091849,
            "current_ratio": null,
            "debt_ratio": 91.98,
            "inventory_turnover_ratio": null,
            "account_receivable_turnover_ratio": null,
            "reinvestment_rate": 31.27,
            "research_to_sale_ratio": null,
            "price_fair": 58.45,
            "eps_avg_yearly": 1.67,
            "eps_latest_yearly": 2.16,
            "eps_growth_yearly": 35.88
        },
        "20132": {
            "year_quarter": 20132,
            "year": 2013,
            "quarter": 2,
            "eps": 0.5,
            "eps_growth_year": -5.47,
            "eps_4q": 1.81,
            "eps_4q_growth_year": -0.9,
            "roe": 2.68,
            "roe_4q": 9.73,
            "gross_profit": null,
            "gross_margin": null,
            "gross_margin_4q_avg": 0,
            "net_income": 5726651,
            "revenue": 13158105,
            "common_shares": 114498240,
            "book_valuer_per_share": 18.24,
            "book_valuer_per_share_4q_avg": 18.62,
            "equity": 209163732,
            "current_ratio": null,
            "debt_ratio": 92.49,
            "inventory_turnover_ratio": null,
            "account_receivable_turnover_ratio": null,
            "reinvestment_rate": 34.41,
            "research_to_sale_ratio": null,
            "price_fair": 59.34,
            "eps_avg_yearly": 1.7,
            "eps_latest_yearly": 2,
            "eps_growth_yearly": 30.84
        },
        "20133": {
            "year_quarter": 20133,
            "year": 2013,
            "quarter": 3,
            "eps": 0.55,
            "eps_growth_year": 24.72,
            "eps_4q": 1.92,
            "eps_4q_growth_year": 3.85,
            "roe": 2.97,
            "roe_4q": 10.28,
            "gross_profit": null,
            "gross_margin": null,
            "gross_margin_4q_avg": 0,
            "net_income": 6298032,
            "revenue": 14025006,
            "common_shares": 114498240,
            "book_valuer_per_share": 18.81,
            "book_valuer_per_share_4q_avg": 18.69,
            "equity": 215617985,
            "current_ratio": null,
            "debt_ratio": 92.36,
            "inventory_turnover_ratio": null,
            "account_receivable_turnover_ratio": null,
            "reinvestment_rate": 32.83,
            "research_to_sale_ratio": null,
            "price_fair": 60.6,
            "eps_avg_yearly": 1.73,
            "eps_latest_yearly": 2.2,
            "eps_growth_yearly": 31.5
        },
        "20134": {
            "year_quarter": 20134,
            "year": 2013,
            "quarter": 4,
            "eps": 0.34,
            "eps_growth_year": 4.72,
            "eps_4q": 1.81,
            "eps_4q_growth_year": -3.95,
            "roe": 1.87,
            "roe_4q": 10.379999999999999,
            "gross_profit": null,
            "gross_margin": null,
            "gross_margin_4q_avg": 0,
            "net_income": 4282299,
            "revenue": 14549652,
            "common_shares": 124498240,
            "book_valuer_per_share": 19.39,
            "book_valuer_per_share_4q_avg": 18.87,
            "equity": 241592076,
            "current_ratio": null,
            "debt_ratio": 92.24,
            "inventory_turnover_ratio": null,
            "account_receivable_turnover_ratio": null,
            "reinvestment_rate": -1.38,
            "research_to_sale_ratio": null,
            "price_fair": 49.86,
            "eps_avg_yearly": 1.71,
            "eps_latest_yearly": 1.36,
            "eps_growth_yearly": 19.22
        },
        "20141": {
            "year_quarter": 20141,
            "year": 2014,
            "quarter": 1,
            "eps": 0.65,
            "eps_growth_year": 20.37,
            "eps_4q": 1.96,
            "eps_4q_growth_year": 6.33,
            "roe": 3.27,
            "roe_4q": 10.790000000000001,
            "gross_profit": null,
            "gross_margin": null,
            "gross_margin_4q_avg": 0,
            "net_income": 8042461,
            "revenue": 15138714,
            "common_shares": 124498240,
            "book_valuer_per_share": 20.14,
            "book_valuer_per_share_4q_avg": 19.15,
            "equity": 250873352,
            "current_ratio": null,
            "debt_ratio": 91.93,
            "inventory_turnover_ratio": null,
            "account_receivable_turnover_ratio": null,
            "reinvestment_rate": 0.07,
            "research_to_sale_ratio": null,
            "price_fair": 61.69,
            "eps_avg_yearly": 1.76,
            "eps_latest_yearly": 2.6,
            "eps_growth_yearly": 40.81
        },
        "20142": {
            "year_quarter": 20142,
            "year": 2014,
            "quarter": 2,
            "eps": 0.65,
            "eps_growth_year": 30,
            "eps_4q": 2.15,
            "eps_4q_growth_year": 18.53,
            "roe": 3.25,
            "roe_4q": 11.360000000000001,
            "gross_profit": null,
            "gross_margin": null,
            "gross_margin_4q_avg": 0,
            "net_income": 8083568,
            "revenue": 15893246,
            "common_shares": 124498240,
            "book_valuer_per_share": 19.76,
            "book_valuer_per_share_4q_avg": 19.53,
            "equity": 246224810,
            "current_ratio": null,
            "debt_ratio": 91.88,
            "inventory_turnover_ratio": null,
            "account_receivable_turnover_ratio": null,
            "reinvestment_rate": 0.49,
            "research_to_sale_ratio": null,
            "price_fair": 64.4,
            "eps_avg_yearly": 1.84,
            "eps_latest_yearly": 2.6,
            "eps_growth_yearly": 42.2
        },
        "20143": {
            "year_quarter": 20143,
            "year": 2014,
            "quarter": 3,
            "eps": 0.62,
            "eps_growth_year": 12.73,
            "eps_4q": 2.26,
            "eps_4q_growth_year": 17.7,
            "roe": 3.08,
            "roe_4q": 11.469999999999999,
            "gross_profit": null,
            "gross_margin": null,
            "gross_margin_4q_avg": 0,
            "net_income": 7681352,
            "revenue": 14958993,
            "common_shares": 124498240,
            "book_valuer_per_share": 20.31,
            "book_valuer_per_share_4q_avg": 19.9,
            "equity": 253070304,
            "current_ratio": null,
            "debt_ratio": 92.41,
            "inventory_turnover_ratio": null,
            "account_receivable_turnover_ratio": null,
            "reinvestment_rate": 0.42,
            "research_to_sale_ratio": null,
            "price_fair": 66.5,
            "eps_avg_yearly": 1.9,
            "eps_latest_yearly": 2.48,
            "eps_growth_yearly": 38.1
        },
        "20144": {
            "year_quarter": 20144,
            "year": 2014,
            "quarter": 4,
            "eps": 0.52,
            "eps_growth_year": 50.05,
            "eps_4q": 2.43,
            "eps_4q_growth_year": 34.55,
            "roe": 2.5,
            "roe_4q": 12.1,
            "gross_profit": null,
            "gross_margin": null,
            "gross_margin_4q_avg": 0,
            "net_income": 6432336,
            "revenue": 14514014,
            "common_shares": 124498240,
            "book_valuer_per_share": 20.97,
            "book_valuer_per_share_4q_avg": 20.3,
            "equity": 261182801,
            "current_ratio": null,
            "debt_ratio": 92.01,
            "inventory_turnover_ratio": null,
            "account_receivable_turnover_ratio": null,
            "reinvestment_rate": 1.28,
            "research_to_sale_ratio": null,
            "price_fair": 68.51,
            "eps_avg_yearly": 1.96,
            "eps_latest_yearly": 2.08,
            "eps_growth_yearly": 39.99
        },
        "20151": {
            "year_quarter": 20151,
            "year": 2015,
            "quarter": 1,
            "eps": 0.66,
            "eps_growth_year": 1.54,
            "eps_4q": 2.44,
            "eps_4q_growth_year": 24.96,
            "roe": 3.1,
            "roe_4q": 11.93,
            "gross_profit": null,
            "gross_margin": null,
            "gross_margin_4q_avg": 0,
            "net_income": 8204910,
            "revenue": 15146624,
            "common_shares": 124498240,
            "book_valuer_per_share": 21.49,
            "book_valuer_per_share_4q_avg": 20.63,
            "equity": 267724876,
            "current_ratio": null,
            "debt_ratio": 92.17,
            "inventory_turnover_ratio": null,
            "account_receivable_turnover_ratio": null,
            "reinvestment_rate": 1.32,
            "research_to_sale_ratio": null,
            "price_fair": 70.61,
            "eps_avg_yearly": 2.02,
            "eps_latest_yearly": 2.64,
            "eps_growth_yearly": 35.52
        },
        "20152": {
            "year_quarter": 20152,
            "year": 2015,
            "quarter": 2,
            "eps": 0.59,
            "eps_growth_year": -9.23,
            "eps_4q": 2.38,
            "eps_4q_growth_year": 10.97,
            "roe": 2.77,
            "roe_4q": 11.450000000000001,
            "gross_profit": null,
            "gross_margin": null,
            "gross_margin_4q_avg": 0,
            "net_income": 7248335,
            "revenue": 14251284,
            "common_shares": 124498240,
            "book_valuer_per_share": 20.55,
            "book_valuer_per_share_4q_avg": 20.83,
            "equity": 255985097,
            "current_ratio": null,
            "debt_ratio": 91.94,
            "inventory_turnover_ratio": null,
            "account_receivable_turnover_ratio": null,
            "reinvestment_rate": 1.36,
            "research_to_sale_ratio": null,
            "price_fair": 72.1,
            "eps_avg_yearly": 2.06,
            "eps_latest_yearly": 2.36,
            "eps_growth_yearly": 32.87
        },
        "20153": {
            "year_quarter": 20153,
            "year": 2015,
            "quarter": 3,
            "eps": 0.5,
            "eps_growth_year": -19.35,
            "eps_4q": 2.26,
            "eps_4q_growth_year": 0.25,
            "roe": 2.39,
            "roe_4q": 10.76,
            "gross_profit": null,
            "gross_margin": null,
            "gross_margin_4q_avg": 0,
            "net_income": 6174624,
            "revenue": 13679768,
            "common_shares": 124498240,
            "book_valuer_per_share": 21.01,
            "book_valuer_per_share_4q_avg": 21.01,
            "equity": 261739373,
            "current_ratio": null,
            "debt_ratio": 92.07,
            "inventory_turnover_ratio": null,
            "account_receivable_turnover_ratio": null,
            "reinvestment_rate": 1.31,
            "research_to_sale_ratio": null,
            "price_fair": 72.71,
            "eps_avg_yearly": 2.08,
            "eps_latest_yearly": 2,
            "eps_growth_yearly": 28.46
        },
        "20154": {
            "year_quarter": 20154,
            "year": 2015,
            "quarter": 4,
            "eps": 0.56,
            "eps_growth_year": 9.11,
            "eps_4q": 2.16,
            "eps_4q_growth_year": -11,
            "roe": 2.75,
            "roe_4q": 11.01,
            "gross_profit": null,
            "gross_margin": null,
            "gross_margin_4q_avg": 0,
            "net_income": 7645400,
            "revenue": 17150630,
            "common_shares": 135998240,
            "book_valuer_per_share": 21.57,
            "book_valuer_per_share_4q_avg": 21.16,
            "equity": 293455308,
            "current_ratio": null,
            "debt_ratio": 91.37,
            "inventory_turnover_ratio": null,
            "account_receivable_turnover_ratio": null,
            "reinvestment_rate": 0.82,
            "research_to_sale_ratio": null,
            "price_fair": 74.99,
            "eps_avg_yearly": 2.14,
            "eps_latest_yearly": 2.24,
            "eps_growth_yearly": 39.01
        },
        "20161": {
            "year_quarter": 20161,
            "year": 2016,
            "quarter": 1,
            "eps": 0.56,
            "eps_growth_year": -15.15,
            "eps_4q": 2.12,
            "eps_4q_growth_year": -13.14,
            "roe": 2.57,
            "roe_4q": 10.48,
            "gross_profit": null,
            "gross_margin": null,
            "gross_margin_4q_avg": 0,
            "net_income": 7646106,
            "revenue": 15990724,
            "common_shares": 135998240,
            "book_valuer_per_share": 22.18,
            "book_valuer_per_share_4q_avg": 21.33,
            "equity": 301732301,
            "current_ratio": null,
            "debt_ratio": 91.15,
            "inventory_turnover_ratio": null,
            "account_receivable_turnover_ratio": null,
            "reinvestment_rate": -0.39,
            "research_to_sale_ratio": null,
            "price_fair": 53.05,
            "eps_avg_yearly": 2.14,
            "eps_latest_yearly": 2.24,
            "eps_growth_yearly": 14.85
        },
        "20162": {
            "year_quarter": 20162,
            "year": 2016,
            "quarter": 2,
            "eps": 0.13,
            "eps_growth_year": -77.97,
            "eps_4q": 1.72,
            "eps_4q_growth_year": -27.93,
            "roe": 0.61,
            "roe_4q": 8.32,
            "gross_profit": null,
            "gross_margin": null,
            "gross_margin_4q_avg": 0,
            "net_income": 1785667,
            "revenue": 9691474,
            "common_shares": 135998240,
            "book_valuer_per_share": 20.83,
            "book_valuer_per_share_4q_avg": 21.4,
            "equity": 283353693,
            "current_ratio": null,
            "debt_ratio": 91.53,
            "inventory_turnover_ratio": null,
            "account_receivable_turnover_ratio": null,
            "reinvestment_rate": -0.37,
            "research_to_sale_ratio": null,
            "price_fair": 6.11,
            "eps_avg_yearly": 2.04,
            "eps_latest_yearly": 0.52,
            "eps_growth_yearly": -1.81
        },
        "20163": {
            "year_quarter": 20163,
            "year": 2016,
            "quarter": 3,
            "eps": 0.61,
            "eps_growth_year": 22,
            "eps_4q": 1.86,
            "eps_4q_growth_year": -17.73,
            "roe": 2.86,
            "roe_4q": 8.79,
            "gross_profit": null,
            "gross_margin": null,
            "gross_margin_4q_avg": 0,
            "net_income": 8220377,
            "revenue": 15673284,
            "common_shares": 135998240,
            "book_valuer_per_share": 21.45,
            "book_valuer_per_share_4q_avg": 21.51,
            "equity": 291734139,
            "current_ratio": null,
            "debt_ratio": 91.16,
            "inventory_turnover_ratio": null,
            "account_receivable_turnover_ratio": null,
            "reinvestment_rate": -0.42,
            "research_to_sale_ratio": null,
            "price_fair": 72.71,
            "eps_avg_yearly": 2.08,
            "eps_latest_yearly": 2.44,
            "eps_growth_yearly": 94.75
        },
        "20164": {
            "year_quarter": 20164,
            "year": 2016,
            "quarter": 4,
            "eps": 0.35,
            "eps_growth_year": -37.43,
            "eps_4q": 1.65,
            "eps_4q_growth_year": -23.66,
            "roe": 1.64,
            "roe_4q": 7.68,
            "gross_profit": null,
            "gross_margin": null,
            "gross_margin_4q_avg": 0,
            "net_income": 4790745,
            "revenue": 13708638,
            "common_shares": 135998240,
            "book_valuer_per_share": 21.47,
            "book_valuer_per_share_4q_avg": 21.48,
            "equity": 292027443,
            "current_ratio": null,
            "debt_ratio": 91.2,
            "inventory_turnover_ratio": null,
            "account_receivable_turnover_ratio": null,
            "reinvestment_rate": -0.46,
            "research_to_sale_ratio": null,
            "price_fair": 72.89,
            "eps_avg_yearly": 2.08,
            "eps_latest_yearly": 1.4,
            "eps_growth_yearly": 90.34
        },
        "20171": {
            "year_quarter": 20171,
            "year": 2017,
            "quarter": 1,
            "eps": 0.54,
            "eps_growth_year": -3.57,
            "eps_4q": 1.63,
            "eps_4q_growth_year": -23.07,
            "roe": 2.5,
            "roe_4q": 7.61,
            "gross_profit": null,
            "gross_margin": null,
            "gross_margin_4q_avg": 0,
            "net_income": 7403459,
            "revenue": 14758685,
            "common_shares": 135998240,
            "book_valuer_per_share": 22.02,
            "book_valuer_per_share_4q_avg": 21.44,
            "equity": 299531126,
            "current_ratio": null,
            "debt_ratio": 90.85,
            "inventory_turnover_ratio": null,
            "account_receivable_turnover_ratio": null,
            "reinvestment_rate": 2.44,
            "research_to_sale_ratio": null,
            "price_fair": 72.89,
            "eps_avg_yearly": 2.08,
            "eps_latest_yearly": 2.16,
            "eps_growth_yearly": 88
        },
        "20172": {
            "year_quarter": 20172,
            "year": 2017,
            "quarter": 2,
            "eps": 0.52,
            "eps_growth_year": 300,
            "eps_4q": 2.02,
            "eps_4q_growth_year": 18.01,
            "roe": 2.42,
            "roe_4q": 9.42,
            "gross_profit": null,
            "gross_margin": null,
            "gross_margin_4q_avg": 0,
            "net_income": 7113698,
            "revenue": 14663429,
            "common_shares": 135998240,
            "book_valuer_per_share": 21.23,
            "book_valuer_per_share_4q_avg": 21.54,
            "equity": 288714098,
            "current_ratio": null,
            "debt_ratio": 91.43,
            "inventory_turnover_ratio": null,
            "account_receivable_turnover_ratio": null,
            "reinvestment_rate": 0.06,
            "research_to_sale_ratio": null,
            "price_fair": 73.06,
            "eps_avg_yearly": 2.09,
            "eps_latest_yearly": 2.08,
            "eps_growth_yearly": 88.93
        },
        "20173": {
            "year_quarter": 20173,
            "year": 2017,
            "quarter": 3,
            "eps": 0.56,
            "eps_growth_year": -8.2,
            "eps_4q": 1.98,
            "eps_4q_growth_year": 6.49,
            "roe": 2.61,
            "roe_4q": 9.17,
            "gross_profit": null,
            "gross_margin": null,
            "gross_margin_4q_avg": 0,
            "net_income": 7649301,
            "revenue": 15806035,
            "common_shares": 135998240,
            "book_valuer_per_share": 21.81,
            "book_valuer_per_share_4q_avg": 21.63,
            "equity": 296694066,
            "current_ratio": null,
            "debt_ratio": 91.63,
            "inventory_turnover_ratio": null,
            "account_receivable_turnover_ratio": null,
            "reinvestment_rate": 0.21,
            "research_to_sale_ratio": null,
            "price_fair": 73.15,
            "eps_avg_yearly": 2.09,
            "eps_latest_yearly": 2.24,
            "eps_growth_yearly": 88.35
        },
        "20174": {
            "year_quarter": 20174,
            "year": 2017,
            "quarter": 4,
            "eps": 0.26,
            "eps_growth_year": -25.73,
            "eps_4q": 1.89,
            "eps_4q_growth_year": 14.6,
            "roe": 1.2,
            "roe_4q": 8.73,
            "gross_profit": null,
            "gross_margin": null,
            "gross_margin_4q_avg": 0,
            "net_income": 3562637,
            "revenue": 14432239,
            "common_shares": 135998240,
            "book_valuer_per_share": 21.92,
            "book_valuer_per_share_4q_avg": 21.75,
            "equity": 298095562,
            "current_ratio": null,
            "debt_ratio": 91.6,
            "inventory_turnover_ratio": null,
            "account_receivable_turnover_ratio": null,
            "reinvestment_rate": 0.29,
            "research_to_sale_ratio": null,
            "price_fair": 72.45,
            "eps_avg_yearly": 2.07,
            "eps_latest_yearly": 1.04,
            "eps_growth_yearly": 84.5
        },
        "20181": {
            "year_quarter": 20181,
            "year": 2018,
            "quarter": 1,
            "eps": 0.56,
            "eps_growth_year": 3.7,
            "eps_4q": 1.91,
            "eps_4q_growth_year": 17.06,
            "roe": 2.5,
            "roe_4q": 8.73,
            "gross_profit": null,
            "gross_margin": null,
            "gross_margin_4q_avg": 0,
            "net_income": 7663622,
            "revenue": 15198340,
            "common_shares": 135998240,
            "book_valuer_per_share": 23.16,
            "book_valuer_per_share_4q_avg": 22.03,
            "equity": 314985485,
            "current_ratio": null,
            "debt_ratio": 90.98,
            "inventory_turnover_ratio": null,
            "account_receivable_turnover_ratio": null,
            "reinvestment_rate": 0.31,
            "research_to_sale_ratio": null,
            "price_fair": 71.66,
            "eps_avg_yearly": 2.05,
            "eps_latest_yearly": 2.24,
            "eps_growth_yearly": 90.56
        },
        "20182": {
            "year_quarter": 20182,
            "year": 2018,
            "quarter": 2,
            "eps": 0.56,
            "eps_growth_year": 7.69,
            "eps_4q": 1.95,
            "eps_4q_growth_year": -3.79,
            "roe": 2.47,
            "roe_4q": 8.780000000000001,
            "gross_profit": null,
            "gross_margin": null,
            "gross_margin_4q_avg": 0,
            "net_income": 7621160,
            "revenue": 15693234,
            "common_shares": 135998240,
            "book_valuer_per_share": 22.22,
            "book_valuer_per_share_4q_avg": 22.28,
            "equity": 302231190,
            "current_ratio": null,
            "debt_ratio": 91.43,
            "inventory_turnover_ratio": null,
            "account_receivable_turnover_ratio": null,
            "reinvestment_rate": 0.36,
            "research_to_sale_ratio": null,
            "price_fair": 70.88,
            "eps_avg_yearly": 2.03,
            "eps_latest_yearly": 2.24,
            "eps_growth_yearly": 90.56
        },
        "20183": {
            "year_quarter": 20183,
            "year": 2018,
            "quarter": 3,
            "eps": 0.55,
            "eps_growth_year": -1.79,
            "eps_4q": 1.93,
            "eps_4q_growth_year": -2.63,
            "roe": 2.42,
            "roe_4q": 8.59,
            "gross_profit": null,
            "gross_margin": null,
            "gross_margin_4q_avg": 0,
            "net_income": 7414425,
            "revenue": 16667019,
            "common_shares": 135998240,
            "book_valuer_per_share": 22.81,
            "book_valuer_per_share_4q_avg": 22.53,
            "equity": 310178350,
            "current_ratio": null,
            "debt_ratio": 91.09,
            "inventory_turnover_ratio": null,
            "account_receivable_turnover_ratio": null,
            "reinvestment_rate": 0.37,
            "research_to_sale_ratio": null,
            "price_fair": 70.26,
            "eps_avg_yearly": 2.01,
            "eps_latest_yearly": 2.2,
            "eps_growth_yearly": 91.26
        },
        "20184": {
            "year_quarter": 20184,
            "year": 2018,
            "quarter": 4,
            "eps": 0.38,
            "eps_growth_year": 45.43,
            "eps_4q": 2.05,
            "eps_4q_growth_year": 8.33,
            "roe": 1.65,
            "roe_4q": 9.040000000000001,
            "gross_profit": null,
            "gross_margin": null,
            "gross_margin_4q_avg": 0,
            "net_income": 5163325,
            "revenue": 13819901,
            "common_shares": 135998240,
            "book_valuer_per_share": 23.11,
            "book_valuer_per_share_4q_avg": 22.83,
            "equity": 314255429,
            "current_ratio": null,
            "debt_ratio": 91.13,
            "inventory_turnover_ratio": null,
            "account_receivable_turnover_ratio": null,
            "reinvestment_rate": 0.24,
            "research_to_sale_ratio": null,
            "price_fair": 69.04,
            "eps_avg_yearly": 1.97,
            "eps_latest_yearly": 1.52,
            "eps_growth_yearly": 87.57
        },
        "20191": {
            "year_quarter": 20191,
            "year": 2019,
            "quarter": 1,
            "eps": 0.56,
            "eps_growth_year": 0,
            "eps_4q": 2.05,
            "eps_4q_growth_year": 7.14,
            "roe": 2.39,
            "roe_4q": 8.93,
            "gross_profit": null,
            "gross_margin": null,
            "gross_margin_4q_avg": 0,
            "net_income": 7633975,
            "revenue": 16684485,
            "common_shares": 135998240,
            "book_valuer_per_share": 23.88,
            "book_valuer_per_share_4q_avg": 23.01,
            "equity": 324836270,
            "current_ratio": null,
            "debt_ratio": 90.81,
            "inventory_turnover_ratio": null,
            "account_receivable_turnover_ratio": null,
            "reinvestment_rate": 0.31,
            "research_to_sale_ratio": null,
            "price_fair": 68.16,
            "eps_avg_yearly": 1.95,
            "eps_latest_yearly": 2.24,
            "eps_growth_yearly": 92.68
        },
        "20192": {
            "year_quarter": 20192,
            "year": 2019,
            "quarter": 2,
            "eps": 0.57,
            "eps_growth_year": 1.79,
            "eps_4q": 2.06,
            "eps_4q_growth_year": 5.48,
            "roe": 2.42,
            "roe_4q": 8.88,
            "gross_profit": null,
            "gross_margin": null,
            "gross_margin_4q_avg": 0,
            "net_income": 7718718,
            "revenue": 16478042,
            "common_shares": 135998240,
            "book_valuer_per_share": 22.97,
            "book_valuer_per_share_4q_avg": 23.19,
            "equity": 312363183,
            "current_ratio": null,
            "debt_ratio": 91.33,
            "inventory_turnover_ratio": null,
            "account_receivable_turnover_ratio": null,
            "reinvestment_rate": 0.27,
            "research_to_sale_ratio": null,
            "price_fair": 67.99,
            "eps_avg_yearly": 1.94,
            "eps_latest_yearly": 2.28,
            "eps_growth_yearly": 95.78
        },
        "20193": {
            "year_quarter": 20193,
            "year": 2019,
            "quarter": 3,
            "eps": 0.54,
            "eps_growth_year": -1.82,
            "eps_4q": 2.05,
            "eps_4q_growth_year": 6.36,
            "roe": 2.34,
            "roe_4q": 8.8,
            "gross_profit": null,
            "gross_margin": null,
            "gross_margin_4q_avg": 0,
            "net_income": 7394715,
            "revenue": 16410711,
            "common_shares": 135998240,
            "book_valuer_per_share": 23.46,
            "book_valuer_per_share_4q_avg": 23.36,
            "equity": 319096591,
            "current_ratio": null,
            "debt_ratio": 90.99,
            "inventory_turnover_ratio": null,
            "account_receivable_turnover_ratio": null,
            "reinvestment_rate": 0.24,
            "research_to_sale_ratio": null,
            "price_fair": 68.34,
            "eps_avg_yearly": 1.95,
            "eps_latest_yearly": 2.16,
            "eps_growth_yearly": 98.28
        },
        "20194": {
            "year_quarter": 20194,
            "year": 2019,
            "quarter": 4,
            "eps": 0.46,
            "eps_growth_year": 19.8,
            "eps_4q": 2.13,
            "eps_4q_growth_year": 3.87,
            "roe": 1.93,
            "roe_4q": 9.08,
            "gross_profit": null,
            "gross_margin": null,
            "gross_margin_4q_avg": 0,
            "net_income": 6207392,
            "revenue": 15701624,
            "common_shares": 135998240,
            "book_valuer_per_share": 23.83,
            "book_valuer_per_share_4q_avg": 23.54,
            "equity": 324061248,
            "current_ratio": null,
            "debt_ratio": 91.2,
            "inventory_turnover_ratio": null,
            "account_receivable_turnover_ratio": null,
            "reinvestment_rate": 0.37,
            "research_to_sale_ratio": null,
            "price_fair": 67.46,
            "eps_avg_yearly": 1.93,
            "eps_latest_yearly": 1.84,
            "eps_growth_yearly": 91.57
        },
        "20201": {
            "year_quarter": 20201,
            "year": 2020,
            "quarter": 1,
            "eps": 0.14,
            "eps_growth_year": -75,
            "eps_4q": 1.71,
            "eps_4q_growth_year": -16.51,
            "roe": 0.59,
            "roe_4q": 7.279999999999999,
            "gross_profit": null,
            "gross_margin": null,
            "gross_margin_4q_avg": 0,
            "net_income": 1929146,
            "revenue": 10796374,
            "common_shares": 135998240,
            "book_valuer_per_share": 23.88,
            "book_valuer_per_share_4q_avg": 23.54,
            "equity": 324798069,
            "current_ratio": null,
            "debt_ratio": 91.1,
            "inventory_turnover_ratio": null,
            "account_receivable_turnover_ratio": null,
            "reinvestment_rate": 2.58,
            "research_to_sale_ratio": null,
            "price_fair": 63.79,
            "eps_avg_yearly": 1.82,
            "eps_latest_yearly": 0.56,
            "eps_growth_yearly": 74.18
        },
        "20202": {
            "year_quarter": 20202,
            "year": 2020,
            "quarter": 2,
            "eps": 0.69,
            "eps_growth_year": 21.05,
            "eps_4q": 1.83,
            "eps_4q_growth_year": -10.96,
            "roe": 2.93,
            "roe_4q": 7.79,
            "gross_profit": null,
            "gross_margin": null,
            "gross_margin_4q_avg": 0,
            "net_income": 9352283,
            "revenue": 19450748,
            "common_shares": 135998240,
            "book_valuer_per_share": 23.05,
            "book_valuer_per_share_4q_avg": 23.56,
            "equity": 313426518,
            "current_ratio": null,
            "debt_ratio": 91.77,
            "inventory_turnover_ratio": null,
            "account_receivable_turnover_ratio": null,
            "reinvestment_rate": 2.5,
            "research_to_sale_ratio": null,
            "price_fair": 68.69,
            "eps_avg_yearly": 1.96,
            "eps_latest_yearly": 2.76,
            "eps_growth_yearly": 191.59
        },
        "20203": {
            "year_quarter": 20203,
            "year": 2020,
            "quarter": 3,
            "eps": 0.56,
            "eps_growth_year": 3.7,
            "eps_4q": 1.85,
            "eps_4q_growth_year": -9.93,
            "roe": 2.42,
            "roe_4q": 7.869999999999999,
            "gross_profit": null,
            "gross_margin": null,
            "gross_margin_4q_avg": 0,
            "net_income": 7668909,
            "revenue": 15598534,
            "common_shares": 135998240,
            "book_valuer_per_share": 23.52,
            "book_valuer_per_share_4q_avg": 23.57,
            "equity": 319925798,
            "current_ratio": null,
            "debt_ratio": 91.51,
            "inventory_turnover_ratio": null,
            "account_receivable_turnover_ratio": null,
            "reinvestment_rate": 2.47,
            "research_to_sale_ratio": null,
            "price_fair": 68.25,
            "eps_avg_yearly": 1.95,
            "eps_latest_yearly": 2.24,
            "eps_growth_yearly": 94.57
        },
        "20204": {
            "year_quarter": 20204,
            "year": 2020,
            "quarter": 4,
            "eps": 0.45,
            "eps_growth_year": -2.25,
            "eps_4q": 1.84,
            "eps_4q_growth_year": -13.6,
            "roe": 1.88,
            "roe_4q": 7.82,
            "gross_profit": null,
            "gross_margin": null,
            "gross_margin_4q_avg": 0,
            "net_income": 6067630,
            "revenue": 14964266,
            "common_shares": 135998240,
            "book_valuer_per_share": 24.01,
            "book_valuer_per_share_4q_avg": 23.62,
            "equity": 326588960,
            "current_ratio": null,
            "debt_ratio": 91.53,
            "inventory_turnover_ratio": null,
            "account_receivable_turnover_ratio": null,
            "reinvestment_rate": 2.39,
            "research_to_sale_ratio": null,
            "price_fair": 69.13,
            "eps_avg_yearly": 1.98,
            "eps_latest_yearly": 1.8,
            "eps_growth_yearly": 100.32
        },
        "20211": {
            "year_quarter": 20211,
            "year": 2021,
            "quarter": 1,
            "eps": 0.46,
            "eps_growth_year": 228.57,
            "eps_4q": 2.16,
            "eps_4q_growth_year": 26.06,
            "roe": 1.89,
            "roe_4q": 9.12,
            "gross_profit": null,
            "gross_margin": null,
            "gross_margin_4q_avg": 0,
            "net_income": 6221608,
            "revenue": 14589571,
            "common_shares": 135998240,
            "book_valuer_per_share": 24.29,
            "book_valuer_per_share_4q_avg": 23.72,
            "equity": 330323855,
            "current_ratio": null,
            "debt_ratio": 91.9,
            "inventory_turnover_ratio": null,
            "account_receivable_turnover_ratio": null,
            "reinvestment_rate": 2.47,
            "research_to_sale_ratio": null,
            "price_fair": 68.43,
            "eps_avg_yearly": 1.96,
            "eps_latest_yearly": 1.84,
            "eps_growth_yearly": 87.3
        },
        "20212": {
            "year_quarter": 20212,
            "year": 2021,
            "quarter": 2,
            "eps": 0.46,
            "eps_growth_year": -33.33,
            "eps_4q": 1.93,
            "eps_4q_growth_year": 5.47,
            "roe": 1.94,
            "roe_4q": 8.129999999999999,
            "gross_profit": null,
            "gross_margin": null,
            "gross_margin_4q_avg": 0,
            "net_income": 6286386,
            "revenue": 14655147,
            "common_shares": 135998240,
            "book_valuer_per_share": 23.41,
            "book_valuer_per_share_4q_avg": 23.81,
            "equity": 318374450,
            "current_ratio": null,
            "debt_ratio": 92.48,
            "inventory_turnover_ratio": null,
            "account_receivable_turnover_ratio": null,
            "reinvestment_rate": 2.32,
            "research_to_sale_ratio": null,
            "price_fair": 67.9,
            "eps_avg_yearly": 1.94,
            "eps_latest_yearly": 1.84,
            "eps_growth_yearly": 88.23
        },
        "20213": {
            "year_quarter": 20213,
            "year": 2021,
            "quarter": 3,
            "eps": 0.53,
            "eps_growth_year": -5.36,
            "eps_4q": 1.9,
            "eps_4q_growth_year": 2.45,
            "roe": 2.24,
            "roe_4q": 7.949999999999999,
            "gross_profit": null,
            "gross_margin": null,
            "gross_margin_4q_avg": 0,
            "net_income": 7197624,
            "revenue": 15920372,
            "common_shares": 135998240,
            "book_valuer_per_share": 23.78,
            "book_valuer_per_share_4q_avg": 23.87,
            "equity": 323454990,
            "current_ratio": null,
            "debt_ratio": 92.31,
            "inventory_turnover_ratio": null,
            "account_receivable_turnover_ratio": null,
            "reinvestment_rate": 1.92,
            "research_to_sale_ratio": null,
            "price_fair": 67.64,
            "eps_avg_yearly": 1.93,
            "eps_latest_yearly": 2.12,
            "eps_growth_yearly": 90.11
        },
        "20214": {
            "year_quarter": 20214,
            "year": 2021,
            "quarter": 4,
            "eps": 0.44,
            "eps_growth_year": -0.7,
            "eps_4q": 1.89,
            "eps_4q_growth_year": 2.85,
            "roe": 1.85,
            "roe_4q": 7.919999999999999,
            "gross_profit": null,
            "gross_margin": null,
            "gross_margin_4q_avg": 0,
            "net_income": 6025452,
            "revenue": 15065756,
            "common_shares": 135998240,
            "book_valuer_per_share": 24.15,
            "book_valuer_per_share_4q_avg": 23.91,
            "equity": 328398883,
            "current_ratio": null,
            "debt_ratio": 92.12,
            "inventory_turnover_ratio": null,
            "account_receivable_turnover_ratio": null,
            "reinvestment_rate": 1.82,
            "research_to_sale_ratio": null,
            "price_fair": 69.21,
            "eps_avg_yearly": 1.98,
            "eps_latest_yearly": 1.76,
            "eps_growth_yearly": 99.26
        },
        "20221": {
            "year_quarter": 20221,
            "year": 2022,
            "quarter": 1,
            "eps": 0.44,
            "eps_growth_year": -4.35,
            "eps_4q": 1.88,
            "eps_4q_growth_year": -12.81,
            "roe": 1.84,
            "roe_4q": 7.870000000000001,
            "gross_profit": null,
            "gross_margin": null,
            "gross_margin_4q_avg": 0,
            "net_income": 6046104,
            "revenue": 14255220,
            "common_shares": 135998240,
            "book_valuer_per_share": 24.1,
            "book_valuer_per_share_4q_avg": 23.86,
            "equity": 327771114,
            "current_ratio": null,
            "debt_ratio": 92.51,
            "inventory_turnover_ratio": null,
            "account_receivable_turnover_ratio": null,
            "reinvestment_rate": 1.67,
            "research_to_sale_ratio": null,
            "price_fair": 68.16,
            "eps_avg_yearly": 1.95,
            "eps_latest_yearly": 1.76,
            "eps_growth_yearly": 70.41
        },
        "20222": {
            "year_quarter": 20222,
            "year": 2022,
            "quarter": 2,
            "eps": 0.14,
            "eps_growth_year": -69.57,
            "eps_4q": 1.52,
            "eps_4q_growth_year": -21.27,
            "roe": 0.61,
            "roe_4q": 6.540000000000001,
            "gross_profit": null,
            "gross_margin": null,
            "gross_margin_4q_avg": 0,
            "net_income": 1910350,
            "revenue": 13030348,
            "common_shares": 135998240,
            "book_valuer_per_share": 21.79,
            "book_valuer_per_share_4q_avg": 23.46,
            "equity": 296282642,
            "current_ratio": null,
            "debt_ratio": 93.17,
            "inventory_turnover_ratio": null,
            "account_receivable_turnover_ratio": null,
            "reinvestment_rate": 1.79,
            "research_to_sale_ratio": null,
            "price_fair": 64.49,
            "eps_avg_yearly": 1.84,
            "eps_latest_yearly": 0.56,
            "eps_growth_yearly": 53.37
        },
        "20223": {
            "year_quarter": 20223,
            "year": 2022,
            "quarter": 3,
            "eps": 0.41,
            "eps_growth_year": -22.64,
            "eps_4q": 1.41,
            "eps_4q_growth_year": -25.48,
            "roe": 1.94,
            "roe_4q": 6.24,
            "gross_profit": null,
            "gross_margin": null,
            "gross_margin_4q_avg": 0,
            "net_income": 5703947,
            "revenue": 14813599,
            "common_shares": 139398196,
            "book_valuer_per_share": 21,
            "book_valuer_per_share_4q_avg": 22.76,
            "equity": 292778184,
            "current_ratio": null,
            "debt_ratio": 93.25,
            "inventory_turnover_ratio": null,
            "account_receivable_turnover_ratio": null,
            "reinvestment_rate": 1.59,
            "research_to_sale_ratio": null,
            "price_fair": 63.26,
            "eps_avg_yearly": 1.81,
            "eps_latest_yearly": 1.64,
            "eps_growth_yearly": 102.03
        },
        "20224": {
            "year_quarter": 20224,
            "year": 2022,
            "quarter": 4,
            "eps": 0.34,
            "eps_growth_year": -24.31,
            "eps_4q": 1.32,
            "eps_4q_growth_year": -30.48,
            "roe": 1.58,
            "roe_4q": 5.97,
            "gross_profit": null,
            "gross_margin": null,
            "gross_margin_4q_avg": 0,
            "net_income": 4674557,
            "revenue": 13950486,
            "common_shares": 139398196,
            "book_valuer_per_share": 21.51,
            "book_valuer_per_share_4q_avg": 22.1,
            "equity": 299809453,
            "current_ratio": null,
            "debt_ratio": 92.62,
            "inventory_turnover_ratio": null,
            "account_receivable_turnover_ratio": null,
            "reinvestment_rate": 1.46,
            "research_to_sale_ratio": null,
            "price_fair": 62.91,
            "eps_avg_yearly": 1.8,
            "eps_latest_yearly": 1.36,
            "eps_growth_yearly": 105.49
        }
    },
    "months": {
        "2002-02": {
            "month": "2002-02",
            "price": "19.26",
            "revenue": 437294
        },
        "2002-03": {
            "month": "2002-03",
            "price": "18.73",
            "revenue": 532346
        },
        "2002-04": {
            "month": "2002-04",
            "price": "20.18",
            "revenue": 456725
        },
        "2002-05": {
            "month": "2002-05",
            "price": "20.48",
            "revenue": 485683
        },
        "2002-06": {
            "month": "2002-06",
            "price": "22.19",
            "revenue": 451738
        },
        "2002-07": {
            "month": "2002-07",
            "price": "21.31",
            "revenue": 356534
        },
        "2002-08": {
            "month": "2002-08",
            "price": "18.44",
            "revenue": 698263
        },
        "2002-09": {
            "month": "2002-09",
            "price": "15.58",
            "revenue": 229018
        },
        "2002-10": {
            "month": "2002-10",
            "price": "15.49",
            "revenue": 877238
        },
        "2002-11": {
            "month": "2002-11",
            "price": "16.83",
            "revenue": 754858
        },
        "2002-12": {
            "month": "2002-12",
            "price": "16.38",
            "revenue": 1217852
        },
        "2003-01": {
            "month": "2003-01",
            "price": "18.30",
            "revenue": 1414655
        },
        "2003-02": {
            "month": "2003-02",
            "price": "17.82",
            "revenue": 1123028
        },
        "2003-03": {
            "month": "2003-03",
            "price": "16.39",
            "revenue": 694353
        },
        "2003-04": {
            "month": "2003-04",
            "price": "16.49",
            "revenue": 878895
        },
        "2003-05": {
            "month": "2003-05",
            "price": "15.83",
            "revenue": 1654120
        },
        "2003-06": {
            "month": "2003-06",
            "price": "16.63",
            "revenue": 2180097
        },
        "2003-07": {
            "month": "2003-07",
            "price": "16.93",
            "revenue": 1755756
        },
        "2003-08": {
            "month": "2003-08",
            "price": "16.03",
            "revenue": 1592450
        },
        "2003-09": {
            "month": "2003-09",
            "price": "17.36",
            "revenue": 2001505
        },
        "2003-10": {
            "month": "2003-10",
            "price": "19.89",
            "revenue": 1822790
        },
        "2003-11": {
            "month": "2003-11",
            "price": "19.92",
            "revenue": 1446238
        },
        "2003-12": {
            "month": "2003-12",
            "price": "20.49",
            "revenue": 2606769
        },
        "2004-01": {
            "month": "2004-01",
            "price": "21.75",
            "revenue": 1736256
        },
        "2004-02": {
            "month": "2004-02",
            "price": "23.03",
            "revenue": 1884496
        },
        "2004-03": {
            "month": "2004-03",
            "price": "23.37",
            "revenue": 1739224
        },
        "2004-04": {
            "month": "2004-04",
            "price": "22.88",
            "revenue": 1475861
        },
        "2004-05": {
            "month": "2004-05",
            "price": "21.73",
            "revenue": 1439158
        },
        "2004-06": {
            "month": "2004-06",
            "price": "21.83",
            "revenue": 1923952
        },
        "2004-07": {
            "month": "2004-07",
            "price": "21.59",
            "revenue": 834734
        },
        "2004-08": {
            "month": "2004-08",
            "price": "19.32",
            "revenue": 997048
        },
        "2004-09": {
            "month": "2004-09",
            "price": "21.22",
            "revenue": 2337297
        },
        "2004-10": {
            "month": "2004-10",
            "price": "22.02",
            "revenue": 1366374
        },
        "2004-11": {
            "month": "2004-11",
            "price": "22.25",
            "revenue": 3954904
        },
        "2004-12": {
            "month": "2004-12",
            "price": "21.28",
            "revenue": 2262718
        },
        "2005-01": {
            "month": "2005-01",
            "price": "20.96",
            "revenue": 1430337
        },
        "2005-02": {
            "month": "2005-02",
            "price": "21.08",
            "revenue": 1954034
        },
        "2005-03": {
            "month": "2005-03",
            "price": "20.82",
            "revenue": 1760935
        },
        "2005-04": {
            "month": "2005-04",
            "price": "19.79",
            "revenue": 1083874
        },
        "2005-05": {
            "month": "2005-05",
            "price": "20.64",
            "revenue": 1512311
        },
        "2005-06": {
            "month": "2005-06",
            "price": "20.83",
            "revenue": 2236536
        },
        "2005-07": {
            "month": "2005-07",
            "price": "21.07",
            "revenue": 1995555
        },
        "2005-08": {
            "month": "2005-08",
            "price": "21.41",
            "revenue": 1668223
        },
        "2005-09": {
            "month": "2005-09",
            "price": "21.85",
            "revenue": 1994162
        },
        "2005-10": {
            "month": "2005-10",
            "price": "21.16",
            "revenue": 1875063
        },
        "2005-11": {
            "month": "2005-11",
            "price": "22.44",
            "revenue": 2646407
        },
        "2005-12": {
            "month": "2005-12",
            "price": "21.68",
            "revenue": 2193672
        },
        "2006-01": {
            "month": "2006-01",
            "price": "21.44",
            "revenue": 1910772
        },
        "2006-02": {
            "month": "2006-02",
            "price": "23.31",
            "revenue": 1779265
        },
        "2006-03": {
            "month": "2006-03",
            "price": "23.60",
            "revenue": 2870304
        },
        "2006-04": {
            "month": "2006-04",
            "price": "24.05",
            "revenue": 416769
        },
        "2006-05": {
            "month": "2006-05",
            "price": "23.86",
            "revenue": 1666105
        },
        "2006-06": {
            "month": "2006-06",
            "price": "22.90",
            "revenue": 1486788
        },
        "2006-07": {
            "month": "2006-07",
            "price": "22.99",
            "revenue": 1806128
        },
        "2006-08": {
            "month": "2006-08",
            "price": "21.80",
            "revenue": 1432731
        },
        "2006-09": {
            "month": "2006-09",
            "price": "22.52",
            "revenue": 1406088
        },
        "2006-10": {
            "month": "2006-10",
            "price": "23.26",
            "revenue": 1102961
        },
        "2006-11": {
            "month": "2006-11",
            "price": "23.86",
            "revenue": 1005441
        },
        "2006-12": {
            "month": "2006-12",
            "price": "24.06",
            "revenue": 1398849
        },
        "2007-01": {
            "month": "2007-01",
            "price": "22.94",
            "revenue": 1135065
        },
        "2007-02": {
            "month": "2007-02",
            "price": "22.53",
            "revenue": 1394230
        },
        "2007-03": {
            "month": "2007-03",
            "price": "21.08",
            "revenue": 1358357
        },
        "2007-04": {
            "month": "2007-04",
            "price": "21.77",
            "revenue": 1030185
        },
        "2007-05": {
            "month": "2007-05",
            "price": "20.95",
            "revenue": 1640795
        },
        "2007-06": {
            "month": "2007-06",
            "price": "21.48",
            "revenue": 2424204
        },
        "2007-07": {
            "month": "2007-07",
            "price": "23.11",
            "revenue": 2430575
        },
        "2007-08": {
            "month": "2007-08",
            "price": "19.92",
            "revenue": 1102324
        },
        "2007-09": {
            "month": "2007-09",
            "price": "20.26",
            "revenue": 1269578
        },
        "2007-10": {
            "month": "2007-10",
            "price": "21.08",
            "revenue": 1359848
        },
        "2007-11": {
            "month": "2007-11",
            "price": "19.96",
            "revenue": 1556840
        },
        "2007-12": {
            "month": "2007-12",
            "price": "20.02",
            "revenue": 1608088
        },
        "2008-01": {
            "month": "2008-01",
            "price": "20.55",
            "revenue": -2325456
        },
        "2008-02": {
            "month": "2008-02",
            "price": "21.67",
            "revenue": 1790262
        },
        "2008-03": {
            "month": "2008-03",
            "price": "23.43",
            "revenue": 1827787
        },
        "2008-04": {
            "month": "2008-04",
            "price": "25.82",
            "revenue": 1939868
        },
        "2008-05": {
            "month": "2008-05",
            "price": "25.37",
            "revenue": 1289505
        },
        "2008-06": {
            "month": "2008-06",
            "price": "23.57",
            "revenue": 398720
        },
        "2008-07": {
            "month": "2008-07",
            "price": "20.88",
            "revenue": -1201731
        },
        "2008-08": {
            "month": "2008-08",
            "price": "19.67",
            "revenue": 1672015
        },
        "2008-09": {
            "month": "2008-09",
            "price": "16.68",
            "revenue": -7356873
        },
        "2008-10": {
            "month": "2008-10",
            "price": "10.76",
            "revenue": 1861383
        },
        "2008-11": {
            "month": "2008-11",
            "price": "9.75",
            "revenue": 722265
        },
        "2008-12": {
            "month": "2008-12",
            "price": "11.02",
            "revenue": 656308
        },
        "2009-01": {
            "month": "2009-01",
            "price": "10.45",
            "revenue": 1295951
        },
        "2009-02": {
            "month": "2009-02",
            "price": "9.90",
            "revenue": 1334086
        },
        "2009-03": {
            "month": "2009-03",
            "price": "10.70",
            "revenue": 1205646
        },
        "2009-04": {
            "month": "2009-04",
            "price": "14.03",
            "revenue": 1423472
        },
        "2009-05": {
            "month": "2009-05",
            "price": "15.33",
            "revenue": 2001192
        },
        "2009-06": {
            "month": "2009-06",
            "price": "14.77",
            "revenue": 1288808
        },
        "2009-07": {
            "month": "2009-07",
            "price": "16.62",
            "revenue": 1526656
        },
        "2009-08": {
            "month": "2009-08",
            "price": "17.07",
            "revenue": 1249457
        },
        "2009-09": {
            "month": "2009-09",
            "price": "19.03",
            "revenue": 851028
        },
        "2009-10": {
            "month": "2009-10",
            "price": "19.92",
            "revenue": 951038
        },
        "2009-11": {
            "month": "2009-11",
            "price": "19.18",
            "revenue": 865905
        },
        "2009-12": {
            "month": "2009-12",
            "price": "18.30",
            "revenue": 1169078
        },
        "2010-01": {
            "month": "2010-01",
            "price": "18.30",
            "revenue": 1445017
        },
        "2010-02": {
            "month": "2010-02",
            "price": "17.37",
            "revenue": 1301229
        },
        "2010-03": {
            "month": "2010-03",
            "price": "18.15",
            "revenue": 1417474
        },
        "2010-04": {
            "month": "2010-04",
            "price": "18.45",
            "revenue": 1403796
        },
        "2010-05": {
            "month": "2010-05",
            "price": "17.27",
            "revenue": 979491
        },
        "2010-06": {
            "month": "2010-06",
            "price": "17.15",
            "revenue": 1713784
        },
        "2010-07": {
            "month": "2010-07",
            "price": "18.73",
            "revenue": 1538168
        },
        "2010-08": {
            "month": "2010-08",
            "price": "19.60",
            "revenue": 1343370
        },
        "2010-09": {
            "month": "2010-09",
            "price": "20.57",
            "revenue": 1414915
        },
        "2010-10": {
            "month": "2010-10",
            "price": "21.15",
            "revenue": 1328855
        },
        "2010-11": {
            "month": "2010-11",
            "price": "20.79",
            "revenue": 1290325
        },
        "2010-12": {
            "month": "2010-12",
            "price": "21.65",
            "revenue": 1354913
        },
        "2011-01": {
            "month": "2011-01",
            "price": "22.37",
            "revenue": 1818926
        },
        "2011-02": {
            "month": "2011-02",
            "price": "22.32",
            "revenue": 1350574
        },
        "2011-03": {
            "month": "2011-03",
            "price": "22.06",
            "revenue": 1978400
        },
        "2011-04": {
            "month": "2011-04",
            "price": "23.58",
            "revenue": 1696415
        },
        "2011-05": {
            "month": "2011-05",
            "price": "24.50",
            "revenue": 1536538
        },
        "2011-06": {
            "month": "2011-06",
            "price": "24.38",
            "revenue": 1892117
        },
        "2011-07": {
            "month": "2011-07",
            "price": "26.55",
            "revenue": 2129042
        },
        "2011-08": {
            "month": "2011-08",
            "price": "26.05",
            "revenue": 1279699
        },
        "2011-09": {
            "month": "2011-09",
            "price": "22.25",
            "revenue": 1340742
        },
        "2011-10": {
            "month": "2011-10",
            "price": "21.92",
            "revenue": 1342958
        },
        "2011-11": {
            "month": "2011-11",
            "price": "20.69",
            "revenue": 1046862
        },
        "2011-12": {
            "month": "2011-12",
            "price": "19.93",
            "revenue": 754661
        },
        "2012-01": {
            "month": "2012-01",
            "price": "20.04",
            "revenue": 2005831
        },
        "2012-02": {
            "month": "2012-02",
            "price": "22.00",
            "revenue": 2472130
        },
        "2012-03": {
            "month": "2012-03",
            "price": "21.43",
            "revenue": 2370051
        },
        "2012-04": {
            "month": "2012-04",
            "price": "21.67",
            "revenue": 1981597
        },
        "2012-05": {
            "month": "2012-05",
            "price": "21.37",
            "revenue": 2569891
        },
        "2012-06": {
            "month": "2012-06",
            "price": "21.06",
            "revenue": 2140474
        },
        "2012-07": {
            "month": "2012-07",
            "price": "23.05",
            "revenue": 1893801
        },
        "2012-08": {
            "month": "2012-08",
            "price": "23.17",
            "revenue": 1663244
        },
        "2012-09": {
            "month": "2012-09",
            "price": "22.57",
            "revenue": 1624410
        },
        "2012-10": {
            "month": "2012-10",
            "price": "21.96",
            "revenue": 1508747
        },
        "2012-11": {
            "month": "2012-11",
            "price": "21.48",
            "revenue": 1490596
        },
        "2012-12": {
            "month": "2012-12",
            "price": "22.70",
            "revenue": 920886
        },
        "2013-01": {
            "month": "2013-01",
            "price": "23.22",
            "revenue": 4874035
        },
        "2013-02": {
            "month": "2013-02",
            "price": "24.90",
            "revenue": 3955906
        },
        "2013-03": {
            "month": "2013-03",
            "price": "24.65",
            "revenue": 4347196
        },
        "2013-04": {
            "month": "2013-04",
            "price": "23.28",
            "revenue": 4138847
        },
        "2013-05": {
            "month": "2013-05",
            "price": "23.78",
            "revenue": 4994138
        },
        "2013-06": {
            "month": "2013-06",
            "price": "22.80",
            "revenue": 4078302
        },
        "2013-07": {
            "month": "2013-07",
            "price": "24.43",
            "revenue": 5631591
        },
        "2013-08": {
            "month": "2013-08",
            "price": "23.84",
            "revenue": 4150511
        },
        "2013-09": {
            "month": "2013-09",
            "price": "23.83",
            "revenue": 4216848
        },
        "2013-10": {
            "month": "2013-10",
            "price": "24.94",
            "revenue": 5135244
        },
        "2013-11": {
            "month": "2013-11",
            "price": "24.22",
            "revenue": 4135173
        },
        "2013-12": {
            "month": "2013-12",
            "price": "24.82",
            "revenue": 5291659
        },
        "2014-01": {
            "month": "2014-01",
            "price": "24.77",
            "revenue": 4784357
        },
        "2014-02": {
            "month": "2014-02",
            "price": "24.10",
            "revenue": 5048107
        },
        "2014-03": {
            "month": "2014-03",
            "price": "23.40",
            "revenue": 5309479
        },
        "2014-04": {
            "month": "2014-04",
            "price": "23.53",
            "revenue": 4700946
        },
        "2014-05": {
            "month": "2014-05",
            "price": "23.83",
            "revenue": 5221888
        },
        "2014-06": {
            "month": "2014-06",
            "price": "24.83",
            "revenue": 5978175
        },
        "2014-07": {
            "month": "2014-07",
            "price": "25.74",
            "revenue": 5444746
        },
        "2014-08": {
            "month": "2014-08",
            "price": "25.72",
            "revenue": 4837352
        },
        "2014-09": {
            "month": "2014-09",
            "price": "25.36",
            "revenue": 4666735
        },
        "2014-10": {
            "month": "2014-10",
            "price": "24.68",
            "revenue": 4671383
        },
        "2014-11": {
            "month": "2014-11",
            "price": "25.04",
            "revenue": 4630537
        },
        "2014-12": {
            "month": "2014-12",
            "price": "24.18",
            "revenue": 5187474
        },
        "2015-01": {
            "month": "2015-01",
            "price": "23.89",
            "revenue": 5389652
        },
        "2015-02": {
            "month": "2015-02",
            "price": "24.59",
            "revenue": 4712367
        },
        "2015-03": {
            "month": "2015-03",
            "price": "25.18",
            "revenue": 5035716
        },
        "2015-04": {
            "month": "2015-04",
            "price": "26.66",
            "revenue": 4906370
        },
        "2015-05": {
            "month": "2015-05",
            "price": "27.24",
            "revenue": 4686094
        },
        "2015-06": {
            "month": "2015-06",
            "price": "27.61",
            "revenue": 4675511
        },
        "2015-07": {
            "month": "2015-07",
            "price": "27.08",
            "revenue": 4828644
        },
        "2015-08": {
            "month": "2015-08",
            "price": "24.57",
            "revenue": 4214972
        },
        "2015-09": {
            "month": "2015-09",
            "price": "23.50",
            "revenue": 4627069
        },
        "2015-10": {
            "month": "2015-10",
            "price": "23.25",
            "revenue": 5612847
        },
        "2015-11": {
            "month": "2015-11",
            "price": "22.70",
            "revenue": 6334128
        },
        "2015-12": {
            "month": "2015-12",
            "price": "21.61",
            "revenue": 5192820
        },
        "2016-01": {
            "month": "2016-01",
            "price": "20.16",
            "revenue": 5611446
        },
        "2016-02": {
            "month": "2016-02",
            "price": "21.63",
            "revenue": 4528211
        },
        "2016-03": {
            "month": "2016-03",
            "price": "22.74",
            "revenue": 5853486
        },
        "2016-04": {
            "month": "2016-04",
            "price": "22.82",
            "revenue": 5078128
        },
        "2016-05": {
            "month": "2016-05",
            "price": "23.17",
            "revenue": 5063454
        },
        "2016-06": {
            "month": "2016-06",
            "price": "24.24",
            "revenue": 5220736
        },
        "2016-07": {
            "month": "2016-07",
            "price": "24.63",
            "revenue": 5649841
        },
        "2016-08": {
            "month": "2016-08",
            "price": "23.96",
            "revenue": 5231928
        },
        "2016-09": {
            "month": "2016-09",
            "price": "22.15",
            "revenue": 4791405
        },
        "2016-10": {
            "month": "2016-10",
            "price": "21.80",
            "revenue": 4605083
        },
        "2016-11": {
            "month": "2016-11",
            "price": "22.68",
            "revenue": 4212110
        },
        "2016-12": {
            "month": "2016-12",
            "price": "23.22",
            "revenue": 5013040
        },
        "2017-01": {
            "month": "2017-01",
            "price": "23.52",
            "revenue": 4926780
        },
        "2017-02": {
            "month": "2017-02",
            "price": "23.78",
            "revenue": 4702860
        },
        "2017-03": {
            "month": "2017-03",
            "price": "24.07",
            "revenue": 5124939
        },
        "2017-04": {
            "month": "2017-04",
            "price": "24.16",
            "revenue": 4530879
        },
        "2017-05": {
            "month": "2017-05",
            "price": "24.59",
            "revenue": 4671158
        },
        "2017-06": {
            "month": "2017-06",
            "price": "24.77",
            "revenue": 5468090
        },
        "2017-07": {
            "month": "2017-07",
            "price": "25.54",
            "revenue": 5681943
        },
        "2017-08": {
            "month": "2017-08",
            "price": "24.53",
            "revenue": 5159837
        },
        "2017-09": {
            "month": "2017-09",
            "price": "23.80",
            "revenue": 4959835
        },
        "2017-10": {
            "month": "2017-10",
            "price": "23.94",
            "revenue": 5110811
        },
        "2017-11": {
            "month": "2017-11",
            "price": "23.66",
            "revenue": 4913944
        },
        "2017-12": {
            "month": "2017-12",
            "price": "23.69",
            "revenue": 5303856
        },
        "2018-01": {
            "month": "2018-01",
            "price": "25.33",
            "revenue": 5579063
        },
        "2018-02": {
            "month": "2018-02",
            "price": "24.65",
            "revenue": 4201266
        },
        "2018-03": {
            "month": "2018-03",
            "price": "25.16",
            "revenue": 5417901
        },
        "2018-04": {
            "month": "2018-04",
            "price": "25.67",
            "revenue": 4566358
        },
        "2018-05": {
            "month": "2018-05",
            "price": "26.48",
            "revenue": 5544338
        },
        "2018-06": {
            "month": "2018-06",
            "price": "26.80",
            "revenue": 5307248
        },
        "2018-07": {
            "month": "2018-07",
            "price": "26.86",
            "revenue": 6949192
        },
        "2018-08": {
            "month": "2018-08",
            "price": "26.25",
            "revenue": 5262567
        },
        "2018-09": {
            "month": "2018-09",
            "price": "26.47",
            "revenue": 4961242
        },
        "2018-10": {
            "month": "2018-10",
            "price": "26.48",
            "revenue": 3741952
        },
        "2018-11": {
            "month": "2018-11",
            "price": "26.27",
            "revenue": 4808906
        },
        "2018-12": {
            "month": "2018-12",
            "price": "25.68",
            "revenue": 5293676
        },
        "2019-01": {
            "month": "2019-01",
            "price": "26.09",
            "revenue": 5985804
        },
        "2019-02": {
            "month": "2019-02",
            "price": "26.78",
            "revenue": 4974440
        },
        "2019-03": {
            "month": "2019-03",
            "price": "27.58",
            "revenue": 5726868
        },
        "2019-04": {
            "month": "2019-04",
            "price": "28.35",
            "revenue": 5156077
        },
        "2019-05": {
            "month": "2019-05",
            "price": "30.20",
            "revenue": 5070841
        },
        "2019-06": {
            "month": "2019-06",
            "price": "31.02",
            "revenue": 6119299
        },
        "2019-07": {
            "month": "2019-07",
            "price": "31.75",
            "revenue": 6159532
        },
        "2019-08": {
            "month": "2019-08",
            "price": "29.13",
            "revenue": 5170982
        },
        "2019-09": {
            "month": "2019-09",
            "price": "29.02",
            "revenue": 5201383
        },
        "2019-10": {
            "month": "2019-10",
            "price": "29.21",
            "revenue": 5692095
        },
        "2019-11": {
            "month": "2019-11",
            "price": "30.44",
            "revenue": 4729417
        },
        "2019-12": {
            "month": "2019-12",
            "price": "30.45",
            "revenue": 5282368
        },
        "2020-01": {
            "month": "2020-01",
            "price": "31.32",
            "revenue": 4517222
        },
        "2020-02": {
            "month": "2020-02",
            "price": "32.44",
            "revenue": 4657431
        },
        "2020-03": {
            "month": "2020-03",
            "price": "29.63",
            "revenue": 1621611
        },
        "2020-04": {
            "month": "2020-04",
            "price": "28.78",
            "revenue": 7021558
        },
        "2020-05": {
            "month": "2020-05",
            "price": "30.28",
            "revenue": 6237578
        },
        "2020-06": {
            "month": "2020-06",
            "price": "31.39",
            "revenue": 6191722
        },
        "2020-07": {
            "month": "2020-07",
            "price": "32.09",
            "revenue": 6143597
        },
        "2020-08": {
            "month": "2020-08",
            "price": "30.70",
            "revenue": 5214167
        },
        "2020-09": {
            "month": "2020-09",
            "price": "28.36",
            "revenue": 4240770
        },
        "2020-10": {
            "month": "2020-10",
            "price": "27.81",
            "revenue": 4175281
        },
        "2020-11": {
            "month": "2020-11",
            "price": "29.04",
            "revenue": 5526464
        },
        "2020-12": {
            "month": "2020-12",
            "price": "29.32",
            "revenue": 5260136
        },
        "2021-01": {
            "month": "2021-01",
            "price": "29.24",
            "revenue": 3937738
        },
        "2021-02": {
            "month": "2021-02",
            "price": "29.10",
            "revenue": 4815667
        },
        "2021-03": {
            "month": "2021-03",
            "price": "30.92",
            "revenue": 5836166
        },
        "2021-04": {
            "month": "2021-04",
            "price": "32.15",
            "revenue": 5860327
        },
        "2021-05": {
            "month": "2021-05",
            "price": "32.32",
            "revenue": 3261812
        },
        "2021-06": {
            "month": "2021-06",
            "price": "32.86",
            "revenue": 5533008
        },
        "2021-07": {
            "month": "2021-07",
            "price": "32.91",
            "revenue": 5356742
        },
        "2021-08": {
            "month": "2021-08",
            "price": "32.09",
            "revenue": 5948412
        },
        "2021-09": {
            "month": "2021-09",
            "price": "32.34",
            "revenue": 4615217
        },
        "2021-10": {
            "month": "2021-10",
            "price": "32.71",
            "revenue": 4267997
        },
        "2021-11": {
            "month": "2021-11",
            "price": "33.95",
            "revenue": 5288162
        },
        "2021-12": {
            "month": "2021-12",
            "price": "35.31",
            "revenue": 5517683
        },
        "2022-01": {
            "month": "2022-01",
            "price": "36.66",
            "revenue": 3978770
        },
        "2022-02": {
            "month": "2022-02",
            "price": "38.23",
            "revenue": 4747137
        },
        "2022-03": {
            "month": "2022-03",
            "price": "39.83",
            "revenue": 5529313
        },
        "2022-04": {
            "month": "2022-04",
            "price": "42.68",
            "revenue": 4355049
        },
        "2022-05": {
            "month": "2022-05",
            "price": "38.02",
            "revenue": 4734966
        },
        "2022-06": {
            "month": "2022-06",
            "price": "36.44",
            "revenue": 3940333
        },
        "2022-07": {
            "month": "2022-07",
            "price": "34.76",
            "revenue": 7120270
        },
        "2022-08": {
            "month": "2022-08",
            "price": "35.80",
            "revenue": 4861655
        },
        "2022-09": {
            "month": "2022-09",
            "price": "34.12",
            "revenue": 2807313
        },
        "2022-10": {
            "month": "2022-10",
            "price": "30.00",
            "revenue": 3132932
        },
        "2022-11": {
            "month": "2022-11",
            "price": "30.64",
            "revenue": 5358160
        },
        "2022-12": {
            "month": "2022-12",
            "price": "30.85",
            "revenue": 5487929
        },
        "2023-01": {
            "month": "2023-01",
            "price": "31.50",
            "revenue": 6207022
        },
        "2023-02": {
            "month": "2023-02",
            "price": "33.04",
            "revenue": 5728423
        },
        "2023-03": {
            "month": "2023-03",
            "price": "32.70",
            "revenue": 6342169
        },
        "2023-04": {
            "month": "2023-04",
            "price": "33.61",
            "revenue": 6348369
        }
    }
}
