{
    "summary": {
        "stock_name": "台新金",
        "stock_id": "2887",
        "category": "金融",
        "main_business": "金融控股公司業",
        "website_url": "https://www.taishinholdings.com.tw/",
        "ceo": "林維俊",
        "pe_ratio": 15,
        "report_year_from": 2002,
        "report_year_to": 2023,
        "age": 22,
        "eps_negative_percentage": 0,
        "eps_growth_avg": {
            "last_all": 2.92,
            "last_2y": 0.15,
            "last_4y": 1.52,
            "last_8y": 9.69,
            "last_12y": 2.92,
            "last_16y": null,
            "last_20y": null,
            "at_2006_last_3y": null,
            "at_2007_last_3y": null,
            "at_2008_last_3y": null,
            "at_2009_last_3y": null,
            "at_2010_last_3y": null,
            "at_2011_last_3y": null,
            "at_2012_last_3y": null,
            "at_2013_last_3y": null,
            "at_2014_last_3y": -12.3,
            "at_2015_last_3y": 8.99,
            "at_2016_last_3y": 5.28,
            "at_2017_last_3y": -0.33,
            "at_2018_last_3y": 19.89,
            "at_2019_last_3y": -2.92,
            "at_2020_last_3y": 0.55,
            "at_2021_last_3y": 10.38,
            "at_2022_last_3y": 3.64,
            "at_2023_last_3y": -0.29,
            "at_2024_last_3y": -0.29,
            "at_2006_last_all": null,
            "at_2007_last_all": null,
            "at_2008_last_all": null,
            "at_2009_last_all": null,
            "at_2010_last_all": null,
            "at_2011_last_all": null,
            "at_2012_last_all": 7.08,
            "at_2013_last_all": 12.48,
            "at_2014_last_all": -12.3,
            "at_2015_last_all": 10.16,
            "at_2016_last_all": 5.88,
            "at_2017_last_all": 5.16,
            "at_2018_last_all": 3.79,
            "at_2019_last_all": 4.35,
            "at_2020_last_all": 3.75,
            "at_2021_last_all": 7.06,
            "at_2022_last_all": 3.74,
            "at_2023_last_all": 2.92,
            "at_2024_last_all": 2.92
        },
        "latest_eps": 1.17,
        "latest_price": 17.85,
        "latest_roe": 6.96,
        "latest_gross_margin": null,
        "latest_equity": 216562473,
        "latest_revenue": 16706492,
        "latest_gross_profit": null,
        "latest_net_income": 2500189,
        "latest_debt_ratio": 92.87,
        "latest_current_ratio": null,
        "latest_account_receivable_turnover_ratio": null,
        "latest_inventory_turnover_ratio": null,
        "latest_reinvestment_rate": -53.26,
        "latest_research_to_sale_ratio": null
    },
    "eps_dividends": {
        "2001": {
            "cash": 0,
            "stock": 0,
            "eps": 0
        },
        "2002": {
            "cash": 0,
            "stock": 0,
            "eps": 0
        },
        "2003": {
            "cash": 1,
            "stock": 0,
            "eps": 0
        },
        "2004": {
            "cash": 1.2,
            "stock": 0.63,
            "eps": 0
        },
        "2005": {
            "cash": 1.3,
            "stock": 1.46,
            "eps": 0
        },
        "2006": {
            "cash": 0,
            "stock": 0,
            "eps": 0
        },
        "2007": {
            "cash": 0,
            "stock": 0,
            "eps": 0
        },
        "2008": {
            "cash": 0.18,
            "stock": 0,
            "eps": 0
        },
        "2009": {
            "cash": 0,
            "stock": 0,
            "eps": 0
        },
        "2010": {
            "cash": 0,
            "stock": 1.1,
            "eps": 1.28
        },
        "2011": {
            "cash": 0.45,
            "stock": 1.6,
            "eps": 1.47
        },
        "2012": {
            "cash": 0,
            "stock": 0,
            "eps": 1.46
        },
        "2013": {
            "cash": 0.22,
            "stock": 0.89,
            "eps": 1.8
        },
        "2014": {
            "cash": 0.43,
            "stock": 0.99,
            "eps": 0.24
        },
        "2015": {
            "cash": 0.1,
            "stock": 0,
            "eps": 1.42
        },
        "2016": {
            "cash": 0.48,
            "stock": 0.72,
            "eps": 1.2
        },
        "2017": {
            "cash": 0.53,
            "stock": 0.43,
            "eps": 1.21
        },
        "2018": {
            "cash": 0.54,
            "stock": 0.44,
            "eps": 1.14
        },
        "2019": {
            "cash": 0.51,
            "stock": 0.21,
            "eps": 1.24
        },
        "2020": {
            "cash": 0.57,
            "stock": 0.23,
            "eps": 1.22
        },
        "2021": {
            "cash": 0.56,
            "stock": 0.45,
            "eps": 1.71
        },
        "2022": {
            "cash": 0.61,
            "stock": 0.5,
            "eps": 1.15
        },
        "2023": {
            "cash": 0.51,
            "stock": 0.42,
            "eps": 1.07
        }
    },
    "dividends": {
        "2003-04-17": {
            "cash": 1,
            "stock": 0
        },
        "2004-04-29": {
            "cash": 1.2,
            "stock": 0.63
        },
        "2005-04-21": {
            "cash": 1.3,
            "stock": 1.46
        },
        "2008-04-24": {
            "cash": 0.18,
            "stock": 0
        },
        "2010-04-22": {
            "cash": 0,
            "stock": 1.1
        },
        "2011-01-01": {
            "cash": 0.22,
            "stock": 0.9
        },
        "2011-05-05": {
            "cash": 0.23,
            "stock": 0.7
        },
        "2013-04-25": {
            "cash": 0.22,
            "stock": 0.89
        },
        "2014-09-05": {
            "cash": 0.43,
            "stock": 0.99
        },
        "2015-07-31": {
            "cash": 0.1,
            "stock": 0
        },
        "2016-09-14": {
            "cash": 0.48,
            "stock": 0.72
        },
        "2017-09-07": {
            "cash": 0.53,
            "stock": 0.43
        },
        "2018-09-14": {
            "cash": 0.54,
            "stock": 0.44
        },
        "2019-09-09": {
            "cash": 0.51,
            "stock": 0.21
        },
        "2020-09-09": {
            "cash": 0.57,
            "stock": 0.23
        },
        "2021-10-05": {
            "cash": 0.56,
            "stock": 0.45
        },
        "2022-09-20": {
            "cash": 0.61,
            "stock": 0.5
        },
        "2023-08-25": {
            "cash": 0.51,
            "stock": 0.42
        }
    },
    "prices": {
        "200101": "無",
        "200102": "無",
        "200103": "無",
        "200104": "無",
        "200105": "無",
        "200106": "無",
        "200107": "無",
        "200108": "無",
        "200109": "無",
        "200110": "無",
        "200111": "無",
        "200112": "無",
        "200201": "無",
        "200202": "14.86",
        "200203": "14.62",
        "200204": "17.79",
        "200205": "18.95",
        "200206": "18.94",
        "200207": "16.41",
        "200208": "16.02",
        "200209": "14.90",
        "200210": "14.31",
        "200211": "17.15",
        "200212": "17.28",
        "200301": "19.57",
        "200302": "17.94",
        "200303": "17.20",
        "200304": "16.83",
        "200305": "16.27",
        "200306": "17.56",
        "200307": "18.03",
        "200308": "17.83",
        "200309": "19.72",
        "200310": "22.74",
        "200311": "24.24",
        "200312": "25.70",
        "200401": "26.89",
        "200402": "28.38",
        "200403": "30.72",
        "200404": "31.69",
        "200405": "27.72",
        "200406": "27.82",
        "200407": "26.82",
        "200408": "24.08",
        "200409": "27.48",
        "200410": "27.70",
        "200411": "28.36",
        "200412": "29.17",
        "200501": "28.83",
        "200502": "29.26",
        "200503": "29.30",
        "200504": "27.47",
        "200505": "27.26",
        "200506": "27.00",
        "200507": "26.82",
        "200508": "22.16",
        "200509": "19.69",
        "200510": "18.32",
        "200511": "17.45",
        "200512": "17.84",
        "200601": "17.92",
        "200602": "20.33",
        "200603": "18.11",
        "200604": "19.14",
        "200605": "21.13",
        "200606": "20.09",
        "200607": "18.70",
        "200608": "16.86",
        "200609": "15.81",
        "200610": "17.36",
        "200611": "16.59",
        "200612": "18.07",
        "200701": "18.89",
        "200702": "18.47",
        "200703": "16.80",
        "200704": "16.77",
        "200705": "16.57",
        "200706": "17.04",
        "200707": "18.52",
        "200708": "16.57",
        "200709": "16.31",
        "200710": "16.36",
        "200711": "14.23",
        "200712": "13.09",
        "200801": "13.25",
        "200802": "13.41",
        "200803": "14.35",
        "200804": "15.52",
        "200805": "15.20",
        "200806": "14.13",
        "200807": "11.59",
        "200808": "10.46",
        "200809": "8.03",
        "200810": "5.01",
        "200811": "4.81",
        "200812": "5.71",
        "200901": "5.35",
        "200902": "5.04",
        "200903": "4.99",
        "200904": "7.09",
        "200905": "9.67",
        "200906": "11.36",
        "200907": "13.09",
        "200908": "11.45",
        "200909": "12.84",
        "200910": "13.84",
        "200911": "12.79",
        "200912": "12.26",
        "201001": "12.97",
        "201002": "11.20",
        "201003": "11.99",
        "201004": "12.73",
        "201005": "11.85",
        "201006": "11.94",
        "201007": "13.86",
        "201008": "14.13",
        "201009": "13.76",
        "201010": "13.79",
        "201011": "13.59",
        "201012": "15.40",
        "201101": "16.80",
        "201102": "15.67",
        "201103": "16.01",
        "201104": "16.49",
        "201105": "16.86",
        "201106": "16.93",
        "201107": "17.09",
        "201108": "13.65",
        "201109": "12.26",
        "201110": "12.07",
        "201111": "11.85",
        "201112": "10.56",
        "201201": "10.30",
        "201202": "11.96",
        "201203": "12.00",
        "201204": "11.25",
        "201205": "11.22",
        "201206": "11.14",
        "201207": "11.58",
        "201208": "11.33",
        "201209": "11.39",
        "201210": "10.84",
        "201211": "10.60",
        "201212": "11.35",
        "201301": "11.62",
        "201302": "12.13",
        "201303": "12.30",
        "201304": "12.56",
        "201305": "13.26",
        "201306": "13.00",
        "201307": "13.50",
        "201308": "12.97",
        "201309": "13.56",
        "201310": "14.53",
        "201311": "14.54",
        "201312": "14.49",
        "201401": "14.53",
        "201402": "14.33",
        "201403": "13.88",
        "201404": "13.87",
        "201405": "14.31",
        "201406": "15.16",
        "201407": "15.82",
        "201408": "15.58",
        "201409": "15.03",
        "201410": "14.23",
        "201411": "14.38",
        "201412": "13.25",
        "201501": "12.86",
        "201502": "13.29",
        "201503": "13.21",
        "201504": "13.62",
        "201505": "13.48",
        "201506": "12.90",
        "201507": "12.70",
        "201508": "11.82",
        "201509": "11.69",
        "201510": "12.44",
        "201511": "12.37",
        "201512": "11.46",
        "201601": "10.49",
        "201602": "10.80",
        "201603": "11.43",
        "201604": "11.68",
        "201605": "11.88",
        "201606": "12.34",
        "201607": "12.72",
        "201608": "12.83",
        "201609": "11.81",
        "201610": "11.51",
        "201611": "11.48",
        "201612": "11.79",
        "201701": "11.86",
        "201702": "12.09",
        "201703": "12.25",
        "201704": "12.43",
        "201705": "12.93",
        "201706": "13.70",
        "201707": "14.10",
        "201708": "13.68",
        "201709": "13.21",
        "201710": "13.29",
        "201711": "13.39",
        "201712": "13.68",
        "201801": "14.55",
        "201802": "13.99",
        "201803": "14.25",
        "201804": "14.26",
        "201805": "14.64",
        "201806": "14.64",
        "201807": "14.58",
        "201808": "14.80",
        "201809": "14.43",
        "201810": "14.02",
        "201811": "13.74",
        "201812": "13.32",
        "201901": "13.34",
        "201902": "13.81",
        "201903": "13.90",
        "201904": "14.14",
        "201905": "13.91",
        "201906": "14.23",
        "201907": "14.53",
        "201908": "13.79",
        "201909": "13.85",
        "201910": "13.94",
        "201911": "14.36",
        "201912": "14.44",
        "202001": "14.45",
        "202002": "14.42",
        "202003": "12.56",
        "202004": "12.03",
        "202005": "12.50",
        "202006": "13.42",
        "202007": "13.50",
        "202008": "13.33",
        "202009": "12.94",
        "202010": "12.82",
        "202011": "13.19",
        "202012": "13.11",
        "202101": "13.00",
        "202102": "12.85",
        "202103": "13.21",
        "202104": "13.72",
        "202105": "14.53",
        "202106": "15.10",
        "202107": "16.37",
        "202108": "17.39",
        "202109": "18.34",
        "202110": "18.21",
        "202111": "18.51",
        "202112": "18.76",
        "202201": "19.72",
        "202202": "20.10",
        "202203": "19.47",
        "202204": "19.93",
        "202205": "17.51",
        "202206": "17.06",
        "202207": "15.52",
        "202208": "16.29",
        "202209": "14.62",
        "202210": "13.24",
        "202211": "14.35",
        "202212": "15.03",
        "202301": "15.68",
        "202302": "16.32",
        "202303": "16.26",
        "202304": "17.05",
        "202305": "18.18",
        "202306": "18.91",
        "202307": "18.84",
        "202308": "17.98",
        "202309": "17.92",
        "202310": "17.69",
        "202311": "17.92",
        "202312": "17.92",
        "202401": "17.46",
        "202402": "17.28",
        "202403": "17.79"
    },
    "quarters": {
        "20011": {
            "year_quarter": 20011,
            "year": 2001,
            "quarter": 1,
            "eps": null,
            "eps_growth_year": null,
            "eps_4q": null,
            "eps_4q_growth_year": null,
            "roe": null,
            "roe_4q": 0,
            "gross_profit": null,
            "gross_margin": null,
            "gross_margin_4q_avg": 0,
            "net_income": null,
            "net_income_4q": null,
            "revenue": null,
            "revenue_4q": null,
            "common_shares": null,
            "book_valuer_per_share": null,
            "book_valuer_per_share_4q_avg": 0,
            "equity": null,
            "current_ratio": null,
            "debt_ratio": null,
            "inventory_turnover_ratio": null,
            "account_receivable_turnover_ratio": null,
            "reinvestment_rate": null,
            "research_to_sale_ratio": null,
            "price_fair": 0,
            "eps_avg_yearly": 0,
            "eps_latest_yearly": 0,
            "eps_growth_yearly": 0
        },
        "20012": {
            "year_quarter": 20012,
            "year": 2001,
            "quarter": 2,
            "eps": null,
            "eps_growth_year": null,
            "eps_4q": null,
            "eps_4q_growth_year": null,
            "roe": null,
            "roe_4q": 0,
            "gross_profit": null,
            "gross_margin": null,
            "gross_margin_4q_avg": 0,
            "net_income": null,
            "net_income_4q": null,
            "revenue": null,
            "revenue_4q": null,
            "common_shares": null,
            "book_valuer_per_share": null,
            "book_valuer_per_share_4q_avg": 0,
            "equity": null,
            "current_ratio": null,
            "debt_ratio": null,
            "inventory_turnover_ratio": null,
            "account_receivable_turnover_ratio": null,
            "reinvestment_rate": null,
            "research_to_sale_ratio": null,
            "price_fair": 0,
            "eps_avg_yearly": 0,
            "eps_latest_yearly": 0,
            "eps_growth_yearly": 0
        },
        "20013": {
            "year_quarter": 20013,
            "year": 2001,
            "quarter": 3,
            "eps": null,
            "eps_growth_year": null,
            "eps_4q": null,
            "eps_4q_growth_year": null,
            "roe": null,
            "roe_4q": 0,
            "gross_profit": null,
            "gross_margin": null,
            "gross_margin_4q_avg": 0,
            "net_income": null,
            "net_income_4q": null,
            "revenue": null,
            "revenue_4q": null,
            "common_shares": null,
            "book_valuer_per_share": null,
            "book_valuer_per_share_4q_avg": 0,
            "equity": null,
            "current_ratio": null,
            "debt_ratio": null,
            "inventory_turnover_ratio": null,
            "account_receivable_turnover_ratio": null,
            "reinvestment_rate": null,
            "research_to_sale_ratio": null,
            "price_fair": 0,
            "eps_avg_yearly": 0,
            "eps_latest_yearly": 0,
            "eps_growth_yearly": 0
        },
        "20014": {
            "year_quarter": 20014,
            "year": 2001,
            "quarter": 4,
            "eps": null,
            "eps_growth_year": null,
            "eps_4q": null,
            "eps_4q_growth_year": null,
            "roe": null,
            "roe_4q": 0,
            "gross_profit": null,
            "gross_margin": null,
            "gross_margin_4q_avg": 0,
            "net_income": null,
            "net_income_4q": null,
            "revenue": null,
            "revenue_4q": null,
            "common_shares": null,
            "book_valuer_per_share": null,
            "book_valuer_per_share_4q_avg": 0,
            "equity": null,
            "current_ratio": null,
            "debt_ratio": null,
            "inventory_turnover_ratio": null,
            "account_receivable_turnover_ratio": null,
            "reinvestment_rate": null,
            "research_to_sale_ratio": null,
            "price_fair": 0,
            "eps_avg_yearly": 0,
            "eps_latest_yearly": 0,
            "eps_growth_yearly": 0
        },
        "20021": {
            "year_quarter": 20021,
            "year": 2002,
            "quarter": 1,
            "eps": null,
            "eps_growth_year": null,
            "eps_4q": null,
            "eps_4q_growth_year": null,
            "roe": null,
            "roe_4q": 0,
            "gross_profit": null,
            "gross_margin": null,
            "gross_margin_4q_avg": 0,
            "net_income": null,
            "net_income_4q": null,
            "revenue": null,
            "revenue_4q": null,
            "common_shares": null,
            "book_valuer_per_share": null,
            "book_valuer_per_share_4q_avg": 0,
            "equity": null,
            "current_ratio": null,
            "debt_ratio": null,
            "inventory_turnover_ratio": null,
            "account_receivable_turnover_ratio": null,
            "reinvestment_rate": null,
            "research_to_sale_ratio": null,
            "price_fair": 0,
            "eps_avg_yearly": 0,
            "eps_latest_yearly": 0,
            "eps_growth_yearly": 0
        },
        "20022": {
            "year_quarter": 20022,
            "year": 2002,
            "quarter": 2,
            "eps": null,
            "eps_growth_year": null,
            "eps_4q": null,
            "eps_4q_growth_year": null,
            "roe": null,
            "roe_4q": 0,
            "gross_profit": null,
            "gross_margin": null,
            "gross_margin_4q_avg": 0,
            "net_income": null,
            "net_income_4q": null,
            "revenue": null,
            "revenue_4q": null,
            "common_shares": null,
            "book_valuer_per_share": null,
            "book_valuer_per_share_4q_avg": 0,
            "equity": null,
            "current_ratio": null,
            "debt_ratio": null,
            "inventory_turnover_ratio": null,
            "account_receivable_turnover_ratio": null,
            "reinvestment_rate": null,
            "research_to_sale_ratio": null,
            "price_fair": 0,
            "eps_avg_yearly": 0,
            "eps_latest_yearly": 0,
            "eps_growth_yearly": 0
        },
        "20023": {
            "year_quarter": 20023,
            "year": 2002,
            "quarter": 3,
            "eps": null,
            "eps_growth_year": null,
            "eps_4q": null,
            "eps_4q_growth_year": null,
            "roe": null,
            "roe_4q": 0,
            "gross_profit": null,
            "gross_margin": null,
            "gross_margin_4q_avg": 0,
            "net_income": null,
            "net_income_4q": null,
            "revenue": null,
            "revenue_4q": null,
            "common_shares": null,
            "book_valuer_per_share": null,
            "book_valuer_per_share_4q_avg": 0,
            "equity": null,
            "current_ratio": null,
            "debt_ratio": null,
            "inventory_turnover_ratio": null,
            "account_receivable_turnover_ratio": null,
            "reinvestment_rate": null,
            "research_to_sale_ratio": null,
            "price_fair": 0,
            "eps_avg_yearly": 0,
            "eps_latest_yearly": 0,
            "eps_growth_yearly": 0
        },
        "20024": {
            "year_quarter": 20024,
            "year": 2002,
            "quarter": 4,
            "eps": null,
            "eps_growth_year": null,
            "eps_4q": null,
            "eps_4q_growth_year": null,
            "roe": null,
            "roe_4q": 0,
            "gross_profit": null,
            "gross_margin": null,
            "gross_margin_4q_avg": 0,
            "net_income": null,
            "net_income_4q": null,
            "revenue": null,
            "revenue_4q": null,
            "common_shares": null,
            "book_valuer_per_share": null,
            "book_valuer_per_share_4q_avg": 0,
            "equity": null,
            "current_ratio": null,
            "debt_ratio": null,
            "inventory_turnover_ratio": null,
            "account_receivable_turnover_ratio": null,
            "reinvestment_rate": null,
            "research_to_sale_ratio": null,
            "price_fair": 0,
            "eps_avg_yearly": 0,
            "eps_latest_yearly": 0,
            "eps_growth_yearly": 0
        },
        "20031": {
            "year_quarter": 20031,
            "year": 2003,
            "quarter": 1,
            "eps": null,
            "eps_growth_year": null,
            "eps_4q": null,
            "eps_4q_growth_year": null,
            "roe": null,
            "roe_4q": 0,
            "gross_profit": null,
            "gross_margin": null,
            "gross_margin_4q_avg": 0,
            "net_income": null,
            "net_income_4q": null,
            "revenue": null,
            "revenue_4q": null,
            "common_shares": null,
            "book_valuer_per_share": null,
            "book_valuer_per_share_4q_avg": 0,
            "equity": null,
            "current_ratio": null,
            "debt_ratio": null,
            "inventory_turnover_ratio": null,
            "account_receivable_turnover_ratio": null,
            "reinvestment_rate": null,
            "research_to_sale_ratio": null,
            "price_fair": 0,
            "eps_avg_yearly": 0,
            "eps_latest_yearly": 0,
            "eps_growth_yearly": 0
        },
        "20032": {
            "year_quarter": 20032,
            "year": 2003,
            "quarter": 2,
            "eps": null,
            "eps_growth_year": null,
            "eps_4q": null,
            "eps_4q_growth_year": null,
            "roe": null,
            "roe_4q": 0,
            "gross_profit": null,
            "gross_margin": null,
            "gross_margin_4q_avg": 0,
            "net_income": null,
            "net_income_4q": null,
            "revenue": null,
            "revenue_4q": null,
            "common_shares": null,
            "book_valuer_per_share": null,
            "book_valuer_per_share_4q_avg": 0,
            "equity": null,
            "current_ratio": null,
            "debt_ratio": null,
            "inventory_turnover_ratio": null,
            "account_receivable_turnover_ratio": null,
            "reinvestment_rate": null,
            "research_to_sale_ratio": null,
            "price_fair": 0,
            "eps_avg_yearly": 0,
            "eps_latest_yearly": 0,
            "eps_growth_yearly": 0
        },
        "20033": {
            "year_quarter": 20033,
            "year": 2003,
            "quarter": 3,
            "eps": null,
            "eps_growth_year": null,
            "eps_4q": null,
            "eps_4q_growth_year": null,
            "roe": null,
            "roe_4q": 0,
            "gross_profit": null,
            "gross_margin": null,
            "gross_margin_4q_avg": 0,
            "net_income": null,
            "net_income_4q": null,
            "revenue": null,
            "revenue_4q": null,
            "common_shares": null,
            "book_valuer_per_share": null,
            "book_valuer_per_share_4q_avg": 0,
            "equity": null,
            "current_ratio": null,
            "debt_ratio": null,
            "inventory_turnover_ratio": null,
            "account_receivable_turnover_ratio": null,
            "reinvestment_rate": null,
            "research_to_sale_ratio": null,
            "price_fair": 0,
            "eps_avg_yearly": 0,
            "eps_latest_yearly": 0,
            "eps_growth_yearly": 0
        },
        "20034": {
            "year_quarter": 20034,
            "year": 2003,
            "quarter": 4,
            "eps": null,
            "eps_growth_year": null,
            "eps_4q": null,
            "eps_4q_growth_year": null,
            "roe": null,
            "roe_4q": 0,
            "gross_profit": null,
            "gross_margin": null,
            "gross_margin_4q_avg": 0,
            "net_income": null,
            "net_income_4q": null,
            "revenue": null,
            "revenue_4q": null,
            "common_shares": null,
            "book_valuer_per_share": null,
            "book_valuer_per_share_4q_avg": 0,
            "equity": null,
            "current_ratio": null,
            "debt_ratio": null,
            "inventory_turnover_ratio": null,
            "account_receivable_turnover_ratio": null,
            "reinvestment_rate": null,
            "research_to_sale_ratio": null,
            "price_fair": 0,
            "eps_avg_yearly": 0,
            "eps_latest_yearly": 0,
            "eps_growth_yearly": 0
        },
        "20041": {
            "year_quarter": 20041,
            "year": 2004,
            "quarter": 1,
            "eps": null,
            "eps_growth_year": null,
            "eps_4q": null,
            "eps_4q_growth_year": null,
            "roe": null,
            "roe_4q": 0,
            "gross_profit": null,
            "gross_margin": null,
            "gross_margin_4q_avg": 0,
            "net_income": null,
            "net_income_4q": null,
            "revenue": null,
            "revenue_4q": null,
            "common_shares": null,
            "book_valuer_per_share": null,
            "book_valuer_per_share_4q_avg": 0,
            "equity": null,
            "current_ratio": null,
            "debt_ratio": null,
            "inventory_turnover_ratio": null,
            "account_receivable_turnover_ratio": null,
            "reinvestment_rate": null,
            "research_to_sale_ratio": null,
            "price_fair": 0,
            "eps_avg_yearly": 0,
            "eps_latest_yearly": 0,
            "eps_growth_yearly": 0
        },
        "20042": {
            "year_quarter": 20042,
            "year": 2004,
            "quarter": 2,
            "eps": null,
            "eps_growth_year": null,
            "eps_4q": null,
            "eps_4q_growth_year": null,
            "roe": null,
            "roe_4q": 0,
            "gross_profit": null,
            "gross_margin": null,
            "gross_margin_4q_avg": 0,
            "net_income": null,
            "net_income_4q": null,
            "revenue": null,
            "revenue_4q": null,
            "common_shares": null,
            "book_valuer_per_share": null,
            "book_valuer_per_share_4q_avg": 0,
            "equity": null,
            "current_ratio": null,
            "debt_ratio": null,
            "inventory_turnover_ratio": null,
            "account_receivable_turnover_ratio": null,
            "reinvestment_rate": null,
            "research_to_sale_ratio": null,
            "price_fair": 0,
            "eps_avg_yearly": 0,
            "eps_latest_yearly": 0,
            "eps_growth_yearly": 0
        },
        "20043": {
            "year_quarter": 20043,
            "year": 2004,
            "quarter": 3,
            "eps": null,
            "eps_growth_year": null,
            "eps_4q": null,
            "eps_4q_growth_year": null,
            "roe": null,
            "roe_4q": 0,
            "gross_profit": null,
            "gross_margin": null,
            "gross_margin_4q_avg": 0,
            "net_income": null,
            "net_income_4q": null,
            "revenue": null,
            "revenue_4q": null,
            "common_shares": null,
            "book_valuer_per_share": null,
            "book_valuer_per_share_4q_avg": 0,
            "equity": null,
            "current_ratio": null,
            "debt_ratio": null,
            "inventory_turnover_ratio": null,
            "account_receivable_turnover_ratio": null,
            "reinvestment_rate": null,
            "research_to_sale_ratio": null,
            "price_fair": 0,
            "eps_avg_yearly": 0,
            "eps_latest_yearly": 0,
            "eps_growth_yearly": 0
        },
        "20044": {
            "year_quarter": 20044,
            "year": 2004,
            "quarter": 4,
            "eps": null,
            "eps_growth_year": null,
            "eps_4q": null,
            "eps_4q_growth_year": null,
            "roe": null,
            "roe_4q": 0,
            "gross_profit": null,
            "gross_margin": null,
            "gross_margin_4q_avg": 0,
            "net_income": null,
            "net_income_4q": null,
            "revenue": null,
            "revenue_4q": null,
            "common_shares": null,
            "book_valuer_per_share": null,
            "book_valuer_per_share_4q_avg": 0,
            "equity": null,
            "current_ratio": null,
            "debt_ratio": null,
            "inventory_turnover_ratio": null,
            "account_receivable_turnover_ratio": null,
            "reinvestment_rate": null,
            "research_to_sale_ratio": null,
            "price_fair": 0,
            "eps_avg_yearly": 0,
            "eps_latest_yearly": 0,
            "eps_growth_yearly": 0
        },
        "20051": {
            "year_quarter": 20051,
            "year": 2005,
            "quarter": 1,
            "eps": null,
            "eps_growth_year": null,
            "eps_4q": null,
            "eps_4q_growth_year": null,
            "roe": null,
            "roe_4q": 0,
            "gross_profit": null,
            "gross_margin": null,
            "gross_margin_4q_avg": 0,
            "net_income": null,
            "net_income_4q": null,
            "revenue": null,
            "revenue_4q": null,
            "common_shares": null,
            "book_valuer_per_share": null,
            "book_valuer_per_share_4q_avg": 0,
            "equity": null,
            "current_ratio": null,
            "debt_ratio": null,
            "inventory_turnover_ratio": null,
            "account_receivable_turnover_ratio": null,
            "reinvestment_rate": null,
            "research_to_sale_ratio": null,
            "price_fair": 0,
            "eps_avg_yearly": 0,
            "eps_latest_yearly": 0,
            "eps_growth_yearly": 0
        },
        "20052": {
            "year_quarter": 20052,
            "year": 2005,
            "quarter": 2,
            "eps": null,
            "eps_growth_year": null,
            "eps_4q": null,
            "eps_4q_growth_year": null,
            "roe": null,
            "roe_4q": 0,
            "gross_profit": null,
            "gross_margin": null,
            "gross_margin_4q_avg": 0,
            "net_income": null,
            "net_income_4q": null,
            "revenue": null,
            "revenue_4q": null,
            "common_shares": null,
            "book_valuer_per_share": null,
            "book_valuer_per_share_4q_avg": 0,
            "equity": null,
            "current_ratio": null,
            "debt_ratio": null,
            "inventory_turnover_ratio": null,
            "account_receivable_turnover_ratio": null,
            "reinvestment_rate": null,
            "research_to_sale_ratio": null,
            "price_fair": 0,
            "eps_avg_yearly": 0,
            "eps_latest_yearly": 0,
            "eps_growth_yearly": 0
        },
        "20053": {
            "year_quarter": 20053,
            "year": 2005,
            "quarter": 3,
            "eps": null,
            "eps_growth_year": null,
            "eps_4q": null,
            "eps_4q_growth_year": null,
            "roe": null,
            "roe_4q": 0,
            "gross_profit": null,
            "gross_margin": null,
            "gross_margin_4q_avg": 0,
            "net_income": null,
            "net_income_4q": null,
            "revenue": null,
            "revenue_4q": null,
            "common_shares": null,
            "book_valuer_per_share": null,
            "book_valuer_per_share_4q_avg": 0,
            "equity": null,
            "current_ratio": null,
            "debt_ratio": null,
            "inventory_turnover_ratio": null,
            "account_receivable_turnover_ratio": null,
            "reinvestment_rate": null,
            "research_to_sale_ratio": null,
            "price_fair": 0,
            "eps_avg_yearly": 0,
            "eps_latest_yearly": 0,
            "eps_growth_yearly": 0
        },
        "20054": {
            "year_quarter": 20054,
            "year": 2005,
            "quarter": 4,
            "eps": null,
            "eps_growth_year": null,
            "eps_4q": null,
            "eps_4q_growth_year": null,
            "roe": null,
            "roe_4q": 0,
            "gross_profit": null,
            "gross_margin": null,
            "gross_margin_4q_avg": 0,
            "net_income": null,
            "net_income_4q": null,
            "revenue": null,
            "revenue_4q": null,
            "common_shares": null,
            "book_valuer_per_share": null,
            "book_valuer_per_share_4q_avg": 0,
            "equity": null,
            "current_ratio": null,
            "debt_ratio": null,
            "inventory_turnover_ratio": null,
            "account_receivable_turnover_ratio": null,
            "reinvestment_rate": null,
            "research_to_sale_ratio": null,
            "price_fair": 0,
            "eps_avg_yearly": 0,
            "eps_latest_yearly": 0,
            "eps_growth_yearly": 0
        },
        "20061": {
            "year_quarter": 20061,
            "year": 2006,
            "quarter": 1,
            "eps": null,
            "eps_growth_year": null,
            "eps_4q": null,
            "eps_4q_growth_year": null,
            "roe": null,
            "roe_4q": 0,
            "gross_profit": null,
            "gross_margin": null,
            "gross_margin_4q_avg": 0,
            "net_income": null,
            "net_income_4q": null,
            "revenue": null,
            "revenue_4q": null,
            "common_shares": null,
            "book_valuer_per_share": null,
            "book_valuer_per_share_4q_avg": 0,
            "equity": null,
            "current_ratio": null,
            "debt_ratio": null,
            "inventory_turnover_ratio": null,
            "account_receivable_turnover_ratio": null,
            "reinvestment_rate": null,
            "research_to_sale_ratio": null,
            "price_fair": 0,
            "eps_avg_yearly": 0,
            "eps_latest_yearly": 0,
            "eps_growth_yearly": 0
        },
        "20062": {
            "year_quarter": 20062,
            "year": 2006,
            "quarter": 2,
            "eps": null,
            "eps_growth_year": null,
            "eps_4q": null,
            "eps_4q_growth_year": null,
            "roe": null,
            "roe_4q": 0,
            "gross_profit": null,
            "gross_margin": null,
            "gross_margin_4q_avg": 0,
            "net_income": null,
            "net_income_4q": null,
            "revenue": null,
            "revenue_4q": null,
            "common_shares": null,
            "book_valuer_per_share": null,
            "book_valuer_per_share_4q_avg": 0,
            "equity": null,
            "current_ratio": null,
            "debt_ratio": null,
            "inventory_turnover_ratio": null,
            "account_receivable_turnover_ratio": null,
            "reinvestment_rate": null,
            "research_to_sale_ratio": null,
            "price_fair": 0,
            "eps_avg_yearly": 0,
            "eps_latest_yearly": 0,
            "eps_growth_yearly": 0
        },
        "20063": {
            "year_quarter": 20063,
            "year": 2006,
            "quarter": 3,
            "eps": null,
            "eps_growth_year": null,
            "eps_4q": null,
            "eps_4q_growth_year": null,
            "roe": null,
            "roe_4q": 0,
            "gross_profit": null,
            "gross_margin": null,
            "gross_margin_4q_avg": 0,
            "net_income": null,
            "net_income_4q": null,
            "revenue": null,
            "revenue_4q": null,
            "common_shares": null,
            "book_valuer_per_share": null,
            "book_valuer_per_share_4q_avg": 0,
            "equity": null,
            "current_ratio": null,
            "debt_ratio": null,
            "inventory_turnover_ratio": null,
            "account_receivable_turnover_ratio": null,
            "reinvestment_rate": null,
            "research_to_sale_ratio": null,
            "price_fair": 0,
            "eps_avg_yearly": 0,
            "eps_latest_yearly": 0,
            "eps_growth_yearly": 0
        },
        "20064": {
            "year_quarter": 20064,
            "year": 2006,
            "quarter": 4,
            "eps": null,
            "eps_growth_year": null,
            "eps_4q": null,
            "eps_4q_growth_year": null,
            "roe": null,
            "roe_4q": 0,
            "gross_profit": null,
            "gross_margin": null,
            "gross_margin_4q_avg": 0,
            "net_income": null,
            "net_income_4q": null,
            "revenue": null,
            "revenue_4q": null,
            "common_shares": null,
            "book_valuer_per_share": null,
            "book_valuer_per_share_4q_avg": 0,
            "equity": null,
            "current_ratio": null,
            "debt_ratio": null,
            "inventory_turnover_ratio": null,
            "account_receivable_turnover_ratio": null,
            "reinvestment_rate": null,
            "research_to_sale_ratio": null,
            "price_fair": 0,
            "eps_avg_yearly": 0,
            "eps_latest_yearly": 0,
            "eps_growth_yearly": 0
        },
        "20071": {
            "year_quarter": 20071,
            "year": 2007,
            "quarter": 1,
            "eps": null,
            "eps_growth_year": null,
            "eps_4q": null,
            "eps_4q_growth_year": null,
            "roe": null,
            "roe_4q": 0,
            "gross_profit": null,
            "gross_margin": null,
            "gross_margin_4q_avg": 0,
            "net_income": null,
            "net_income_4q": null,
            "revenue": null,
            "revenue_4q": null,
            "common_shares": null,
            "book_valuer_per_share": null,
            "book_valuer_per_share_4q_avg": 0,
            "equity": null,
            "current_ratio": null,
            "debt_ratio": null,
            "inventory_turnover_ratio": null,
            "account_receivable_turnover_ratio": null,
            "reinvestment_rate": null,
            "research_to_sale_ratio": null,
            "price_fair": 0,
            "eps_avg_yearly": 0,
            "eps_latest_yearly": 0,
            "eps_growth_yearly": 0
        },
        "20072": {
            "year_quarter": 20072,
            "year": 2007,
            "quarter": 2,
            "eps": null,
            "eps_growth_year": null,
            "eps_4q": null,
            "eps_4q_growth_year": null,
            "roe": null,
            "roe_4q": 0,
            "gross_profit": null,
            "gross_margin": null,
            "gross_margin_4q_avg": 0,
            "net_income": null,
            "net_income_4q": null,
            "revenue": null,
            "revenue_4q": null,
            "common_shares": null,
            "book_valuer_per_share": null,
            "book_valuer_per_share_4q_avg": 0,
            "equity": null,
            "current_ratio": null,
            "debt_ratio": null,
            "inventory_turnover_ratio": null,
            "account_receivable_turnover_ratio": null,
            "reinvestment_rate": null,
            "research_to_sale_ratio": null,
            "price_fair": 0,
            "eps_avg_yearly": 0,
            "eps_latest_yearly": 0,
            "eps_growth_yearly": 0
        },
        "20073": {
            "year_quarter": 20073,
            "year": 2007,
            "quarter": 3,
            "eps": null,
            "eps_growth_year": null,
            "eps_4q": null,
            "eps_4q_growth_year": null,
            "roe": null,
            "roe_4q": 0,
            "gross_profit": null,
            "gross_margin": null,
            "gross_margin_4q_avg": 0,
            "net_income": null,
            "net_income_4q": null,
            "revenue": null,
            "revenue_4q": null,
            "common_shares": null,
            "book_valuer_per_share": null,
            "book_valuer_per_share_4q_avg": 0,
            "equity": null,
            "current_ratio": null,
            "debt_ratio": null,
            "inventory_turnover_ratio": null,
            "account_receivable_turnover_ratio": null,
            "reinvestment_rate": null,
            "research_to_sale_ratio": null,
            "price_fair": 0,
            "eps_avg_yearly": 0,
            "eps_latest_yearly": 0,
            "eps_growth_yearly": 0
        },
        "20074": {
            "year_quarter": 20074,
            "year": 2007,
            "quarter": 4,
            "eps": null,
            "eps_growth_year": null,
            "eps_4q": null,
            "eps_4q_growth_year": null,
            "roe": null,
            "roe_4q": 0,
            "gross_profit": null,
            "gross_margin": null,
            "gross_margin_4q_avg": 0,
            "net_income": null,
            "net_income_4q": null,
            "revenue": null,
            "revenue_4q": null,
            "common_shares": null,
            "book_valuer_per_share": null,
            "book_valuer_per_share_4q_avg": 0,
            "equity": null,
            "current_ratio": null,
            "debt_ratio": null,
            "inventory_turnover_ratio": null,
            "account_receivable_turnover_ratio": null,
            "reinvestment_rate": null,
            "research_to_sale_ratio": null,
            "price_fair": 0,
            "eps_avg_yearly": 0,
            "eps_latest_yearly": 0,
            "eps_growth_yearly": 0
        },
        "20081": {
            "year_quarter": 20081,
            "year": 2008,
            "quarter": 1,
            "eps": null,
            "eps_growth_year": null,
            "eps_4q": null,
            "eps_4q_growth_year": null,
            "roe": null,
            "roe_4q": 0,
            "gross_profit": null,
            "gross_margin": null,
            "gross_margin_4q_avg": 0,
            "net_income": null,
            "net_income_4q": null,
            "revenue": null,
            "revenue_4q": null,
            "common_shares": null,
            "book_valuer_per_share": null,
            "book_valuer_per_share_4q_avg": 0,
            "equity": null,
            "current_ratio": null,
            "debt_ratio": null,
            "inventory_turnover_ratio": null,
            "account_receivable_turnover_ratio": null,
            "reinvestment_rate": null,
            "research_to_sale_ratio": null,
            "price_fair": 0,
            "eps_avg_yearly": 0,
            "eps_latest_yearly": 0,
            "eps_growth_yearly": 0
        },
        "20082": {
            "year_quarter": 20082,
            "year": 2008,
            "quarter": 2,
            "eps": null,
            "eps_growth_year": null,
            "eps_4q": null,
            "eps_4q_growth_year": null,
            "roe": null,
            "roe_4q": 0,
            "gross_profit": null,
            "gross_margin": null,
            "gross_margin_4q_avg": 0,
            "net_income": null,
            "net_income_4q": null,
            "revenue": null,
            "revenue_4q": null,
            "common_shares": null,
            "book_valuer_per_share": null,
            "book_valuer_per_share_4q_avg": 0,
            "equity": null,
            "current_ratio": null,
            "debt_ratio": null,
            "inventory_turnover_ratio": null,
            "account_receivable_turnover_ratio": null,
            "reinvestment_rate": null,
            "research_to_sale_ratio": null,
            "price_fair": 0,
            "eps_avg_yearly": 0,
            "eps_latest_yearly": 0,
            "eps_growth_yearly": 0
        },
        "20083": {
            "year_quarter": 20083,
            "year": 2008,
            "quarter": 3,
            "eps": null,
            "eps_growth_year": null,
            "eps_4q": null,
            "eps_4q_growth_year": null,
            "roe": null,
            "roe_4q": 0,
            "gross_profit": null,
            "gross_margin": null,
            "gross_margin_4q_avg": 0,
            "net_income": null,
            "net_income_4q": null,
            "revenue": null,
            "revenue_4q": null,
            "common_shares": null,
            "book_valuer_per_share": null,
            "book_valuer_per_share_4q_avg": 0,
            "equity": null,
            "current_ratio": null,
            "debt_ratio": null,
            "inventory_turnover_ratio": null,
            "account_receivable_turnover_ratio": null,
            "reinvestment_rate": null,
            "research_to_sale_ratio": null,
            "price_fair": 0,
            "eps_avg_yearly": 0,
            "eps_latest_yearly": 0,
            "eps_growth_yearly": 0
        },
        "20084": {
            "year_quarter": 20084,
            "year": 2008,
            "quarter": 4,
            "eps": null,
            "eps_growth_year": null,
            "eps_4q": null,
            "eps_4q_growth_year": null,
            "roe": null,
            "roe_4q": 0,
            "gross_profit": null,
            "gross_margin": null,
            "gross_margin_4q_avg": 0,
            "net_income": null,
            "net_income_4q": null,
            "revenue": null,
            "revenue_4q": null,
            "common_shares": 57103001,
            "book_valuer_per_share": null,
            "book_valuer_per_share_4q_avg": 0,
            "equity": 147191524,
            "current_ratio": null,
            "debt_ratio": null,
            "inventory_turnover_ratio": null,
            "account_receivable_turnover_ratio": null,
            "reinvestment_rate": null,
            "research_to_sale_ratio": null,
            "price_fair": 0,
            "eps_avg_yearly": 0,
            "eps_latest_yearly": 0,
            "eps_growth_yearly": 0
        },
        "20091": {
            "year_quarter": 20091,
            "year": 2009,
            "quarter": 1,
            "eps": null,
            "eps_growth_year": null,
            "eps_4q": null,
            "eps_4q_growth_year": null,
            "roe": null,
            "roe_4q": 0,
            "gross_profit": null,
            "gross_margin": null,
            "gross_margin_4q_avg": 0,
            "net_income": 1498632,
            "net_income_4q": null,
            "revenue": 10728124,
            "revenue_4q": null,
            "common_shares": 57103001,
            "book_valuer_per_share": null,
            "book_valuer_per_share_4q_avg": 0,
            "equity": 148572663,
            "current_ratio": null,
            "debt_ratio": null,
            "inventory_turnover_ratio": null,
            "account_receivable_turnover_ratio": null,
            "reinvestment_rate": null,
            "research_to_sale_ratio": null,
            "price_fair": 0,
            "eps_avg_yearly": 0,
            "eps_latest_yearly": 0,
            "eps_growth_yearly": 0
        },
        "20092": {
            "year_quarter": 20092,
            "year": 2009,
            "quarter": 2,
            "eps": null,
            "eps_growth_year": null,
            "eps_4q": null,
            "eps_4q_growth_year": null,
            "roe": null,
            "roe_4q": 0,
            "gross_profit": null,
            "gross_margin": null,
            "gross_margin_4q_avg": 0,
            "net_income": -3607488,
            "net_income_4q": null,
            "revenue": 8557211,
            "revenue_4q": null,
            "common_shares": 57103001,
            "book_valuer_per_share": null,
            "book_valuer_per_share_4q_avg": 0,
            "equity": 142744341,
            "current_ratio": null,
            "debt_ratio": null,
            "inventory_turnover_ratio": null,
            "account_receivable_turnover_ratio": null,
            "reinvestment_rate": null,
            "research_to_sale_ratio": null,
            "price_fair": 0,
            "eps_avg_yearly": 0,
            "eps_latest_yearly": 0,
            "eps_growth_yearly": 0
        },
        "20093": {
            "year_quarter": 20093,
            "year": 2009,
            "quarter": 3,
            "eps": null,
            "eps_growth_year": null,
            "eps_4q": null,
            "eps_4q_growth_year": null,
            "roe": null,
            "roe_4q": 0,
            "gross_profit": null,
            "gross_margin": null,
            "gross_margin_4q_avg": 0,
            "net_income": 2677656,
            "net_income_4q": null,
            "revenue": 11221692,
            "revenue_4q": null,
            "common_shares": 57103001,
            "book_valuer_per_share": null,
            "book_valuer_per_share_4q_avg": 0,
            "equity": 146359700,
            "current_ratio": null,
            "debt_ratio": null,
            "inventory_turnover_ratio": null,
            "account_receivable_turnover_ratio": null,
            "reinvestment_rate": null,
            "research_to_sale_ratio": null,
            "price_fair": 0,
            "eps_avg_yearly": 0,
            "eps_latest_yearly": 0,
            "eps_growth_yearly": 0
        },
        "20094": {
            "year_quarter": 20094,
            "year": 2009,
            "quarter": 4,
            "eps": null,
            "eps_growth_year": null,
            "eps_4q": null,
            "eps_4q_growth_year": null,
            "roe": null,
            "roe_4q": 0,
            "gross_profit": null,
            "gross_margin": null,
            "gross_margin_4q_avg": 0,
            "net_income": 10047558,
            "net_income_4q": null,
            "revenue": 18875926,
            "revenue_4q": null,
            "common_shares": 53238199,
            "book_valuer_per_share": 23.99,
            "book_valuer_per_share_4q_avg": 6,
            "equity": 156305824,
            "current_ratio": null,
            "debt_ratio": 93.42,
            "inventory_turnover_ratio": null,
            "account_receivable_turnover_ratio": null,
            "reinvestment_rate": null,
            "research_to_sale_ratio": null,
            "price_fair": 0,
            "eps_avg_yearly": 0,
            "eps_latest_yearly": 0,
            "eps_growth_yearly": 0
        },
        "20101": {
            "year_quarter": 20101,
            "year": 2010,
            "quarter": 1,
            "eps": 0.36,
            "eps_growth_year": null,
            "eps_4q": 0.43,
            "eps_4q_growth_year": null,
            "roe": 2.33,
            "roe_4q": 2.33,
            "gross_profit": null,
            "gross_margin": null,
            "gross_margin_4q_avg": 0,
            "net_income": 3687590,
            "net_income_4q": null,
            "revenue": 10146812,
            "revenue_4q": null,
            "common_shares": 53238199,
            "book_valuer_per_share": 24.57,
            "book_valuer_per_share_4q_avg": 12.14,
            "equity": 160071216,
            "current_ratio": null,
            "debt_ratio": 93.15,
            "inventory_turnover_ratio": null,
            "account_receivable_turnover_ratio": null,
            "reinvestment_rate": null,
            "research_to_sale_ratio": null,
            "price_fair": 0,
            "eps_avg_yearly": 0,
            "eps_latest_yearly": 0,
            "eps_growth_yearly": 0
        },
        "20102": {
            "year_quarter": 20102,
            "year": 2010,
            "quarter": 2,
            "eps": 0.27,
            "eps_growth_year": null,
            "eps_4q": 0.66,
            "eps_4q_growth_year": null,
            "roe": 1.36,
            "roe_4q": 3.6900000000000004,
            "gross_profit": null,
            "gross_margin": null,
            "gross_margin_4q_avg": 0,
            "net_income": 2162877,
            "net_income_4q": null,
            "revenue": 12030136,
            "revenue_4q": null,
            "common_shares": 53238199,
            "book_valuer_per_share": 24.34,
            "book_valuer_per_share_4q_avg": 18.23,
            "equity": 158571773,
            "current_ratio": null,
            "debt_ratio": 93.38,
            "inventory_turnover_ratio": null,
            "account_receivable_turnover_ratio": null,
            "reinvestment_rate": null,
            "research_to_sale_ratio": null,
            "price_fair": 3.24,
            "eps_avg_yearly": 1.08,
            "eps_latest_yearly": 1.08,
            "eps_growth_yearly": -100
        },
        "20103": {
            "year_quarter": 20103,
            "year": 2010,
            "quarter": 3,
            "eps": 0.39,
            "eps_growth_year": null,
            "eps_4q": 1.05,
            "eps_4q_growth_year": null,
            "roe": 2.36,
            "roe_4q": 6.05,
            "gross_profit": null,
            "gross_margin": null,
            "gross_margin_4q_avg": 0,
            "net_income": 3783726,
            "net_income_4q": null,
            "revenue": 10728089,
            "revenue_4q": null,
            "common_shares": 59094401,
            "book_valuer_per_share": 22.9,
            "book_valuer_per_share_4q_avg": 23.95,
            "equity": 162610018,
            "current_ratio": null,
            "debt_ratio": 93.27,
            "inventory_turnover_ratio": null,
            "account_receivable_turnover_ratio": null,
            "reinvestment_rate": null,
            "research_to_sale_ratio": null,
            "price_fair": 46.2,
            "eps_avg_yearly": 1.32,
            "eps_latest_yearly": 1.56,
            "eps_growth_yearly": 38.89
        },
        "20104": {
            "year_quarter": 20104,
            "year": 2010,
            "quarter": 4,
            "eps": 0.26,
            "eps_growth_year": null,
            "eps_4q": 1.31,
            "eps_4q_growth_year": null,
            "roe": 2.6,
            "roe_4q": 8.65,
            "gross_profit": null,
            "gross_margin": null,
            "gross_margin_4q_avg": 0,
            "net_income": 4281134,
            "net_income_4q": null,
            "revenue": 20357825,
            "revenue_4q": null,
            "common_shares": 59094401,
            "book_valuer_per_share": 23.44,
            "book_valuer_per_share_4q_avg": 23.81,
            "equity": 166442040,
            "current_ratio": null,
            "debt_ratio": 93.26,
            "inventory_turnover_ratio": null,
            "account_receivable_turnover_ratio": null,
            "reinvestment_rate": null,
            "research_to_sale_ratio": null,
            "price_fair": 3.68,
            "eps_avg_yearly": 1.23,
            "eps_latest_yearly": 1.04,
            "eps_growth_yearly": -18.52
        },
        "20111": {
            "year_quarter": 20111,
            "year": 2011,
            "quarter": 1,
            "eps": 0.4,
            "eps_growth_year": 11.11,
            "eps_4q": 1.38,
            "eps_4q_growth_year": 219.15,
            "roe": 2.54,
            "roe_4q": 8.86,
            "gross_profit": null,
            "gross_margin": null,
            "gross_margin_4q_avg": 0,
            "net_income": 4284885,
            "net_income_4q": null,
            "revenue": 12672500,
            "revenue_4q": null,
            "common_shares": 59095961,
            "book_valuer_per_share": 24.11,
            "book_valuer_per_share_4q_avg": 23.7,
            "equity": 171216727,
            "current_ratio": null,
            "debt_ratio": 93.08,
            "inventory_turnover_ratio": null,
            "account_receivable_turnover_ratio": null,
            "reinvestment_rate": null,
            "research_to_sale_ratio": null,
            "price_fair": 46.2,
            "eps_avg_yearly": 1.32,
            "eps_latest_yearly": 1.6,
            "eps_growth_yearly": 39.96
        },
        "20112": {
            "year_quarter": 20112,
            "year": 2011,
            "quarter": 2,
            "eps": 0.49,
            "eps_growth_year": 78.94,
            "eps_4q": 1.52,
            "eps_4q_growth_year": 130.08,
            "roe": 3.34,
            "roe_4q": 10.84,
            "gross_profit": null,
            "gross_margin": null,
            "gross_margin_4q_avg": 0,
            "net_income": 5749926,
            "net_income_4q": null,
            "revenue": 15177652,
            "revenue_4q": null,
            "common_shares": 59112591,
            "book_valuer_per_share": 24.32,
            "book_valuer_per_share_4q_avg": 23.69,
            "equity": 172740837,
            "current_ratio": null,
            "debt_ratio": 93.15,
            "inventory_turnover_ratio": null,
            "account_receivable_turnover_ratio": null,
            "reinvestment_rate": null,
            "research_to_sale_ratio": null,
            "price_fair": 50.68,
            "eps_avg_yearly": 1.45,
            "eps_latest_yearly": 1.96,
            "eps_growth_yearly": 49.97
        },
        "20113": {
            "year_quarter": 20113,
            "year": 2011,
            "quarter": 3,
            "eps": 0.27,
            "eps_growth_year": -29.83,
            "eps_4q": 1.43,
            "eps_4q_growth_year": 36.05,
            "roe": 1.89,
            "roe_4q": 10.37,
            "gross_profit": null,
            "gross_margin": null,
            "gross_margin_4q_avg": 0,
            "net_income": 3308028,
            "net_income_4q": null,
            "revenue": 12063993,
            "revenue_4q": null,
            "common_shares": 63250473,
            "book_valuer_per_share": 23.67,
            "book_valuer_per_share_4q_avg": 23.89,
            "equity": 177919271,
            "current_ratio": null,
            "debt_ratio": 93.12,
            "inventory_turnover_ratio": null,
            "account_receivable_turnover_ratio": null,
            "reinvestment_rate": null,
            "research_to_sale_ratio": null,
            "price_fair": 30.1,
            "eps_avg_yearly": 1.39,
            "eps_latest_yearly": 1.08,
            "eps_growth_yearly": 11.71
        },
        "20114": {
            "year_quarter": 20114,
            "year": 2011,
            "quarter": 4,
            "eps": 0.31,
            "eps_growth_year": 18.41,
            "eps_4q": 1.49,
            "eps_4q_growth_year": 14.1,
            "roe": 1.64,
            "roe_4q": 9.41,
            "gross_profit": null,
            "gross_margin": null,
            "gross_margin_4q_avg": 0,
            "net_income": 2939677,
            "net_income_4q": null,
            "revenue": 13604746,
            "revenue_4q": null,
            "common_shares": 63250473,
            "book_valuer_per_share": 23.99,
            "book_valuer_per_share_4q_avg": 24.02,
            "equity": 180343182,
            "current_ratio": null,
            "debt_ratio": 93.12,
            "inventory_turnover_ratio": null,
            "account_receivable_turnover_ratio": null,
            "reinvestment_rate": null,
            "research_to_sale_ratio": null,
            "price_fair": 38.92,
            "eps_avg_yearly": 1.37,
            "eps_latest_yearly": 1.24,
            "eps_growth_yearly": 18.5
        },
        "20121": {
            "year_quarter": 20121,
            "year": 2012,
            "quarter": 1,
            "eps": 0.41,
            "eps_growth_year": 2.5,
            "eps_4q": 1.53,
            "eps_4q_growth_year": 11.45,
            "roe": 2.56,
            "roe_4q": 9.43,
            "gross_profit": null,
            "gross_margin": null,
            "gross_margin_4q_avg": 0,
            "net_income": 4699256,
            "net_income_4q": null,
            "revenue": 11698298,
            "revenue_4q": null,
            "common_shares": 63250473,
            "book_valuer_per_share": 24.81,
            "book_valuer_per_share_4q_avg": 24.2,
            "equity": 186484281,
            "current_ratio": null,
            "debt_ratio": 92.95,
            "inventory_turnover_ratio": null,
            "account_receivable_turnover_ratio": null,
            "reinvestment_rate": null,
            "research_to_sale_ratio": null,
            "price_fair": 49,
            "eps_avg_yearly": 1.4,
            "eps_latest_yearly": 1.64,
            "eps_growth_yearly": 32.32
        },
        "20122": {
            "year_quarter": 20122,
            "year": 2012,
            "quarter": 2,
            "eps": 0.38,
            "eps_growth_year": -21.24,
            "eps_4q": 1.34,
            "eps_4q_growth_year": -11.46,
            "roe": 2.5,
            "roe_4q": 8.59,
            "gross_profit": null,
            "gross_margin": null,
            "gross_margin_4q_avg": 0,
            "net_income": 4664714,
            "net_income_4q": null,
            "revenue": 12220109,
            "revenue_4q": null,
            "common_shares": 63250473,
            "book_valuer_per_share": 24.92,
            "book_valuer_per_share_4q_avg": 24.35,
            "equity": 187296696,
            "current_ratio": null,
            "debt_ratio": 92.95,
            "inventory_turnover_ratio": null,
            "account_receivable_turnover_ratio": null,
            "reinvestment_rate": null,
            "research_to_sale_ratio": null,
            "price_fair": 49.47,
            "eps_avg_yearly": 1.41,
            "eps_latest_yearly": 1.52,
            "eps_growth_yearly": 25.47
        },
        "20123": {
            "year_quarter": 20123,
            "year": 2012,
            "quarter": 3,
            "eps": 0.44,
            "eps_growth_year": 62.9,
            "eps_4q": 1.54,
            "eps_4q_growth_year": 7.77,
            "roe": 2.78,
            "roe_4q": 9.48,
            "gross_profit": null,
            "gross_margin": null,
            "gross_margin_4q_avg": 0,
            "net_income": 5076361,
            "net_income_4q": null,
            "revenue": 12663446,
            "revenue_4q": null,
            "common_shares": 68914473,
            "book_valuer_per_share": 23.34,
            "book_valuer_per_share_4q_avg": 24.27,
            "equity": 177767752,
            "current_ratio": null,
            "debt_ratio": 93.4,
            "inventory_turnover_ratio": null,
            "account_receivable_turnover_ratio": null,
            "reinvestment_rate": null,
            "research_to_sale_ratio": null,
            "price_fair": 50.68,
            "eps_avg_yearly": 1.45,
            "eps_latest_yearly": 1.76,
            "eps_growth_yearly": 29.24
        },
        "20124": {
            "year_quarter": 20124,
            "year": 2012,
            "quarter": 4,
            "eps": 0.23,
            "eps_growth_year": -24.1,
            "eps_4q": 1.49,
            "eps_4q_growth_year": -0.14,
            "roe": 1.3,
            "roe_4q": 9.14,
            "gross_profit": null,
            "gross_margin": null,
            "gross_margin_4q_avg": 0,
            "net_income": 2325388,
            "net_income_4q": null,
            "revenue": 11872859,
            "revenue_4q": null,
            "common_shares": 68914473,
            "book_valuer_per_share": 23.63,
            "book_valuer_per_share_4q_avg": 24.18,
            "equity": 179993131,
            "current_ratio": null,
            "debt_ratio": 93.38,
            "inventory_turnover_ratio": null,
            "account_receivable_turnover_ratio": null,
            "reinvestment_rate": 117.55,
            "research_to_sale_ratio": null,
            "price_fair": 26.92,
            "eps_avg_yearly": 1.4,
            "eps_latest_yearly": 0.92,
            "eps_growth_yearly": 9.23
        },
        "20131": {
            "year_quarter": 20131,
            "year": 2013,
            "quarter": 1,
            "eps": 0.57,
            "eps_growth_year": 39.02,
            "eps_4q": 1.67,
            "eps_4q_growth_year": 8.72,
            "roe": 3.26,
            "roe_4q": 9.84,
            "gross_profit": null,
            "gross_margin": null,
            "gross_margin_4q_avg": 0,
            "net_income": 5998213,
            "net_income_4q": null,
            "revenue": 13730898,
            "revenue_4q": null,
            "common_shares": 68914473,
            "book_valuer_per_share": 13.79,
            "book_valuer_per_share_4q_avg": 21.42,
            "equity": 187929716,
            "current_ratio": null,
            "debt_ratio": 93.13,
            "inventory_turnover_ratio": null,
            "account_receivable_turnover_ratio": null,
            "reinvestment_rate": 107.7,
            "research_to_sale_ratio": null,
            "price_fair": 51.57,
            "eps_avg_yearly": 1.47,
            "eps_latest_yearly": 2.28,
            "eps_growth_yearly": 57.73
        },
        "20132": {
            "year_quarter": 20132,
            "year": 2013,
            "quarter": 2,
            "eps": 0.51,
            "eps_growth_year": 33.4,
            "eps_4q": 1.72,
            "eps_4q_growth_year": 28.23,
            "roe": 3.13,
            "roe_4q": 10.469999999999999,
            "gross_profit": null,
            "gross_margin": null,
            "gross_margin_4q_avg": 0,
            "net_income": 5893949,
            "net_income_4q": null,
            "revenue": 15142360,
            "revenue_4q": null,
            "common_shares": 68915233,
            "book_valuer_per_share": 13.75,
            "book_valuer_per_share_4q_avg": 18.63,
            "equity": 188676345,
            "current_ratio": null,
            "debt_ratio": 93.15,
            "inventory_turnover_ratio": null,
            "account_receivable_turnover_ratio": null,
            "reinvestment_rate": 90.24,
            "research_to_sale_ratio": null,
            "price_fair": 53.09,
            "eps_avg_yearly": 1.52,
            "eps_latest_yearly": 2.04,
            "eps_growth_yearly": 50.05
        },
        "20133": {
            "year_quarter": 20133,
            "year": 2013,
            "quarter": 3,
            "eps": 0.41,
            "eps_growth_year": -7.85,
            "eps_4q": 1.75,
            "eps_4q_growth_year": 13.7,
            "roe": 2.62,
            "roe_4q": 10.31,
            "gross_profit": null,
            "gross_margin": null,
            "gross_margin_4q_avg": 0,
            "net_income": 5010410,
            "net_income_4q": null,
            "revenue": 13648010,
            "revenue_4q": null,
            "common_shares": 75055000,
            "book_valuer_per_share": 13.16,
            "book_valuer_per_share_4q_avg": 16.08,
            "equity": 193774819,
            "current_ratio": null,
            "debt_ratio": 93.16,
            "inventory_turnover_ratio": null,
            "account_receivable_turnover_ratio": null,
            "reinvestment_rate": 87.4,
            "research_to_sale_ratio": null,
            "price_fair": 53.4,
            "eps_avg_yearly": 1.53,
            "eps_latest_yearly": 1.64,
            "eps_growth_yearly": 40.88
        },
        "20134": {
            "year_quarter": 20134,
            "year": 2013,
            "quarter": 4,
            "eps": 0.31,
            "eps_growth_year": 31.74,
            "eps_4q": 1.84,
            "eps_4q_growth_year": 23.41,
            "roe": 1.87,
            "roe_4q": 10.879999999999999,
            "gross_profit": null,
            "gross_margin": null,
            "gross_margin_4q_avg": 0,
            "net_income": 3671051,
            "net_income_4q": null,
            "revenue": 13305965,
            "revenue_4q": null,
            "common_shares": 75116532,
            "book_valuer_per_share": 13.47,
            "book_valuer_per_share_4q_avg": 13.54,
            "equity": 197989242,
            "current_ratio": null,
            "debt_ratio": 93.1,
            "inventory_turnover_ratio": null,
            "account_receivable_turnover_ratio": null,
            "reinvestment_rate": -3.21,
            "research_to_sale_ratio": null,
            "price_fair": 52.73,
            "eps_avg_yearly": 1.51,
            "eps_latest_yearly": 1.24,
            "eps_growth_yearly": 31.65
        },
        "20141": {
            "year_quarter": 20141,
            "year": 2014,
            "quarter": 1,
            "eps": 0.61,
            "eps_growth_year": 7.02,
            "eps_4q": 1.88,
            "eps_4q_growth_year": 13.06,
            "roe": 3.57,
            "roe_4q": 11.189999999999998,
            "gross_profit": null,
            "gross_margin": null,
            "gross_margin_4q_avg": 0,
            "net_income": 7221587,
            "net_income_4q": null,
            "revenue": 15716357,
            "revenue_4q": null,
            "common_shares": 75281584,
            "book_valuer_per_share": 14.03,
            "book_valuer_per_share_4q_avg": 13.6,
            "equity": 207071724,
            "current_ratio": null,
            "debt_ratio": 92.98,
            "inventory_turnover_ratio": null,
            "account_receivable_turnover_ratio": null,
            "reinvestment_rate": -2.23,
            "research_to_sale_ratio": null,
            "price_fair": 54.78,
            "eps_avg_yearly": 1.57,
            "eps_latest_yearly": 2.44,
            "eps_growth_yearly": 53.86
        },
        "20142": {
            "year_quarter": 20142,
            "year": 2014,
            "quarter": 2,
            "eps": 0.5,
            "eps_growth_year": -1.96,
            "eps_4q": 1.65,
            "eps_4q_growth_year": -4.05,
            "roe": 3.07,
            "roe_4q": 11.129999999999999,
            "gross_profit": null,
            "gross_margin": null,
            "gross_margin_4q_avg": 0,
            "net_income": 6390069,
            "net_income_4q": null,
            "revenue": 14404909,
            "revenue_4q": null,
            "common_shares": 80356314,
            "book_valuer_per_share": 13.92,
            "book_valuer_per_share_4q_avg": 13.65,
            "equity": 209865632,
            "current_ratio": null,
            "debt_ratio": 93.11,
            "inventory_turnover_ratio": null,
            "account_receivable_turnover_ratio": null,
            "reinvestment_rate": -1.6,
            "research_to_sale_ratio": null,
            "price_fair": 56.79,
            "eps_avg_yearly": 1.62,
            "eps_latest_yearly": 2,
            "eps_growth_yearly": 55.61
        },
        "20143": {
            "year_quarter": 20143,
            "year": 2014,
            "quarter": 3,
            "eps": 0.41,
            "eps_growth_year": 0,
            "eps_4q": 1.72,
            "eps_4q_growth_year": -1.48,
            "roe": 2.97,
            "roe_4q": 11.48,
            "gross_profit": null,
            "gross_margin": null,
            "gross_margin_4q_avg": 0,
            "net_income": 6322408,
            "net_income_4q": null,
            "revenue": 15373747,
            "revenue_4q": null,
            "common_shares": 88374052,
            "book_valuer_per_share": 13.15,
            "book_valuer_per_share_4q_avg": 13.64,
            "equity": 216096807,
            "current_ratio": null,
            "debt_ratio": 93.01,
            "inventory_turnover_ratio": null,
            "account_receivable_turnover_ratio": null,
            "reinvestment_rate": -1.46,
            "research_to_sale_ratio": null,
            "price_fair": 56.96,
            "eps_avg_yearly": 1.63,
            "eps_latest_yearly": 1.64,
            "eps_growth_yearly": 39.99
        },
        "20144": {
            "year_quarter": 20144,
            "year": 2014,
            "quarter": 4,
            "eps": -1.28,
            "eps_growth_year": -517.57,
            "eps_4q": 0.18,
            "eps_4q_growth_year": -90.01,
            "roe": -6.23,
            "roe_4q": 3.3799999999999994,
            "gross_profit": null,
            "gross_margin": null,
            "gross_margin_4q_avg": 0,
            "net_income": -10286325,
            "net_income_4q": null,
            "revenue": -1573399,
            "revenue_4q": null,
            "common_shares": 88417902,
            "book_valuer_per_share": 11.91,
            "book_valuer_per_share_4q_avg": 13.25,
            "equity": 114184303,
            "current_ratio": null,
            "debt_ratio": 91.74,
            "inventory_turnover_ratio": null,
            "account_receivable_turnover_ratio": null,
            "reinvestment_rate": 23.94,
            "research_to_sale_ratio": null,
            "price_fair": 58.33,
            "eps_avg_yearly": 1.67,
            "eps_latest_yearly": 1.64,
            "eps_growth_yearly": 51.55
        },
        "20151": {
            "year_quarter": 20151,
            "year": 2015,
            "quarter": 1,
            "eps": 0.49,
            "eps_growth_year": -19.67,
            "eps_4q": 0.15,
            "eps_4q_growth_year": -92.08,
            "roe": 3.88,
            "roe_4q": 3.6899999999999995,
            "gross_profit": null,
            "gross_margin": null,
            "gross_margin_4q_avg": 0,
            "net_income": 4523548,
            "net_income_4q": null,
            "revenue": 9871909,
            "revenue_4q": null,
            "common_shares": 88525792,
            "book_valuer_per_share": 12.41,
            "book_valuer_per_share_4q_avg": 12.85,
            "equity": 118995759,
            "current_ratio": null,
            "debt_ratio": 91.63,
            "inventory_turnover_ratio": null,
            "account_receivable_turnover_ratio": null,
            "reinvestment_rate": 25.51,
            "research_to_sale_ratio": null,
            "price_fair": 58.5,
            "eps_avg_yearly": 1.67,
            "eps_latest_yearly": 1.64,
            "eps_growth_yearly": 39.85
        },
        "20152": {
            "year_quarter": 20152,
            "year": 2015,
            "quarter": 2,
            "eps": 0.41,
            "eps_growth_year": -18,
            "eps_4q": 0.11,
            "eps_4q_growth_year": -93.26,
            "roe": 3.25,
            "roe_4q": 3.8699999999999997,
            "gross_profit": null,
            "gross_margin": null,
            "gross_margin_4q_avg": 0,
            "net_income": 3892725,
            "net_income_4q": null,
            "revenue": 9558797,
            "revenue_4q": null,
            "common_shares": 88563905,
            "book_valuer_per_share": 12.59,
            "book_valuer_per_share_4q_avg": 12.52,
            "equity": 120842600,
            "current_ratio": null,
            "debt_ratio": 91.51,
            "inventory_turnover_ratio": null,
            "account_receivable_turnover_ratio": null,
            "reinvestment_rate": 26.35,
            "research_to_sale_ratio": null,
            "price_fair": 57.7,
            "eps_avg_yearly": 1.65,
            "eps_latest_yearly": 1.64,
            "eps_growth_yearly": 28.75
        },
        "20153": {
            "year_quarter": 20153,
            "year": 2015,
            "quarter": 3,
            "eps": 0.33,
            "eps_growth_year": -19.51,
            "eps_4q": 0.03,
            "eps_4q_growth_year": -98.28,
            "roe": 2.58,
            "roe_4q": 3.4800000000000004,
            "gross_profit": null,
            "gross_margin": null,
            "gross_margin_4q_avg": 0,
            "net_income": 3157015,
            "net_income_4q": null,
            "revenue": 9106583,
            "revenue_4q": null,
            "common_shares": 88580629,
            "book_valuer_per_share": 12.91,
            "book_valuer_per_share_4q_avg": 12.46,
            "equity": 123858033,
            "current_ratio": null,
            "debt_ratio": 91.94,
            "inventory_turnover_ratio": null,
            "account_receivable_turnover_ratio": null,
            "reinvestment_rate": 28.16,
            "research_to_sale_ratio": null,
            "price_fair": 58.3,
            "eps_avg_yearly": 1.67,
            "eps_latest_yearly": 1.32,
            "eps_growth_yearly": 36.01
        },
        "20154": {
            "year_quarter": 20154,
            "year": 2015,
            "quarter": 4,
            "eps": 0.19,
            "eps_growth_year": null,
            "eps_4q": 1.49,
            "eps_4q_growth_year": 713.32,
            "roe": 1.33,
            "roe_4q": 11.04,
            "gross_profit": null,
            "gross_margin": null,
            "gross_margin_4q_avg": 0,
            "net_income": 1652803,
            "net_income_4q": null,
            "revenue": 8970538,
            "revenue_4q": null,
            "common_shares": 88599429,
            "book_valuer_per_share": 13.02,
            "book_valuer_per_share_4q_avg": 12.73,
            "equity": 124959929,
            "current_ratio": null,
            "debt_ratio": 91.78,
            "inventory_turnover_ratio": null,
            "account_receivable_turnover_ratio": null,
            "reinvestment_rate": 30.21,
            "research_to_sale_ratio": null,
            "price_fair": 48.38,
            "eps_avg_yearly": 1.63,
            "eps_latest_yearly": 0.76,
            "eps_growth_yearly": 19.65
        },
        "20161": {
            "year_quarter": 20161,
            "year": 2016,
            "quarter": 1,
            "eps": 0.41,
            "eps_growth_year": -16.33,
            "eps_4q": 1.41,
            "eps_4q_growth_year": 848.35,
            "roe": 3.1,
            "roe_4q": 10.26,
            "gross_profit": null,
            "gross_margin": null,
            "gross_margin_4q_avg": 0,
            "net_income": 3839090,
            "net_income_4q": null,
            "revenue": 9295794,
            "revenue_4q": null,
            "common_shares": 88604104,
            "book_valuer_per_share": 13.26,
            "book_valuer_per_share_4q_avg": 12.95,
            "equity": 122413118,
            "current_ratio": null,
            "debt_ratio": 91.74,
            "inventory_turnover_ratio": null,
            "account_receivable_turnover_ratio": null,
            "reinvestment_rate": 29.98,
            "research_to_sale_ratio": null,
            "price_fair": 57.1,
            "eps_avg_yearly": 1.63,
            "eps_latest_yearly": 1.64,
            "eps_growth_yearly": 43.52
        },
        "20162": {
            "year_quarter": 20162,
            "year": 2016,
            "quarter": 2,
            "eps": 0.31,
            "eps_growth_year": -24.39,
            "eps_4q": 1.21,
            "eps_4q_growth_year": 989.18,
            "roe": 2.36,
            "roe_4q": 9.370000000000001,
            "gross_profit": null,
            "gross_margin": null,
            "gross_margin_4q_avg": 0,
            "net_income": 2862730,
            "net_income_4q": null,
            "revenue": 9110652,
            "revenue_4q": null,
            "common_shares": 88622585,
            "book_valuer_per_share": 13.01,
            "book_valuer_per_share_4q_avg": 13.05,
            "equity": 120149098,
            "current_ratio": null,
            "debt_ratio": 92.09,
            "inventory_turnover_ratio": null,
            "account_receivable_turnover_ratio": null,
            "reinvestment_rate": 30.14,
            "research_to_sale_ratio": null,
            "price_fair": 56.4,
            "eps_avg_yearly": 1.61,
            "eps_latest_yearly": 1.24,
            "eps_growth_yearly": 38.64
        },
        "20163": {
            "year_quarter": 20163,
            "year": 2016,
            "quarter": 3,
            "eps": 0.31,
            "eps_growth_year": -6.06,
            "eps_4q": 1.2,
            "eps_4q_growth_year": 3955.01,
            "roe": 2.53,
            "roe_4q": 9.32,
            "gross_profit": null,
            "gross_margin": null,
            "gross_margin_4q_avg": 0,
            "net_income": 3080872,
            "net_income_4q": null,
            "revenue": 9091882,
            "revenue_4q": null,
            "common_shares": 95049211,
            "book_valuer_per_share": 12.49,
            "book_valuer_per_share_4q_avg": 12.95,
            "equity": 123429217,
            "current_ratio": null,
            "debt_ratio": 91.88,
            "inventory_turnover_ratio": null,
            "account_receivable_turnover_ratio": null,
            "reinvestment_rate": 32.32,
            "research_to_sale_ratio": null,
            "price_fair": 55.1,
            "eps_avg_yearly": 1.57,
            "eps_latest_yearly": 1.24,
            "eps_growth_yearly": 34.13
        },
        "20164": {
            "year_quarter": 20164,
            "year": 2016,
            "quarter": 4,
            "eps": 0.17,
            "eps_growth_year": -9.6,
            "eps_4q": 1.2,
            "eps_4q_growth_year": -19.76,
            "roe": 1.18,
            "roe_4q": 9.17,
            "gross_profit": null,
            "gross_margin": null,
            "gross_margin_4q_avg": 0,
            "net_income": 1609741,
            "net_income_4q": null,
            "revenue": 8653077,
            "revenue_4q": null,
            "common_shares": 95130986,
            "book_valuer_per_share": 14.33,
            "book_valuer_per_share_4q_avg": 13.27,
            "equity": 148875634,
            "current_ratio": null,
            "debt_ratio": 90.56,
            "inventory_turnover_ratio": null,
            "account_receivable_turnover_ratio": null,
            "reinvestment_rate": 33.65,
            "research_to_sale_ratio": null,
            "price_fair": 54.5,
            "eps_avg_yearly": 1.56,
            "eps_latest_yearly": 0.68,
            "eps_growth_yearly": 34.86
        },
        "20171": {
            "year_quarter": 20171,
            "year": 2017,
            "quarter": 1,
            "eps": 0.31,
            "eps_growth_year": -24.39,
            "eps_4q": 1.14,
            "eps_4q_growth_year": -19.52,
            "roe": 2.22,
            "roe_4q": 8.29,
            "gross_profit": null,
            "gross_margin": null,
            "gross_margin_4q_avg": 0,
            "net_income": 3329592,
            "net_income_4q": null,
            "revenue": 8499201,
            "revenue_4q": null,
            "common_shares": 95207476,
            "book_valuer_per_share": 14.58,
            "book_valuer_per_share_4q_avg": 13.6,
            "equity": 151191737,
            "current_ratio": null,
            "debt_ratio": 90.53,
            "inventory_turnover_ratio": null,
            "account_receivable_turnover_ratio": null,
            "reinvestment_rate": 35.33,
            "research_to_sale_ratio": null,
            "price_fair": 38.79,
            "eps_avg_yearly": 1.48,
            "eps_latest_yearly": 1.24,
            "eps_growth_yearly": 16.16
        },
        "20172": {
            "year_quarter": 20172,
            "year": 2017,
            "quarter": 2,
            "eps": 0.31,
            "eps_growth_year": 0,
            "eps_4q": 1.15,
            "eps_4q_growth_year": -5.11,
            "roe": 2.32,
            "roe_4q": 8.25,
            "gross_profit": null,
            "gross_margin": null,
            "gross_margin_4q_avg": 0,
            "net_income": 3482974,
            "net_income_4q": null,
            "revenue": 9281121,
            "revenue_4q": null,
            "common_shares": 95709394,
            "book_valuer_per_share": 14.39,
            "book_valuer_per_share_4q_avg": 13.95,
            "equity": 149233489,
            "current_ratio": null,
            "debt_ratio": 90.65,
            "inventory_turnover_ratio": null,
            "account_receivable_turnover_ratio": null,
            "reinvestment_rate": 36.39,
            "research_to_sale_ratio": null,
            "price_fair": 41.58,
            "eps_avg_yearly": 1.43,
            "eps_latest_yearly": 1.24,
            "eps_growth_yearly": 19.16
        },
        "20173": {
            "year_quarter": 20173,
            "year": 2017,
            "quarter": 3,
            "eps": 0.32,
            "eps_growth_year": 3.23,
            "eps_4q": 1.2,
            "eps_4q_growth_year": -0.13,
            "roe": 2.37,
            "roe_4q": 8.09,
            "gross_profit": null,
            "gross_margin": null,
            "gross_margin_4q_avg": 0,
            "net_income": 3586237,
            "net_income_4q": null,
            "revenue": 10180695,
            "revenue_4q": null,
            "common_shares": 99825220,
            "book_valuer_per_share": 14.17,
            "book_valuer_per_share_4q_avg": 14.37,
            "equity": 152856029,
            "current_ratio": null,
            "debt_ratio": 90.8,
            "inventory_turnover_ratio": null,
            "account_receivable_turnover_ratio": null,
            "reinvestment_rate": 39.12,
            "research_to_sale_ratio": null,
            "price_fair": 49,
            "eps_avg_yearly": 1.4,
            "eps_latest_yearly": 1.28,
            "eps_growth_yearly": 25.69
        },
        "20174": {
            "year_quarter": 20174,
            "year": 2017,
            "quarter": 4,
            "eps": 0.27,
            "eps_growth_year": 58.23,
            "eps_4q": 1.31,
            "eps_4q_growth_year": 9.23,
            "roe": 1.73,
            "roe_4q": 8.64,
            "gross_profit": null,
            "gross_margin": null,
            "gross_margin_4q_avg": 0,
            "net_income": 2671363,
            "net_income_4q": null,
            "revenue": 9840884,
            "revenue_4q": null,
            "common_shares": 99842620,
            "book_valuer_per_share": 14.4,
            "book_valuer_per_share_4q_avg": 14.39,
            "equity": 155322109,
            "current_ratio": null,
            "debt_ratio": 90.74,
            "inventory_turnover_ratio": null,
            "account_receivable_turnover_ratio": null,
            "reinvestment_rate": 40.48,
            "research_to_sale_ratio": null,
            "price_fair": 48.6,
            "eps_avg_yearly": 1.39,
            "eps_latest_yearly": 1.08,
            "eps_growth_yearly": 28.19
        },
        "20181": {
            "year_quarter": 20181,
            "year": 2018,
            "quarter": 1,
            "eps": 0.34,
            "eps_growth_year": 9.68,
            "eps_4q": 1.36,
            "eps_4q_growth_year": 19.04,
            "roe": 2.43,
            "roe_4q": 8.85,
            "gross_profit": null,
            "gross_margin": null,
            "gross_margin_4q_avg": 0,
            "net_income": 3807657,
            "net_income_4q": null,
            "revenue": 10062225,
            "revenue_4q": null,
            "common_shares": 99861110,
            "book_valuer_per_share": 14.71,
            "book_valuer_per_share_4q_avg": 14.42,
            "equity": 157638252,
            "current_ratio": null,
            "debt_ratio": 90.92,
            "inventory_turnover_ratio": null,
            "account_receivable_turnover_ratio": null,
            "reinvestment_rate": 42.3,
            "research_to_sale_ratio": null,
            "price_fair": 23.54,
            "eps_avg_yearly": 1.31,
            "eps_latest_yearly": 1.36,
            "eps_growth_yearly": 7.95
        },
        "20182": {
            "year_quarter": 20182,
            "year": 2018,
            "quarter": 2,
            "eps": 0.35,
            "eps_growth_year": 12.9,
            "eps_4q": 1.35,
            "eps_4q_growth_year": 17.23,
            "roe": 2.57,
            "roe_4q": 9.100000000000001,
            "gross_profit": null,
            "gross_margin": null,
            "gross_margin_4q_avg": 0,
            "net_income": 4018194,
            "net_income_4q": null,
            "revenue": 10455733,
            "revenue_4q": null,
            "common_shares": 99891700,
            "book_valuer_per_share": 14.45,
            "book_valuer_per_share_4q_avg": 14.43,
            "equity": 154795114,
            "current_ratio": null,
            "debt_ratio": 91.15,
            "inventory_turnover_ratio": null,
            "account_receivable_turnover_ratio": null,
            "reinvestment_rate": 41.98,
            "research_to_sale_ratio": null,
            "price_fair": 30.37,
            "eps_avg_yearly": 1.27,
            "eps_latest_yearly": 1.4,
            "eps_growth_yearly": 13.94
        },
        "20183": {
            "year_quarter": 20183,
            "year": 2018,
            "quarter": 3,
            "eps": 0.29,
            "eps_growth_year": -9.38,
            "eps_4q": 1.33,
            "eps_4q_growth_year": 11.02,
            "roe": 2.19,
            "roe_4q": 8.92,
            "gross_profit": null,
            "gross_margin": null,
            "gross_margin_4q_avg": 0,
            "net_income": 3426500,
            "net_income_4q": null,
            "revenue": 10329361,
            "revenue_4q": null,
            "common_shares": 104322821,
            "book_valuer_per_share": 14.17,
            "book_valuer_per_share_4q_avg": 14.43,
            "equity": 158176450,
            "current_ratio": null,
            "debt_ratio": 91.19,
            "inventory_turnover_ratio": null,
            "account_receivable_turnover_ratio": null,
            "reinvestment_rate": 45.09,
            "research_to_sale_ratio": null,
            "price_fair": 29.85,
            "eps_avg_yearly": 1.23,
            "eps_latest_yearly": 1.16,
            "eps_growth_yearly": 14.19
        },
        "20184": {
            "year_quarter": 20184,
            "year": 2018,
            "quarter": 4,
            "eps": 0.16,
            "eps_growth_year": -39.89,
            "eps_4q": 1.24,
            "eps_4q_growth_year": -5.27,
            "roe": 1.01,
            "roe_4q": 8.2,
            "gross_profit": null,
            "gross_margin": null,
            "gross_margin_4q_avg": 0,
            "net_income": 1677782,
            "net_income_4q": null,
            "revenue": 8901004,
            "revenue_4q": null,
            "common_shares": 104362071,
            "book_valuer_per_share": 15.22,
            "book_valuer_per_share_4q_avg": 14.64,
            "equity": 174517953,
            "current_ratio": null,
            "debt_ratio": 90.23,
            "inventory_turnover_ratio": null,
            "account_receivable_turnover_ratio": null,
            "reinvestment_rate": 16.55,
            "research_to_sale_ratio": null,
            "price_fair": 13.48,
            "eps_avg_yearly": 1.19,
            "eps_latest_yearly": 0.64,
            "eps_growth_yearly": 1.29
        },
        "20191": {
            "year_quarter": 20191,
            "year": 2019,
            "quarter": 1,
            "eps": 0.37,
            "eps_growth_year": 8.82,
            "eps_4q": 1.3,
            "eps_4q_growth_year": -4.39,
            "roe": 2.52,
            "roe_4q": 8.290000000000001,
            "gross_profit": null,
            "gross_margin": null,
            "gross_margin_4q_avg": 0,
            "net_income": 4404876,
            "net_income_4q": null,
            "revenue": 11043258,
            "revenue_4q": null,
            "common_shares": 104367621,
            "book_valuer_per_share": 15.62,
            "book_valuer_per_share_4q_avg": 14.87,
            "equity": 175666539,
            "current_ratio": null,
            "debt_ratio": 90.67,
            "inventory_turnover_ratio": null,
            "account_receivable_turnover_ratio": null,
            "reinvestment_rate": 17.58,
            "research_to_sale_ratio": null,
            "price_fair": 42.44,
            "eps_avg_yearly": 1.21,
            "eps_latest_yearly": 1.48,
            "eps_growth_yearly": 34.02
        },
        "20192": {
            "year_quarter": 20192,
            "year": 2019,
            "quarter": 2,
            "eps": 0.32,
            "eps_growth_year": -8.57,
            "eps_4q": 1.25,
            "eps_4q_growth_year": -7.36,
            "roe": 2.19,
            "roe_4q": 7.91,
            "gross_profit": null,
            "gross_margin": null,
            "gross_margin_4q_avg": 0,
            "net_income": 3815535,
            "net_income_4q": null,
            "revenue": 10790477,
            "revenue_4q": null,
            "common_shares": 104382431,
            "book_valuer_per_share": 15.41,
            "book_valuer_per_share_4q_avg": 15.11,
            "equity": 173315435,
            "current_ratio": null,
            "debt_ratio": 91.03,
            "inventory_turnover_ratio": null,
            "account_receivable_turnover_ratio": null,
            "reinvestment_rate": 15.9,
            "research_to_sale_ratio": null,
            "price_fair": 41.65,
            "eps_avg_yearly": 1.19,
            "eps_latest_yearly": 1.28,
            "eps_growth_yearly": 34.72
        },
        "20193": {
            "year_quarter": 20193,
            "year": 2019,
            "quarter": 3,
            "eps": 0.31,
            "eps_growth_year": 6.9,
            "eps_4q": 1.28,
            "eps_4q_growth_year": -4.37,
            "roe": 2.11,
            "roe_4q": 7.83,
            "gross_profit": null,
            "gross_margin": null,
            "gross_margin_4q_avg": 0,
            "net_income": 3696455,
            "net_income_4q": null,
            "revenue": 11163064,
            "revenue_4q": null,
            "common_shares": 106560034,
            "book_valuer_per_share": 15.37,
            "book_valuer_per_share_4q_avg": 15.41,
            "equity": 176243513,
            "current_ratio": null,
            "debt_ratio": 91.22,
            "inventory_turnover_ratio": null,
            "account_receivable_turnover_ratio": null,
            "reinvestment_rate": 14.63,
            "research_to_sale_ratio": null,
            "price_fair": 41.48,
            "eps_avg_yearly": 1.19,
            "eps_latest_yearly": 1.24,
            "eps_growth_yearly": 38.82
        },
        "20194": {
            "year_quarter": 20194,
            "year": 2019,
            "quarter": 4,
            "eps": 0.24,
            "eps_growth_year": 49.92,
            "eps_4q": 1.36,
            "eps_4q_growth_year": 9.72,
            "roe": 1.45,
            "roe_4q": 8.27,
            "gross_profit": null,
            "gross_margin": null,
            "gross_margin_4q_avg": 0,
            "net_income": 2569065,
            "net_income_4q": null,
            "revenue": 10644612,
            "revenue_4q": null,
            "common_shares": 106567044,
            "book_valuer_per_share": 15.61,
            "book_valuer_per_share_4q_avg": 15.5,
            "equity": 179017737,
            "current_ratio": null,
            "debt_ratio": 91.19,
            "inventory_turnover_ratio": null,
            "account_receivable_turnover_ratio": null,
            "reinvestment_rate": 13.95,
            "research_to_sale_ratio": null,
            "price_fair": 41.91,
            "eps_avg_yearly": 1.2,
            "eps_latest_yearly": 0.96,
            "eps_growth_yearly": 43.78
        },
        "20201": {
            "year_quarter": 20201,
            "year": 2020,
            "quarter": 1,
            "eps": 0.2,
            "eps_growth_year": -45.95,
            "eps_4q": 1.19,
            "eps_4q_growth_year": -8.47,
            "roe": 1.43,
            "roe_4q": 7.18,
            "gross_profit": null,
            "gross_margin": null,
            "gross_margin_4q_avg": 0,
            "net_income": 2559774,
            "net_income_4q": null,
            "revenue": 9924216,
            "revenue_4q": null,
            "common_shares": 106583099,
            "book_valuer_per_share": 15.65,
            "book_valuer_per_share_4q_avg": 15.51,
            "equity": 179426425,
            "current_ratio": null,
            "debt_ratio": 91.47,
            "inventory_turnover_ratio": null,
            "account_receivable_turnover_ratio": null,
            "reinvestment_rate": 12.2,
            "research_to_sale_ratio": null,
            "price_fair": 23.66,
            "eps_avg_yearly": 1.15,
            "eps_latest_yearly": 0.8,
            "eps_growth_yearly": 10.67
        },
        "20202": {
            "year_quarter": 20202,
            "year": 2020,
            "quarter": 2,
            "eps": 0.38,
            "eps_growth_year": 18.75,
            "eps_4q": 1.23,
            "eps_4q_growth_year": -1.84,
            "roe": 2.55,
            "roe_4q": 7.539999999999999,
            "gross_profit": null,
            "gross_margin": null,
            "gross_margin_4q_avg": 0,
            "net_income": 4558620,
            "net_income_4q": null,
            "revenue": 11710194,
            "revenue_4q": null,
            "common_shares": 106599289,
            "book_valuer_per_share": 15.54,
            "book_valuer_per_share_4q_avg": 15.54,
            "equity": 178213905,
            "current_ratio": null,
            "debt_ratio": 91.43,
            "inventory_turnover_ratio": null,
            "account_receivable_turnover_ratio": null,
            "reinvestment_rate": 11.87,
            "research_to_sale_ratio": null,
            "price_fair": 40.69,
            "eps_avg_yearly": 1.16,
            "eps_latest_yearly": 1.52,
            "eps_growth_yearly": 39.26
        },
        "20203": {
            "year_quarter": 20203,
            "year": 2020,
            "quarter": 3,
            "eps": 0.39,
            "eps_growth_year": 25.81,
            "eps_4q": 1.31,
            "eps_4q_growth_year": 2.96,
            "roe": 2.57,
            "roe_4q": 7.999999999999999,
            "gross_profit": null,
            "gross_margin": null,
            "gross_margin_4q_avg": 0,
            "net_income": 4643361,
            "net_income_4q": null,
            "revenue": 11969484,
            "revenue_4q": null,
            "common_shares": 109067417,
            "book_valuer_per_share": 15.6,
            "book_valuer_per_share_4q_avg": 15.6,
            "equity": 182770610,
            "current_ratio": null,
            "debt_ratio": 91.46,
            "inventory_turnover_ratio": null,
            "account_receivable_turnover_ratio": null,
            "reinvestment_rate": 10.94,
            "research_to_sale_ratio": null,
            "price_fair": 41.39,
            "eps_avg_yearly": 1.18,
            "eps_latest_yearly": 1.56,
            "eps_growth_yearly": 39.92
        },
        "20204": {
            "year_quarter": 20204,
            "year": 2020,
            "quarter": 4,
            "eps": 0.25,
            "eps_growth_year": 3.8,
            "eps_4q": 1.33,
            "eps_4q_growth_year": -2.3,
            "roe": 1.48,
            "roe_4q": 8.03,
            "gross_profit": null,
            "gross_margin": null,
            "gross_margin_4q_avg": 0,
            "net_income": 2727072,
            "net_income_4q": null,
            "revenue": 10540955,
            "revenue_4q": null,
            "common_shares": 109115662,
            "book_valuer_per_share": 15.88,
            "book_valuer_per_share_4q_avg": 15.67,
            "equity": 186109382,
            "current_ratio": null,
            "debt_ratio": 91.53,
            "inventory_turnover_ratio": null,
            "account_receivable_turnover_ratio": null,
            "reinvestment_rate": 10.79,
            "research_to_sale_ratio": null,
            "price_fair": 42.09,
            "eps_avg_yearly": 1.2,
            "eps_latest_yearly": 1,
            "eps_growth_yearly": 42.24
        },
        "20211": {
            "year_quarter": 20211,
            "year": 2021,
            "quarter": 1,
            "eps": 0.37,
            "eps_growth_year": 85,
            "eps_4q": 1.5,
            "eps_4q_growth_year": 26.75,
            "roe": 2.38,
            "roe_4q": 8.98,
            "gross_profit": null,
            "gross_margin": null,
            "gross_margin_4q_avg": 0,
            "net_income": 4473896,
            "net_income_4q": null,
            "revenue": 11984967,
            "revenue_4q": null,
            "common_shares": 109133102,
            "book_valuer_per_share": 16.18,
            "book_valuer_per_share_4q_avg": 15.8,
            "equity": 189529936,
            "current_ratio": null,
            "debt_ratio": 91.53,
            "inventory_turnover_ratio": null,
            "account_receivable_turnover_ratio": null,
            "reinvestment_rate": 10.5,
            "research_to_sale_ratio": null,
            "price_fair": 42.61,
            "eps_avg_yearly": 1.22,
            "eps_latest_yearly": 1.48,
            "eps_growth_yearly": 33.65
        },
        "20212": {
            "year_quarter": 20212,
            "year": 2021,
            "quarter": 2,
            "eps": 0.73,
            "eps_growth_year": 92.11,
            "eps_4q": 1.86,
            "eps_4q_growth_year": 51.49,
            "roe": 4.35,
            "roe_4q": 10.78,
            "gross_profit": null,
            "gross_margin": null,
            "gross_margin_4q_avg": 0,
            "net_income": 8438012,
            "net_income_4q": null,
            "revenue": 16019166,
            "revenue_4q": null,
            "common_shares": 109136172,
            "book_valuer_per_share": 16.92,
            "book_valuer_per_share_4q_avg": 16.15,
            "equity": 198211151,
            "current_ratio": null,
            "debt_ratio": 91.97,
            "inventory_turnover_ratio": null,
            "account_receivable_turnover_ratio": null,
            "reinvestment_rate": -54.67,
            "research_to_sale_ratio": null,
            "price_fair": 46.29,
            "eps_avg_yearly": 1.32,
            "eps_latest_yearly": 2.92,
            "eps_growth_yearly": 57.97
        },
        "20213": {
            "year_quarter": 20213,
            "year": 2021,
            "quarter": 3,
            "eps": 0.39,
            "eps_growth_year": 0,
            "eps_4q": 1.8,
            "eps_4q_growth_year": 36.77,
            "roe": 2.47,
            "roe_4q": 10.68,
            "gross_profit": null,
            "gross_margin": null,
            "gross_margin_4q_avg": 0,
            "net_income": 4846747,
            "net_income_4q": null,
            "revenue": 19225788,
            "revenue_4q": null,
            "common_shares": 114093832,
            "book_valuer_per_share": 15.96,
            "book_valuer_per_share_4q_avg": 16.24,
            "equity": 194838750,
            "current_ratio": null,
            "debt_ratio": 92.1,
            "inventory_turnover_ratio": null,
            "account_receivable_turnover_ratio": null,
            "reinvestment_rate": -55.35,
            "research_to_sale_ratio": null,
            "price_fair": 46.9,
            "eps_avg_yearly": 1.34,
            "eps_latest_yearly": 1.56,
            "eps_growth_yearly": 45.52
        },
        "20214": {
            "year_quarter": 20214,
            "year": 2021,
            "quarter": 4,
            "eps": 0.22,
            "eps_growth_year": -10.91,
            "eps_4q": 1.78,
            "eps_4q_growth_year": 34.04,
            "roe": 1.29,
            "roe_4q": 10.489999999999998,
            "gross_profit": null,
            "gross_margin": null,
            "gross_margin_4q_avg": 0,
            "net_income": 2540058,
            "net_income_4q": null,
            "revenue": 16534177,
            "revenue_4q": null,
            "common_shares": 114093832,
            "book_valuer_per_share": 16.22,
            "book_valuer_per_share_4q_avg": 16.32,
            "equity": 198101328,
            "current_ratio": null,
            "debt_ratio": 92.12,
            "inventory_turnover_ratio": null,
            "account_receivable_turnover_ratio": null,
            "reinvestment_rate": -56,
            "research_to_sale_ratio": null,
            "price_fair": 46.46,
            "eps_avg_yearly": 1.33,
            "eps_latest_yearly": 0.88,
            "eps_growth_yearly": 38.53
        },
        "20221": {
            "year_quarter": 20221,
            "year": 2022,
            "quarter": 1,
            "eps": 0.15,
            "eps_growth_year": -59.46,
            "eps_4q": 1.58,
            "eps_4q_growth_year": 4.81,
            "roe": 1.07,
            "roe_4q": 9.18,
            "gross_profit": null,
            "gross_margin": null,
            "gross_margin_4q_avg": 0,
            "net_income": 2141145,
            "net_income_4q": null,
            "revenue": 16611041,
            "revenue_4q": null,
            "common_shares": 114093832,
            "book_valuer_per_share": 16.44,
            "book_valuer_per_share_4q_avg": 16.39,
            "equity": 200717159,
            "current_ratio": null,
            "debt_ratio": 92.38,
            "inventory_turnover_ratio": null,
            "account_receivable_turnover_ratio": null,
            "reinvestment_rate": -58.1,
            "research_to_sale_ratio": null,
            "price_fair": 43.64,
            "eps_avg_yearly": 1.28,
            "eps_latest_yearly": 0.6,
            "eps_growth_yearly": 24.1
        },
        "20222": {
            "year_quarter": 20222,
            "year": 2022,
            "quarter": 2,
            "eps": 0.17,
            "eps_growth_year": -76.71,
            "eps_4q": 0.99,
            "eps_4q_growth_year": -46.69,
            "roe": 1.2,
            "roe_4q": 6.03,
            "gross_profit": null,
            "gross_margin": null,
            "gross_margin_4q_avg": 0,
            "net_income": 2329421,
            "net_income_4q": null,
            "revenue": 14365791,
            "revenue_4q": null,
            "common_shares": 114093832,
            "book_valuer_per_share": 15.25,
            "book_valuer_per_share_4q_avg": 15.97,
            "equity": 186250621,
            "current_ratio": null,
            "debt_ratio": 92.93,
            "inventory_turnover_ratio": null,
            "account_receivable_turnover_ratio": null,
            "reinvestment_rate": -59.65,
            "research_to_sale_ratio": null,
            "price_fair": 43.23,
            "eps_avg_yearly": 1.24,
            "eps_latest_yearly": 0.68,
            "eps_growth_yearly": 26.69
        },
        "20223": {
            "year_quarter": 20223,
            "year": 2022,
            "quarter": 3,
            "eps": 0.28,
            "eps_growth_year": -28.21,
            "eps_4q": 0.9,
            "eps_4q_growth_year": -49.73,
            "roe": 2,
            "roe_4q": 5.5600000000000005,
            "gross_profit": null,
            "gross_margin": null,
            "gross_margin_4q_avg": 0,
            "net_income": 3793159,
            "net_income_4q": null,
            "revenue": 16425232,
            "revenue_4q": null,
            "common_shares": 119741476,
            "book_valuer_per_share": 14.8,
            "book_valuer_per_share_4q_avg": 15.68,
            "equity": 193554889,
            "current_ratio": null,
            "debt_ratio": 92.95,
            "inventory_turnover_ratio": null,
            "account_receivable_turnover_ratio": null,
            "reinvestment_rate": -60.58,
            "research_to_sale_ratio": null,
            "price_fair": 43.14,
            "eps_avg_yearly": 1.23,
            "eps_latest_yearly": 1.12,
            "eps_growth_yearly": 47.16
        },
        "20224": {
            "year_quarter": 20224,
            "year": 2022,
            "quarter": 4,
            "eps": 0.55,
            "eps_growth_year": 146.97,
            "eps_4q": 1.24,
            "eps_4q_growth_year": -30.27,
            "roe": 3.33,
            "roe_4q": 7.6000000000000005,
            "gross_profit": null,
            "gross_margin": null,
            "gross_margin_4q_avg": 0,
            "net_income": 6592168,
            "net_income_4q": null,
            "revenue": 19040406,
            "revenue_4q": null,
            "common_shares": 119741476,
            "book_valuer_per_share": 15.52,
            "book_valuer_per_share_4q_avg": 15.5,
            "equity": 202893812,
            "current_ratio": null,
            "debt_ratio": 92.66,
            "inventory_turnover_ratio": null,
            "account_receivable_turnover_ratio": null,
            "reinvestment_rate": -50.86,
            "research_to_sale_ratio": null,
            "price_fair": 46.55,
            "eps_avg_yearly": 1.33,
            "eps_latest_yearly": 2.2,
            "eps_growth_yearly": 82.47
        },
        "20231": {
            "year_quarter": 20231,
            "year": 2023,
            "quarter": 1,
            "eps": 0.38,
            "eps_growth_year": 153.33,
            "eps_4q": 1.49,
            "eps_4q_growth_year": -5.75,
            "roe": 2.45,
            "roe_4q": 8.98,
            "gross_profit": null,
            "gross_margin": null,
            "gross_margin_4q_avg": 0,
            "net_income": 5064417,
            "net_income_4q": null,
            "revenue": 19222653,
            "revenue_4q": null,
            "common_shares": 119741476,
            "book_valuer_per_share": 16.13,
            "book_valuer_per_share_4q_avg": 15.43,
            "equity": 210892887,
            "current_ratio": null,
            "debt_ratio": 92.71,
            "inventory_turnover_ratio": null,
            "account_receivable_turnover_ratio": null,
            "reinvestment_rate": -52.4,
            "research_to_sale_ratio": null,
            "price_fair": 46.64,
            "eps_avg_yearly": 1.33,
            "eps_latest_yearly": 1.52,
            "eps_growth_yearly": 41.93
        },
        "20232": {
            "year_quarter": 20232,
            "year": 2023,
            "quarter": 2,
            "eps": 0.27,
            "eps_growth_year": 58.82,
            "eps_4q": 1.54,
            "eps_4q_growth_year": 55.81,
            "roe": 1.82,
            "roe_4q": 9.600000000000001,
            "gross_profit": null,
            "gross_margin": null,
            "gross_margin_4q_avg": 0,
            "net_income": 3820270,
            "net_income_4q": null,
            "revenue": 17514621,
            "revenue_4q": null,
            "common_shares": 119741476,
            "book_valuer_per_share": 15.96,
            "book_valuer_per_share_4q_avg": 15.6,
            "equity": 208656201,
            "current_ratio": null,
            "debt_ratio": 92.98,
            "inventory_turnover_ratio": null,
            "account_receivable_turnover_ratio": null,
            "reinvestment_rate": -51.5,
            "research_to_sale_ratio": null,
            "price_fair": 46.2,
            "eps_avg_yearly": 1.32,
            "eps_latest_yearly": 1.08,
            "eps_growth_yearly": 38.07
        },
        "20233": {
            "year_quarter": 20233,
            "year": 2023,
            "quarter": 3,
            "eps": 0.22,
            "eps_growth_year": -21.43,
            "eps_4q": 1.5,
            "eps_4q_growth_year": 65.87,
            "roe": 1.54,
            "roe_4q": 9.14,
            "gross_profit": null,
            "gross_margin": null,
            "gross_margin_4q_avg": 0,
            "net_income": 3219001,
            "net_income_4q": null,
            "revenue": 16474284,
            "revenue_4q": null,
            "common_shares": 124770618,
            "book_valuer_per_share": 15.44,
            "book_valuer_per_share_4q_avg": 15.76,
            "equity": 209637478,
            "current_ratio": null,
            "debt_ratio": 92.99,
            "inventory_turnover_ratio": null,
            "account_receivable_turnover_ratio": null,
            "reinvestment_rate": -52.66,
            "research_to_sale_ratio": null,
            "price_fair": 45.41,
            "eps_avg_yearly": 1.3,
            "eps_latest_yearly": 0.88,
            "eps_growth_yearly": 34.22
        },
        "20234": {
            "year_quarter": 20234,
            "year": 2023,
            "quarter": 4,
            "eps": 0.2,
            "eps_growth_year": -63.6,
            "eps_4q": 1.17,
            "eps_4q_growth_year": -5.72,
            "roe": 1.17,
            "roe_4q": 6.98,
            "gross_profit": null,
            "gross_margin": null,
            "gross_margin_4q_avg": 0,
            "net_income": 2500189,
            "net_income_4q": null,
            "revenue": 16706492,
            "revenue_4q": null,
            "common_shares": 124770618,
            "book_valuer_per_share": 15.95,
            "book_valuer_per_share_4q_avg": 15.87,
            "equity": 216562473,
            "current_ratio": null,
            "debt_ratio": 92.87,
            "inventory_turnover_ratio": null,
            "account_receivable_turnover_ratio": null,
            "reinvestment_rate": -53.26,
            "research_to_sale_ratio": null,
            "price_fair": 45.06,
            "eps_avg_yearly": 1.29,
            "eps_latest_yearly": 0.8,
            "eps_growth_yearly": 37.6
        }
    },
    "months": {
        "2002-02": {
            "month": "2002-02",
            "price": "14.86",
            "revenue": 236889
        },
        "2002-03": {
            "month": "2002-03",
            "price": "14.62",
            "revenue": 591091
        },
        "2002-04": {
            "month": "2002-04",
            "price": "17.79",
            "revenue": 347472
        },
        "2002-05": {
            "month": "2002-05",
            "price": "18.95",
            "revenue": 308453
        },
        "2002-06": {
            "month": "2002-06",
            "price": "18.94",
            "revenue": 347955
        },
        "2002-07": {
            "month": "2002-07",
            "price": "16.41",
            "revenue": 321724
        },
        "2002-08": {
            "month": "2002-08",
            "price": "16.02",
            "revenue": 364724
        },
        "2002-09": {
            "month": "2002-09",
            "price": "14.90",
            "revenue": 337166
        },
        "2002-10": {
            "month": "2002-10",
            "price": "14.31",
            "revenue": 345811
        },
        "2002-11": {
            "month": "2002-11",
            "price": "17.15",
            "revenue": 366550
        },
        "2002-12": {
            "month": "2002-12",
            "price": "17.28",
            "revenue": 233901
        },
        "2003-01": {
            "month": "2003-01",
            "price": "19.57",
            "revenue": 688944
        },
        "2003-02": {
            "month": "2003-02",
            "price": "17.94",
            "revenue": 583163
        },
        "2003-03": {
            "month": "2003-03",
            "price": "17.20",
            "revenue": 448039
        },
        "2003-04": {
            "month": "2003-04",
            "price": "16.83",
            "revenue": 348363
        },
        "2003-05": {
            "month": "2003-05",
            "price": "16.27",
            "revenue": 567634
        },
        "2003-06": {
            "month": "2003-06",
            "price": "17.56",
            "revenue": 1037893
        },
        "2003-07": {
            "month": "2003-07",
            "price": "18.03",
            "revenue": 831772
        },
        "2003-08": {
            "month": "2003-08",
            "price": "17.83",
            "revenue": 702794
        },
        "2003-09": {
            "month": "2003-09",
            "price": "19.72",
            "revenue": 745970
        },
        "2003-10": {
            "month": "2003-10",
            "price": "22.74",
            "revenue": 677155
        },
        "2003-11": {
            "month": "2003-11",
            "price": "24.24",
            "revenue": 691218
        },
        "2003-12": {
            "month": "2003-12",
            "price": "25.70",
            "revenue": 627115
        },
        "2004-01": {
            "month": "2004-01",
            "price": "26.89",
            "revenue": 836821
        },
        "2004-02": {
            "month": "2004-02",
            "price": "28.38",
            "revenue": 1077107
        },
        "2004-03": {
            "month": "2004-03",
            "price": "30.72",
            "revenue": 1205283
        },
        "2004-04": {
            "month": "2004-04",
            "price": "31.69",
            "revenue": 1184824
        },
        "2004-05": {
            "month": "2004-05",
            "price": "27.72",
            "revenue": 1014815
        },
        "2004-06": {
            "month": "2004-06",
            "price": "27.82",
            "revenue": 853655
        },
        "2004-07": {
            "month": "2004-07",
            "price": "26.82",
            "revenue": 872212
        },
        "2004-08": {
            "month": "2004-08",
            "price": "24.08",
            "revenue": 618899
        },
        "2004-09": {
            "month": "2004-09",
            "price": "27.48",
            "revenue": 1280155
        },
        "2004-10": {
            "month": "2004-10",
            "price": "27.70",
            "revenue": 909198
        },
        "2004-11": {
            "month": "2004-11",
            "price": "28.36",
            "revenue": 885453
        },
        "2004-12": {
            "month": "2004-12",
            "price": "29.17",
            "revenue": 1070796
        },
        "2005-01": {
            "month": "2005-01",
            "price": "28.83",
            "revenue": 979038
        },
        "2005-02": {
            "month": "2005-02",
            "price": "29.26",
            "revenue": 973246
        },
        "2005-03": {
            "month": "2005-03",
            "price": "29.30",
            "revenue": 1478784
        },
        "2005-04": {
            "month": "2005-04",
            "price": "27.47",
            "revenue": 708458
        },
        "2005-05": {
            "month": "2005-05",
            "price": "27.26",
            "revenue": 843977
        },
        "2005-06": {
            "month": "2005-06",
            "price": "27.00",
            "revenue": 983234
        },
        "2005-07": {
            "month": "2005-07",
            "price": "26.82",
            "revenue": 1106150
        },
        "2005-08": {
            "month": "2005-08",
            "price": "22.16",
            "revenue": 986263
        },
        "2005-09": {
            "month": "2005-09",
            "price": "19.69",
            "revenue": 626542
        },
        "2005-10": {
            "month": "2005-10",
            "price": "18.32",
            "revenue": 498075
        },
        "2005-11": {
            "month": "2005-11",
            "price": "17.45",
            "revenue": 1051838
        },
        "2005-12": {
            "month": "2005-12",
            "price": "17.84",
            "revenue": 1127976
        },
        "2006-01": {
            "month": "2006-01",
            "price": "17.92",
            "revenue": 1439598
        },
        "2006-02": {
            "month": "2006-02",
            "price": "20.33",
            "revenue": 1220230
        },
        "2006-03": {
            "month": "2006-03",
            "price": "18.11",
            "revenue": 1146151
        },
        "2006-04": {
            "month": "2006-04",
            "price": "19.14",
            "revenue": 260618
        },
        "2006-05": {
            "month": "2006-05",
            "price": "21.13",
            "revenue": 310584
        },
        "2006-06": {
            "month": "2006-06",
            "price": "20.09",
            "revenue": 367402
        },
        "2006-07": {
            "month": "2006-07",
            "price": "18.70",
            "revenue": 591601
        },
        "2006-08": {
            "month": "2006-08",
            "price": "16.86",
            "revenue": -240048
        },
        "2006-09": {
            "month": "2006-09",
            "price": "15.81",
            "revenue": 104022
        },
        "2006-10": {
            "month": "2006-10",
            "price": "17.36",
            "revenue": -8984187
        },
        "2006-11": {
            "month": "2006-11",
            "price": "16.59",
            "revenue": 556433
        },
        "2006-12": {
            "month": "2006-12",
            "price": "18.07",
            "revenue": -7823409
        },
        "2007-01": {
            "month": "2007-01",
            "price": "18.89",
            "revenue": 690914
        },
        "2007-02": {
            "month": "2007-02",
            "price": "18.47",
            "revenue": 680484
        },
        "2007-03": {
            "month": "2007-03",
            "price": "16.80",
            "revenue": 752236
        },
        "2007-04": {
            "month": "2007-04",
            "price": "16.77",
            "revenue": 428680
        },
        "2007-05": {
            "month": "2007-05",
            "price": "16.57",
            "revenue": 982148
        },
        "2007-06": {
            "month": "2007-06",
            "price": "17.04",
            "revenue": 869001
        },
        "2007-07": {
            "month": "2007-07",
            "price": "18.52",
            "revenue": 980318
        },
        "2007-08": {
            "month": "2007-08",
            "price": "16.57",
            "revenue": 628519
        },
        "2007-09": {
            "month": "2007-09",
            "price": "16.31",
            "revenue": 700325
        },
        "2007-10": {
            "month": "2007-10",
            "price": "16.36",
            "revenue": 456953
        },
        "2007-11": {
            "month": "2007-11",
            "price": "14.23",
            "revenue": -387724
        },
        "2007-12": {
            "month": "2007-12",
            "price": "13.09",
            "revenue": -876996
        },
        "2008-01": {
            "month": "2008-01",
            "price": "13.25",
            "revenue": 116781
        },
        "2008-02": {
            "month": "2008-02",
            "price": "13.41",
            "revenue": 214851
        },
        "2008-03": {
            "month": "2008-03",
            "price": "14.35",
            "revenue": 286509
        },
        "2008-04": {
            "month": "2008-04",
            "price": "15.52",
            "revenue": 606912
        },
        "2008-05": {
            "month": "2008-05",
            "price": "15.20",
            "revenue": 393745
        },
        "2008-06": {
            "month": "2008-06",
            "price": "14.13",
            "revenue": -212161
        },
        "2008-07": {
            "month": "2008-07",
            "price": "11.59",
            "revenue": 161675
        },
        "2008-08": {
            "month": "2008-08",
            "price": "10.46",
            "revenue": 175257
        },
        "2008-09": {
            "month": "2008-09",
            "price": "8.03",
            "revenue": -583692
        },
        "2008-10": {
            "month": "2008-10",
            "price": "5.01",
            "revenue": -967389
        },
        "2008-11": {
            "month": "2008-11",
            "price": "4.81",
            "revenue": -53883
        },
        "2008-12": {
            "month": "2008-12",
            "price": "5.71",
            "revenue": -4293006
        },
        "2009-01": {
            "month": "2009-01",
            "price": "5.35",
            "revenue": 279160
        },
        "2009-02": {
            "month": "2009-02",
            "price": "5.04",
            "revenue": 457419
        },
        "2009-03": {
            "month": "2009-03",
            "price": "4.99",
            "revenue": 344091
        },
        "2009-04": {
            "month": "2009-04",
            "price": "7.09",
            "revenue": 455894
        },
        "2009-05": {
            "month": "2009-05",
            "price": "9.67",
            "revenue": 591570
        },
        "2009-06": {
            "month": "2009-06",
            "price": "11.36",
            "revenue": 534469
        },
        "2009-07": {
            "month": "2009-07",
            "price": "13.09",
            "revenue": 791123
        },
        "2009-08": {
            "month": "2009-08",
            "price": "11.45",
            "revenue": -2934753
        },
        "2009-09": {
            "month": "2009-09",
            "price": "12.84",
            "revenue": 950933
        },
        "2009-10": {
            "month": "2009-10",
            "price": "13.84",
            "revenue": 1425650
        },
        "2009-11": {
            "month": "2009-11",
            "price": "12.79",
            "revenue": 749858
        },
        "2009-12": {
            "month": "2009-12",
            "price": "12.26",
            "revenue": 6968139
        },
        "2010-01": {
            "month": "2010-01",
            "price": "12.97",
            "revenue": 778696
        },
        "2010-02": {
            "month": "2010-02",
            "price": "11.20",
            "revenue": 553008
        },
        "2010-03": {
            "month": "2010-03",
            "price": "11.99",
            "revenue": 1064097
        },
        "2010-04": {
            "month": "2010-04",
            "price": "12.73",
            "revenue": 1032750
        },
        "2010-05": {
            "month": "2010-05",
            "price": "11.85",
            "revenue": 654758
        },
        "2010-06": {
            "month": "2010-06",
            "price": "11.94",
            "revenue": 321801
        },
        "2010-07": {
            "month": "2010-07",
            "price": "13.86",
            "revenue": 1014140
        },
        "2010-08": {
            "month": "2010-08",
            "price": "14.13",
            "revenue": 912298
        },
        "2010-09": {
            "month": "2010-09",
            "price": "13.76",
            "revenue": 958465
        },
        "2010-10": {
            "month": "2010-10",
            "price": "13.79",
            "revenue": 804571
        },
        "2010-11": {
            "month": "2010-11",
            "price": "13.59",
            "revenue": 914058
        },
        "2010-12": {
            "month": "2010-12",
            "price": "15.40",
            "revenue": 1058476
        },
        "2011-01": {
            "month": "2011-01",
            "price": "16.80",
            "revenue": 1015612
        },
        "2011-02": {
            "month": "2011-02",
            "price": "15.67",
            "revenue": 573399
        },
        "2011-03": {
            "month": "2011-03",
            "price": "16.01",
            "revenue": 1175557
        },
        "2011-04": {
            "month": "2011-04",
            "price": "16.49",
            "revenue": 733202
        },
        "2011-05": {
            "month": "2011-05",
            "price": "16.86",
            "revenue": 1032034
        },
        "2011-06": {
            "month": "2011-06",
            "price": "16.93",
            "revenue": 1101428
        },
        "2011-07": {
            "month": "2011-07",
            "price": "17.09",
            "revenue": 856807
        },
        "2011-08": {
            "month": "2011-08",
            "price": "13.65",
            "revenue": 593984
        },
        "2011-09": {
            "month": "2011-09",
            "price": "12.26",
            "revenue": 539364
        },
        "2011-10": {
            "month": "2011-10",
            "price": "12.07",
            "revenue": 888776
        },
        "2011-11": {
            "month": "2011-11",
            "price": "11.85",
            "revenue": 710404
        },
        "2011-12": {
            "month": "2011-12",
            "price": "10.56",
            "revenue": 599418
        },
        "2012-01": {
            "month": "2012-01",
            "price": "10.30",
            "revenue": 1019310
        },
        "2012-02": {
            "month": "2012-02",
            "price": "11.96",
            "revenue": 1127512
        },
        "2012-03": {
            "month": "2012-03",
            "price": "12.00",
            "revenue": 1070537
        },
        "2012-04": {
            "month": "2012-04",
            "price": "11.25",
            "revenue": 723365
        },
        "2012-05": {
            "month": "2012-05",
            "price": "11.22",
            "revenue": 1068145
        },
        "2012-06": {
            "month": "2012-06",
            "price": "11.14",
            "revenue": 1164698
        },
        "2012-07": {
            "month": "2012-07",
            "price": "11.58",
            "revenue": 1105816
        },
        "2012-08": {
            "month": "2012-08",
            "price": "11.33",
            "revenue": 1175795
        },
        "2012-09": {
            "month": "2012-09",
            "price": "11.39",
            "revenue": 1009514
        },
        "2012-10": {
            "month": "2012-10",
            "price": "10.84",
            "revenue": 958642
        },
        "2012-11": {
            "month": "2012-11",
            "price": "10.60",
            "revenue": 549305
        },
        "2012-12": {
            "month": "2012-12",
            "price": "11.35",
            "revenue": 346515
        },
        "2013-01": {
            "month": "2013-01",
            "price": "11.62",
            "revenue": 4650547
        },
        "2013-02": {
            "month": "2013-02",
            "price": "12.13",
            "revenue": 3931112
        },
        "2013-03": {
            "month": "2013-03",
            "price": "12.30",
            "revenue": 5196706
        },
        "2013-04": {
            "month": "2013-04",
            "price": "12.56",
            "revenue": 4959884
        },
        "2013-05": {
            "month": "2013-05",
            "price": "13.26",
            "revenue": 5117146
        },
        "2013-06": {
            "month": "2013-06",
            "price": "13.00",
            "revenue": 4788883
        },
        "2013-07": {
            "month": "2013-07",
            "price": "13.50",
            "revenue": 4852734
        },
        "2013-08": {
            "month": "2013-08",
            "price": "12.97",
            "revenue": 4514423
        },
        "2013-09": {
            "month": "2013-09",
            "price": "13.56",
            "revenue": 4469849
        },
        "2013-10": {
            "month": "2013-10",
            "price": "14.53",
            "revenue": 4577801
        },
        "2013-11": {
            "month": "2013-11",
            "price": "14.54",
            "revenue": 4230443
        },
        "2013-12": {
            "month": "2013-12",
            "price": "14.49",
            "revenue": 4532431
        },
        "2014-01": {
            "month": "2014-01",
            "price": "14.53",
            "revenue": 6108933
        },
        "2014-02": {
            "month": "2014-02",
            "price": "14.33",
            "revenue": 4525864
        },
        "2014-03": {
            "month": "2014-03",
            "price": "13.88",
            "revenue": 5073019
        },
        "2014-04": {
            "month": "2014-04",
            "price": "13.87",
            "revenue": 4768582
        },
        "2014-05": {
            "month": "2014-05",
            "price": "14.31",
            "revenue": 4792708
        },
        "2014-06": {
            "month": "2014-06",
            "price": "15.16",
            "revenue": 4892646
        },
        "2014-07": {
            "month": "2014-07",
            "price": "15.82",
            "revenue": 5997624
        },
        "2014-08": {
            "month": "2014-08",
            "price": "15.58",
            "revenue": 4896903
        },
        "2014-09": {
            "month": "2014-09",
            "price": "15.03",
            "revenue": 5172020
        },
        "2014-10": {
            "month": "2014-10",
            "price": "14.23",
            "revenue": 4687689
        },
        "2014-11": {
            "month": "2014-11",
            "price": "14.38",
            "revenue": 4683588
        },
        "2014-12": {
            "month": "2014-12",
            "price": "13.25",
            "revenue": -11048227
        },
        "2015-01": {
            "month": "2015-01",
            "price": "12.86",
            "revenue": 3401181
        },
        "2015-02": {
            "month": "2015-02",
            "price": "13.29",
            "revenue": 2925918
        },
        "2015-03": {
            "month": "2015-03",
            "price": "13.21",
            "revenue": 3628680
        },
        "2015-04": {
            "month": "2015-04",
            "price": "13.62",
            "revenue": 3125494
        },
        "2015-05": {
            "month": "2015-05",
            "price": "13.48",
            "revenue": 3194578
        },
        "2015-06": {
            "month": "2015-06",
            "price": "12.90",
            "revenue": 3233601
        },
        "2015-07": {
            "month": "2015-07",
            "price": "12.70",
            "revenue": 3295035
        },
        "2015-08": {
            "month": "2015-08",
            "price": "11.82",
            "revenue": 2702612
        },
        "2015-09": {
            "month": "2015-09",
            "price": "11.69",
            "revenue": 2991226
        },
        "2015-10": {
            "month": "2015-10",
            "price": "12.44",
            "revenue": 2977690
        },
        "2015-11": {
            "month": "2015-11",
            "price": "12.37",
            "revenue": 3033547
        },
        "2015-12": {
            "month": "2015-12",
            "price": "11.46",
            "revenue": 2960020
        },
        "2016-01": {
            "month": "2016-01",
            "price": "10.49",
            "revenue": 3634985
        },
        "2016-02": {
            "month": "2016-02",
            "price": "10.80",
            "revenue": 2682429
        },
        "2016-03": {
            "month": "2016-03",
            "price": "11.43",
            "revenue": 3100259
        },
        "2016-04": {
            "month": "2016-04",
            "price": "11.68",
            "revenue": 2589103
        },
        "2016-05": {
            "month": "2016-05",
            "price": "11.88",
            "revenue": 3230971
        },
        "2016-06": {
            "month": "2016-06",
            "price": "12.34",
            "revenue": 3295248
        },
        "2016-07": {
            "month": "2016-07",
            "price": "12.72",
            "revenue": 3366647
        },
        "2016-08": {
            "month": "2016-08",
            "price": "12.83",
            "revenue": 3184709
        },
        "2016-09": {
            "month": "2016-09",
            "price": "11.81",
            "revenue": 2643755
        },
        "2016-10": {
            "month": "2016-10",
            "price": "11.51",
            "revenue": 2826798
        },
        "2016-11": {
            "month": "2016-11",
            "price": "11.48",
            "revenue": 2869616
        },
        "2016-12": {
            "month": "2016-12",
            "price": "11.79",
            "revenue": 2780036
        },
        "2017-01": {
            "month": "2017-01",
            "price": "11.86",
            "revenue": 2911168
        },
        "2017-02": {
            "month": "2017-02",
            "price": "12.09",
            "revenue": 2722944
        },
        "2017-03": {
            "month": "2017-03",
            "price": "12.25",
            "revenue": 3170643
        },
        "2017-04": {
            "month": "2017-04",
            "price": "12.43",
            "revenue": 2825045
        },
        "2017-05": {
            "month": "2017-05",
            "price": "12.93",
            "revenue": 3142682
        },
        "2017-06": {
            "month": "2017-06",
            "price": "13.70",
            "revenue": 3311791
        },
        "2017-07": {
            "month": "2017-07",
            "price": "14.10",
            "revenue": 3587190
        },
        "2017-08": {
            "month": "2017-08",
            "price": "13.68",
            "revenue": 3365222
        },
        "2017-09": {
            "month": "2017-09",
            "price": "13.21",
            "revenue": 3253186
        },
        "2017-10": {
            "month": "2017-10",
            "price": "13.29",
            "revenue": 3223693
        },
        "2017-11": {
            "month": "2017-11",
            "price": "13.39",
            "revenue": 3215575
        },
        "2017-12": {
            "month": "2017-12",
            "price": "13.68",
            "revenue": 3137425
        },
        "2018-01": {
            "month": "2018-01",
            "price": "14.55",
            "revenue": 3878154
        },
        "2018-02": {
            "month": "2018-02",
            "price": "13.99",
            "revenue": 2855979
        },
        "2018-03": {
            "month": "2018-03",
            "price": "14.25",
            "revenue": 3376107
        },
        "2018-04": {
            "month": "2018-04",
            "price": "14.26",
            "revenue": 3333455
        },
        "2018-05": {
            "month": "2018-05",
            "price": "14.64",
            "revenue": 3689195
        },
        "2018-06": {
            "month": "2018-06",
            "price": "14.64",
            "revenue": 3451032
        },
        "2018-07": {
            "month": "2018-07",
            "price": "14.58",
            "revenue": 3694248
        },
        "2018-08": {
            "month": "2018-08",
            "price": "14.80",
            "revenue": 3658571
        },
        "2018-09": {
            "month": "2018-09",
            "price": "14.43",
            "revenue": 2983153
        },
        "2018-10": {
            "month": "2018-10",
            "price": "14.02",
            "revenue": 2942568
        },
        "2018-11": {
            "month": "2018-11",
            "price": "13.74",
            "revenue": 3116821
        },
        "2018-12": {
            "month": "2018-12",
            "price": "13.32",
            "revenue": 2822395
        },
        "2019-01": {
            "month": "2019-01",
            "price": "13.34",
            "revenue": 4296339
        },
        "2019-02": {
            "month": "2019-02",
            "price": "13.81",
            "revenue": 3107058
        },
        "2019-03": {
            "month": "2019-03",
            "price": "13.90",
            "revenue": 3672876
        },
        "2019-04": {
            "month": "2019-04",
            "price": "14.14",
            "revenue": 3517536
        },
        "2019-05": {
            "month": "2019-05",
            "price": "13.91",
            "revenue": 3572007
        },
        "2019-06": {
            "month": "2019-06",
            "price": "14.23",
            "revenue": 3707208
        },
        "2019-07": {
            "month": "2019-07",
            "price": "14.53",
            "revenue": 4079738
        },
        "2019-08": {
            "month": "2019-08",
            "price": "13.79",
            "revenue": 3667468
        },
        "2019-09": {
            "month": "2019-09",
            "price": "13.85",
            "revenue": 3407359
        },
        "2019-10": {
            "month": "2019-10",
            "price": "13.94",
            "revenue": 3696258
        },
        "2019-11": {
            "month": "2019-11",
            "price": "14.36",
            "revenue": 3467081
        },
        "2019-12": {
            "month": "2019-12",
            "price": "14.44",
            "revenue": 3509096
        },
        "2020-01": {
            "month": "2020-01",
            "price": "14.45",
            "revenue": 4017351
        },
        "2020-02": {
            "month": "2020-02",
            "price": "14.42",
            "revenue": 3562607
        },
        "2020-03": {
            "month": "2020-03",
            "price": "12.56",
            "revenue": 2393636
        },
        "2020-04": {
            "month": "2020-04",
            "price": "12.03",
            "revenue": 3971006
        },
        "2020-05": {
            "month": "2020-05",
            "price": "12.50",
            "revenue": 3726091
        },
        "2020-06": {
            "month": "2020-06",
            "price": "13.42",
            "revenue": 4022070
        },
        "2020-07": {
            "month": "2020-07",
            "price": "13.50",
            "revenue": 4135030
        },
        "2020-08": {
            "month": "2020-08",
            "price": "13.33",
            "revenue": 3877158
        },
        "2020-09": {
            "month": "2020-09",
            "price": "12.94",
            "revenue": 3951064
        },
        "2020-10": {
            "month": "2020-10",
            "price": "12.82",
            "revenue": 3444225
        },
        "2020-11": {
            "month": "2020-11",
            "price": "13.19",
            "revenue": 3480128
        },
        "2020-12": {
            "month": "2020-12",
            "price": "13.11",
            "revenue": 3415961
        },
        "2021-01": {
            "month": "2021-01",
            "price": "13.00",
            "revenue": 4155560
        },
        "2021-02": {
            "month": "2021-02",
            "price": "12.85",
            "revenue": 3671725
        },
        "2021-03": {
            "month": "2021-03",
            "price": "13.21",
            "revenue": 4208164
        },
        "2021-04": {
            "month": "2021-04",
            "price": "13.72",
            "revenue": 4090025
        },
        "2021-05": {
            "month": "2021-05",
            "price": "14.53",
            "revenue": 3305515
        },
        "2021-06": {
            "month": "2021-06",
            "price": "15.10",
            "revenue": 8641213
        },
        "2021-07": {
            "month": "2021-07",
            "price": "16.37",
            "revenue": 6315799
        },
        "2021-08": {
            "month": "2021-08",
            "price": "17.39",
            "revenue": 7024343
        },
        "2021-09": {
            "month": "2021-09",
            "price": "18.34",
            "revenue": 5935607
        },
        "2021-10": {
            "month": "2021-10",
            "price": "18.21",
            "revenue": 5148350
        },
        "2021-11": {
            "month": "2021-11",
            "price": "18.51",
            "revenue": 5977289
        },
        "2021-12": {
            "month": "2021-12",
            "price": "18.76",
            "revenue": 5397317
        },
        "2022-01": {
            "month": "2022-01",
            "price": "19.72",
            "revenue": 5989244
        },
        "2022-02": {
            "month": "2022-02",
            "price": "20.10",
            "revenue": 5138425
        },
        "2022-03": {
            "month": "2022-03",
            "price": "19.47",
            "revenue": 5568364
        },
        "2022-04": {
            "month": "2022-04",
            "price": "19.93",
            "revenue": 4611914
        },
        "2022-05": {
            "month": "2022-05",
            "price": "17.51",
            "revenue": 4410437
        },
        "2022-06": {
            "month": "2022-06",
            "price": "17.06",
            "revenue": 5327828
        },
        "2022-07": {
            "month": "2022-07",
            "price": "15.52",
            "revenue": 4579492
        },
        "2022-08": {
            "month": "2022-08",
            "price": "16.29",
            "revenue": 6276645
        },
        "2022-09": {
            "month": "2022-09",
            "price": "14.62",
            "revenue": 5536071
        },
        "2022-10": {
            "month": "2022-10",
            "price": "13.24",
            "revenue": 7799491
        },
        "2022-11": {
            "month": "2022-11",
            "price": "14.35",
            "revenue": 6331683
        },
        "2022-12": {
            "month": "2022-12",
            "price": "15.03",
            "revenue": 4920669
        },
        "2023-01": {
            "month": "2023-01",
            "price": "15.68",
            "revenue": 6567047
        },
        "2023-02": {
            "month": "2023-02",
            "price": "16.32",
            "revenue": 6316041
        },
        "2023-03": {
            "month": "2023-03",
            "price": "16.26",
            "revenue": 6429258
        },
        "2023-04": {
            "month": "2023-04",
            "price": "17.05",
            "revenue": 5147500
        },
        "2023-05": {
            "month": "2023-05",
            "price": "18.18",
            "revenue": 6045261
        },
        "2023-06": {
            "month": "2023-06",
            "price": "18.91",
            "revenue": 6326381
        },
        "2023-07": {
            "month": "2023-07",
            "price": "18.84",
            "revenue": 6647316
        },
        "2023-08": {
            "month": "2023-08",
            "price": "17.98",
            "revenue": 6399281
        },
        "2023-09": {
            "month": "2023-09",
            "price": "17.92",
            "revenue": 3414502
        },
        "2023-10": {
            "month": "2023-10",
            "price": "17.69",
            "revenue": 5254459
        },
        "2023-11": {
            "month": "2023-11",
            "price": "17.92",
            "revenue": 6179034
        },
        "2023-12": {
            "month": "2023-12",
            "price": "17.92",
            "revenue": 5314644
        },
        "2024-01": {
            "month": "2024-01",
            "price": "17.46",
            "revenue": 8262876
        },
        "2024-02": {
            "month": "2024-02",
            "price": "17.28",
            "revenue": 6731260
        }
    }
}
