{
    "summary": {
        "stock_name": "新光金",
        "stock_id": "2888",
        "category": "金融",
        "main_business": "H801011金融控股公司業",
        "website_url": "https://www.skfh.com.tw",
        "ceo": "陳恩光",
        "pe_ratio": -15,
        "report_year_from": 2002,
        "report_year_to": 2023,
        "age": 22,
        "eps_negative_percentage": 7,
        "eps_growth_avg": {
            "last_all": 4.09,
            "last_2y": -44.29,
            "last_4y": -25.23,
            "last_8y": -9.97,
            "last_12y": 4.09,
            "last_16y": null,
            "last_20y": null,
            "at_2006_last_3y": null,
            "at_2007_last_3y": null,
            "at_2008_last_3y": null,
            "at_2009_last_3y": null,
            "at_2010_last_3y": null,
            "at_2011_last_3y": null,
            "at_2012_last_3y": null,
            "at_2013_last_3y": null,
            "at_2014_last_3y": 35.71,
            "at_2015_last_3y": 5.78,
            "at_2016_last_3y": -25.89,
            "at_2017_last_3y": -0.46,
            "at_2018_last_3y": 9.11,
            "at_2019_last_3y": 21.42,
            "at_2020_last_3y": 26.68,
            "at_2021_last_3y": 16.68,
            "at_2022_last_3y": -6.53,
            "at_2023_last_3y": -38.91,
            "at_2024_last_3y": -38.91,
            "at_2006_last_all": null,
            "at_2007_last_all": null,
            "at_2008_last_all": null,
            "at_2009_last_all": null,
            "at_2010_last_all": null,
            "at_2011_last_all": null,
            "at_2012_last_all": 91.41,
            "at_2013_last_all": 60.37,
            "at_2014_last_all": 35.71,
            "at_2015_last_all": 24.62,
            "at_2016_last_all": 13.21,
            "at_2017_last_all": 25.61,
            "at_2018_last_all": 22.41,
            "at_2019_last_all": 23.2,
            "at_2020_last_all": 18.6,
            "at_2021_last_all": 22.36,
            "at_2022_last_all": 12.76,
            "at_2023_last_all": 4.09,
            "at_2024_last_all": 4.09
        },
        "latest_eps": -0.58,
        "latest_price": 8.85,
        "latest_roe": -4.37,
        "latest_gross_margin": null,
        "latest_equity": 230745080,
        "latest_revenue": 13392001,
        "latest_gross_profit": null,
        "latest_net_income": 5638492,
        "latest_debt_ratio": 95.33,
        "latest_current_ratio": null,
        "latest_account_receivable_turnover_ratio": null,
        "latest_inventory_turnover_ratio": null,
        "latest_reinvestment_rate": 31.3,
        "latest_research_to_sale_ratio": null
    },
    "eps_dividends": {
        "2001": {
            "cash": 0,
            "stock": 0,
            "eps": 0
        },
        "2002": {
            "cash": 0,
            "stock": 0,
            "eps": 0
        },
        "2003": {
            "cash": 0,
            "stock": 0,
            "eps": 0
        },
        "2004": {
            "cash": 0.31,
            "stock": 0.72,
            "eps": 0
        },
        "2005": {
            "cash": 0.65,
            "stock": 0.65,
            "eps": 0
        },
        "2006": {
            "cash": 0.63,
            "stock": 0.63,
            "eps": 0
        },
        "2007": {
            "cash": 0.97,
            "stock": 0.29,
            "eps": 0
        },
        "2008": {
            "cash": 0.5,
            "stock": 0.5,
            "eps": 0
        },
        "2009": {
            "cash": 0,
            "stock": 0,
            "eps": 0
        },
        "2010": {
            "cash": 0,
            "stock": 0,
            "eps": 0.32
        },
        "2011": {
            "cash": 0,
            "stock": 0,
            "eps": 0.64
        },
        "2012": {
            "cash": 0,
            "stock": 0,
            "eps": 1.17
        },
        "2013": {
            "cash": 0.03,
            "stock": 0.26,
            "eps": 1.15
        },
        "2014": {
            "cash": 0.06,
            "stock": 0.54,
            "eps": 0.71
        },
        "2015": {
            "cash": 0.1,
            "stock": 0.41,
            "eps": 0.57
        },
        "2016": {
            "cash": 0,
            "stock": 0,
            "eps": 0.32
        },
        "2017": {
            "cash": 0.2,
            "stock": 0,
            "eps": 1.05
        },
        "2018": {
            "cash": 0.35,
            "stock": 0.15,
            "eps": 1.05
        },
        "2019": {
            "cash": 0.2,
            "stock": 0,
            "eps": 1.36
        },
        "2020": {
            "cash": 0.4,
            "stock": 0,
            "eps": 1.05
        },
        "2021": {
            "cash": 0.4,
            "stock": 0,
            "eps": 1.68
        },
        "2022": {
            "cash": 0.43,
            "stock": 0,
            "eps": 0.12
        },
        "2023": {
            "cash": 0,
            "stock": 0,
            "eps": -0.05
        }
    },
    "dividends": {
        "2004-06-11": {
            "cash": 0.31,
            "stock": 0.72
        },
        "2005-03-22": {
            "cash": 0.65,
            "stock": 0.65
        },
        "2006-04-11": {
            "cash": 0.63,
            "stock": 0.63
        },
        "2007-04-13": {
            "cash": 0.97,
            "stock": 0.29
        },
        "2008-03-14": {
            "cash": 0.5,
            "stock": 0.5
        },
        "2013-04-26": {
            "cash": 0.03,
            "stock": 0.26
        },
        "2014-10-28": {
            "cash": 0.06,
            "stock": 0.54
        },
        "2015-09-21": {
            "cash": 0.1,
            "stock": 0.41
        },
        "2017-08-18": {
            "cash": 0.2,
            "stock": 0
        },
        "2018-10-22": {
            "cash": 0.35,
            "stock": 0.15
        },
        "2019-08-16": {
            "cash": 0.2,
            "stock": 0
        },
        "2020-08-24": {
            "cash": 0.4,
            "stock": 0
        },
        "2021-08-17": {
            "cash": 0.4,
            "stock": 0
        },
        "2022-07-20": {
            "cash": 0.43,
            "stock": 0
        }
    },
    "prices": {
        "200101": "無",
        "200102": "無",
        "200103": "無",
        "200104": "無",
        "200105": "無",
        "200106": "無",
        "200107": "無",
        "200108": "無",
        "200109": "無",
        "200110": "無",
        "200111": "無",
        "200112": "無",
        "200201": "無",
        "200202": "20.64",
        "200203": "20.21",
        "200204": "22.13",
        "200205": "20.67",
        "200206": "19.81",
        "200207": "13.62",
        "200208": "11.78",
        "200209": "9.30",
        "200210": "7.66",
        "200211": "8.26",
        "200212": "8.82",
        "200301": "10.68",
        "200302": "10.80",
        "200303": "9.29",
        "200304": "9.01",
        "200305": "8.44",
        "200306": "9.95",
        "200307": "13.25",
        "200308": "14.91",
        "200309": "16.74",
        "200310": "19.57",
        "200311": "21.48",
        "200312": "21.97",
        "200401": "24.74",
        "200402": "29.08",
        "200403": "29.41",
        "200404": "31.08",
        "200405": "28.33",
        "200406": "28.48",
        "200407": "25.04",
        "200408": "22.96",
        "200409": "27.21",
        "200410": "29.54",
        "200411": "29.73",
        "200412": "29.59",
        "200501": "30.31",
        "200502": "31.35",
        "200503": "32.56",
        "200504": "30.40",
        "200505": "30.72",
        "200506": "31.77",
        "200507": "32.18",
        "200508": "31.14",
        "200509": "28.23",
        "200510": "25.82",
        "200511": "25.08",
        "200512": "25.34",
        "200601": "25.91",
        "200602": "28.04",
        "200603": "26.64",
        "200604": "28.61",
        "200605": "34.41",
        "200606": "33.48",
        "200607": "34.36",
        "200608": "30.30",
        "200609": "29.48",
        "200610": "30.01",
        "200611": "30.38",
        "200612": "33.66",
        "200701": "33.33",
        "200702": "32.82",
        "200703": "30.03",
        "200704": "30.85",
        "200705": "33.37",
        "200706": "36.12",
        "200707": "40.41",
        "200708": "33.32",
        "200709": "30.19",
        "200710": "30.42",
        "200711": "26.34",
        "200712": "23.92",
        "200801": "22.25",
        "200802": "22.74",
        "200803": "22.36",
        "200804": "26.07",
        "200805": "27.23",
        "200806": "24.01",
        "200807": "18.50",
        "200808": "17.61",
        "200809": "13.96",
        "200810": "8.22",
        "200811": "8.23",
        "200812": "8.78",
        "200901": "8.33",
        "200902": "7.76",
        "200903": "8.00",
        "200904": "10.90",
        "200905": "14.15",
        "200906": "13.87",
        "200907": "13.71",
        "200908": "11.46",
        "200909": "12.31",
        "200910": "14.09",
        "200911": "13.76",
        "200912": "12.88",
        "201001": "13.26",
        "201002": "11.51",
        "201003": "12.05",
        "201004": "12.63",
        "201005": "11.52",
        "201006": "11.03",
        "201007": "11.57",
        "201008": "11.58",
        "201009": "11.03",
        "201010": "11.47",
        "201011": "11.27",
        "201012": "12.35",
        "201101": "14.49",
        "201102": "12.94",
        "201103": "12.30",
        "201104": "12.36",
        "201105": "12.25",
        "201106": "12.18",
        "201107": "12.67",
        "201108": "10.79",
        "201109": "9.32",
        "201110": "9.03",
        "201111": "8.67",
        "201112": "8.29",
        "201201": "8.57",
        "201202": "9.72",
        "201203": "9.82",
        "201204": "8.80",
        "201205": "8.34",
        "201206": "8.35",
        "201207": "8.89",
        "201208": "8.70",
        "201209": "8.19",
        "201210": "7.93",
        "201211": "7.71",
        "201212": "8.16",
        "201301": "8.19",
        "201302": "8.85",
        "201303": "9.31",
        "201304": "9.19",
        "201305": "10.05",
        "201306": "10.02",
        "201307": "10.14",
        "201308": "9.97",
        "201309": "10.05",
        "201310": "10.32",
        "201311": "10.08",
        "201312": "10.21",
        "201401": "10.40",
        "201402": "10.05",
        "201403": "9.64",
        "201404": "9.49",
        "201405": "9.23",
        "201406": "9.24",
        "201407": "9.63",
        "201408": "9.69",
        "201409": "9.80",
        "201410": "9.03",
        "201411": "9.18",
        "201412": "9.03",
        "201501": "8.89",
        "201502": "8.87",
        "201503": "8.94",
        "201504": "9.38",
        "201505": "9.89",
        "201506": "9.57",
        "201507": "9.32",
        "201508": "8.31",
        "201509": "7.90",
        "201510": "7.99",
        "201511": "7.47",
        "201512": "6.97",
        "201601": "6.30",
        "201602": "6.23",
        "201603": "6.62",
        "201604": "6.38",
        "201605": "6.35",
        "201606": "6.55",
        "201607": "6.50",
        "201608": "6.68",
        "201609": "6.91",
        "201610": "6.87",
        "201611": "7.14",
        "201612": "8.03",
        "201701": "7.97",
        "201702": "8.36",
        "201703": "8.55",
        "201704": "8.25",
        "201705": "7.96",
        "201706": "7.84",
        "201707": "8.20",
        "201708": "8.41",
        "201709": "9.32",
        "201710": "9.35",
        "201711": "9.88",
        "201712": "10.43",
        "201801": "10.70",
        "201802": "10.95",
        "201803": "11.89",
        "201804": "11.93",
        "201805": "12.13",
        "201806": "11.96",
        "201807": "11.42",
        "201808": "11.71",
        "201809": "12.00",
        "201810": "10.66",
        "201811": "10.27",
        "201812": "9.53",
        "201901": "8.61",
        "201902": "9.02",
        "201903": "9.07",
        "201904": "8.75",
        "201905": "8.57",
        "201906": "9.02",
        "201907": "9.27",
        "201908": "8.89",
        "201909": "9.60",
        "201910": "9.62",
        "201911": "10.11",
        "201912": "10.35",
        "202001": "10.20",
        "202002": "9.79",
        "202003": "8.19",
        "202004": "8.21",
        "202005": "8.23",
        "202006": "8.64",
        "202007": "8.65",
        "202008": "8.37",
        "202009": "8.30",
        "202010": "8.10",
        "202011": "8.46",
        "202012": "8.54",
        "202101": "8.48",
        "202102": "8.25",
        "202103": "8.72",
        "202104": "9.65",
        "202105": "9.58",
        "202106": "9.68",
        "202107": "9.66",
        "202108": "9.17",
        "202109": "9.39",
        "202110": "9.58",
        "202111": "10.43",
        "202112": "10.66",
        "202201": "11.24",
        "202202": "11.44",
        "202203": "10.47",
        "202204": "10.47",
        "202205": "9.11",
        "202206": "9.21",
        "202207": "8.46",
        "202208": "8.83",
        "202209": "8.51",
        "202210": "8.05",
        "202211": "8.48",
        "202212": "8.76",
        "202301": "8.90",
        "202302": "8.77",
        "202303": "8.41",
        "202304": "8.47",
        "202305": "8.49",
        "202306": "8.99",
        "202307": "9.09",
        "202308": "9.50",
        "202309": "9.42",
        "202310": "8.95",
        "202311": "8.98",
        "202312": "8.79"
    },
    "quarters": {
        "20011": {
            "year_quarter": 20011,
            "year": 2001,
            "quarter": 1,
            "eps": null,
            "eps_growth_year": null,
            "eps_4q": null,
            "eps_4q_growth_year": null,
            "roe": null,
            "roe_4q": 0,
            "gross_profit": null,
            "gross_margin": null,
            "gross_margin_4q_avg": 0,
            "net_income": null,
            "net_income_4q": null,
            "revenue": null,
            "revenue_4q": null,
            "common_shares": null,
            "book_valuer_per_share": null,
            "book_valuer_per_share_4q_avg": 0,
            "equity": null,
            "current_ratio": null,
            "debt_ratio": null,
            "inventory_turnover_ratio": null,
            "account_receivable_turnover_ratio": null,
            "reinvestment_rate": null,
            "research_to_sale_ratio": null,
            "price_fair": 0,
            "eps_avg_yearly": 0,
            "eps_latest_yearly": 0,
            "eps_growth_yearly": 0
        },
        "20012": {
            "year_quarter": 20012,
            "year": 2001,
            "quarter": 2,
            "eps": null,
            "eps_growth_year": null,
            "eps_4q": null,
            "eps_4q_growth_year": null,
            "roe": null,
            "roe_4q": 0,
            "gross_profit": null,
            "gross_margin": null,
            "gross_margin_4q_avg": 0,
            "net_income": null,
            "net_income_4q": null,
            "revenue": null,
            "revenue_4q": null,
            "common_shares": null,
            "book_valuer_per_share": null,
            "book_valuer_per_share_4q_avg": 0,
            "equity": null,
            "current_ratio": null,
            "debt_ratio": null,
            "inventory_turnover_ratio": null,
            "account_receivable_turnover_ratio": null,
            "reinvestment_rate": null,
            "research_to_sale_ratio": null,
            "price_fair": 0,
            "eps_avg_yearly": 0,
            "eps_latest_yearly": 0,
            "eps_growth_yearly": 0
        },
        "20013": {
            "year_quarter": 20013,
            "year": 2001,
            "quarter": 3,
            "eps": null,
            "eps_growth_year": null,
            "eps_4q": null,
            "eps_4q_growth_year": null,
            "roe": null,
            "roe_4q": 0,
            "gross_profit": null,
            "gross_margin": null,
            "gross_margin_4q_avg": 0,
            "net_income": null,
            "net_income_4q": null,
            "revenue": null,
            "revenue_4q": null,
            "common_shares": null,
            "book_valuer_per_share": null,
            "book_valuer_per_share_4q_avg": 0,
            "equity": null,
            "current_ratio": null,
            "debt_ratio": null,
            "inventory_turnover_ratio": null,
            "account_receivable_turnover_ratio": null,
            "reinvestment_rate": null,
            "research_to_sale_ratio": null,
            "price_fair": 0,
            "eps_avg_yearly": 0,
            "eps_latest_yearly": 0,
            "eps_growth_yearly": 0
        },
        "20014": {
            "year_quarter": 20014,
            "year": 2001,
            "quarter": 4,
            "eps": null,
            "eps_growth_year": null,
            "eps_4q": null,
            "eps_4q_growth_year": null,
            "roe": null,
            "roe_4q": 0,
            "gross_profit": null,
            "gross_margin": null,
            "gross_margin_4q_avg": 0,
            "net_income": null,
            "net_income_4q": null,
            "revenue": null,
            "revenue_4q": null,
            "common_shares": null,
            "book_valuer_per_share": null,
            "book_valuer_per_share_4q_avg": 0,
            "equity": null,
            "current_ratio": null,
            "debt_ratio": null,
            "inventory_turnover_ratio": null,
            "account_receivable_turnover_ratio": null,
            "reinvestment_rate": null,
            "research_to_sale_ratio": null,
            "price_fair": 0,
            "eps_avg_yearly": 0,
            "eps_latest_yearly": 0,
            "eps_growth_yearly": 0
        },
        "20021": {
            "year_quarter": 20021,
            "year": 2002,
            "quarter": 1,
            "eps": null,
            "eps_growth_year": null,
            "eps_4q": null,
            "eps_4q_growth_year": null,
            "roe": null,
            "roe_4q": 0,
            "gross_profit": null,
            "gross_margin": null,
            "gross_margin_4q_avg": 0,
            "net_income": null,
            "net_income_4q": null,
            "revenue": null,
            "revenue_4q": null,
            "common_shares": null,
            "book_valuer_per_share": null,
            "book_valuer_per_share_4q_avg": 0,
            "equity": null,
            "current_ratio": null,
            "debt_ratio": null,
            "inventory_turnover_ratio": null,
            "account_receivable_turnover_ratio": null,
            "reinvestment_rate": null,
            "research_to_sale_ratio": null,
            "price_fair": 0,
            "eps_avg_yearly": 0,
            "eps_latest_yearly": 0,
            "eps_growth_yearly": 0
        },
        "20022": {
            "year_quarter": 20022,
            "year": 2002,
            "quarter": 2,
            "eps": null,
            "eps_growth_year": null,
            "eps_4q": null,
            "eps_4q_growth_year": null,
            "roe": null,
            "roe_4q": 0,
            "gross_profit": null,
            "gross_margin": null,
            "gross_margin_4q_avg": 0,
            "net_income": null,
            "net_income_4q": null,
            "revenue": null,
            "revenue_4q": null,
            "common_shares": null,
            "book_valuer_per_share": null,
            "book_valuer_per_share_4q_avg": 0,
            "equity": null,
            "current_ratio": null,
            "debt_ratio": null,
            "inventory_turnover_ratio": null,
            "account_receivable_turnover_ratio": null,
            "reinvestment_rate": null,
            "research_to_sale_ratio": null,
            "price_fair": 0,
            "eps_avg_yearly": 0,
            "eps_latest_yearly": 0,
            "eps_growth_yearly": 0
        },
        "20023": {
            "year_quarter": 20023,
            "year": 2002,
            "quarter": 3,
            "eps": null,
            "eps_growth_year": null,
            "eps_4q": null,
            "eps_4q_growth_year": null,
            "roe": null,
            "roe_4q": 0,
            "gross_profit": null,
            "gross_margin": null,
            "gross_margin_4q_avg": 0,
            "net_income": null,
            "net_income_4q": null,
            "revenue": null,
            "revenue_4q": null,
            "common_shares": null,
            "book_valuer_per_share": null,
            "book_valuer_per_share_4q_avg": 0,
            "equity": null,
            "current_ratio": null,
            "debt_ratio": null,
            "inventory_turnover_ratio": null,
            "account_receivable_turnover_ratio": null,
            "reinvestment_rate": null,
            "research_to_sale_ratio": null,
            "price_fair": 0,
            "eps_avg_yearly": 0,
            "eps_latest_yearly": 0,
            "eps_growth_yearly": 0
        },
        "20024": {
            "year_quarter": 20024,
            "year": 2002,
            "quarter": 4,
            "eps": null,
            "eps_growth_year": null,
            "eps_4q": null,
            "eps_4q_growth_year": null,
            "roe": null,
            "roe_4q": 0,
            "gross_profit": null,
            "gross_margin": null,
            "gross_margin_4q_avg": 0,
            "net_income": null,
            "net_income_4q": null,
            "revenue": null,
            "revenue_4q": null,
            "common_shares": null,
            "book_valuer_per_share": null,
            "book_valuer_per_share_4q_avg": 0,
            "equity": null,
            "current_ratio": null,
            "debt_ratio": null,
            "inventory_turnover_ratio": null,
            "account_receivable_turnover_ratio": null,
            "reinvestment_rate": null,
            "research_to_sale_ratio": null,
            "price_fair": 0,
            "eps_avg_yearly": 0,
            "eps_latest_yearly": 0,
            "eps_growth_yearly": 0
        },
        "20031": {
            "year_quarter": 20031,
            "year": 2003,
            "quarter": 1,
            "eps": null,
            "eps_growth_year": null,
            "eps_4q": null,
            "eps_4q_growth_year": null,
            "roe": null,
            "roe_4q": 0,
            "gross_profit": null,
            "gross_margin": null,
            "gross_margin_4q_avg": 0,
            "net_income": null,
            "net_income_4q": null,
            "revenue": null,
            "revenue_4q": null,
            "common_shares": null,
            "book_valuer_per_share": null,
            "book_valuer_per_share_4q_avg": 0,
            "equity": null,
            "current_ratio": null,
            "debt_ratio": null,
            "inventory_turnover_ratio": null,
            "account_receivable_turnover_ratio": null,
            "reinvestment_rate": null,
            "research_to_sale_ratio": null,
            "price_fair": 0,
            "eps_avg_yearly": 0,
            "eps_latest_yearly": 0,
            "eps_growth_yearly": 0
        },
        "20032": {
            "year_quarter": 20032,
            "year": 2003,
            "quarter": 2,
            "eps": null,
            "eps_growth_year": null,
            "eps_4q": null,
            "eps_4q_growth_year": null,
            "roe": null,
            "roe_4q": 0,
            "gross_profit": null,
            "gross_margin": null,
            "gross_margin_4q_avg": 0,
            "net_income": null,
            "net_income_4q": null,
            "revenue": null,
            "revenue_4q": null,
            "common_shares": null,
            "book_valuer_per_share": null,
            "book_valuer_per_share_4q_avg": 0,
            "equity": null,
            "current_ratio": null,
            "debt_ratio": null,
            "inventory_turnover_ratio": null,
            "account_receivable_turnover_ratio": null,
            "reinvestment_rate": null,
            "research_to_sale_ratio": null,
            "price_fair": 0,
            "eps_avg_yearly": 0,
            "eps_latest_yearly": 0,
            "eps_growth_yearly": 0
        },
        "20033": {
            "year_quarter": 20033,
            "year": 2003,
            "quarter": 3,
            "eps": null,
            "eps_growth_year": null,
            "eps_4q": null,
            "eps_4q_growth_year": null,
            "roe": null,
            "roe_4q": 0,
            "gross_profit": null,
            "gross_margin": null,
            "gross_margin_4q_avg": 0,
            "net_income": null,
            "net_income_4q": null,
            "revenue": null,
            "revenue_4q": null,
            "common_shares": null,
            "book_valuer_per_share": null,
            "book_valuer_per_share_4q_avg": 0,
            "equity": null,
            "current_ratio": null,
            "debt_ratio": null,
            "inventory_turnover_ratio": null,
            "account_receivable_turnover_ratio": null,
            "reinvestment_rate": null,
            "research_to_sale_ratio": null,
            "price_fair": 0,
            "eps_avg_yearly": 0,
            "eps_latest_yearly": 0,
            "eps_growth_yearly": 0
        },
        "20034": {
            "year_quarter": 20034,
            "year": 2003,
            "quarter": 4,
            "eps": null,
            "eps_growth_year": null,
            "eps_4q": null,
            "eps_4q_growth_year": null,
            "roe": null,
            "roe_4q": 0,
            "gross_profit": null,
            "gross_margin": null,
            "gross_margin_4q_avg": 0,
            "net_income": null,
            "net_income_4q": null,
            "revenue": null,
            "revenue_4q": null,
            "common_shares": null,
            "book_valuer_per_share": null,
            "book_valuer_per_share_4q_avg": 0,
            "equity": null,
            "current_ratio": null,
            "debt_ratio": null,
            "inventory_turnover_ratio": null,
            "account_receivable_turnover_ratio": null,
            "reinvestment_rate": null,
            "research_to_sale_ratio": null,
            "price_fair": 0,
            "eps_avg_yearly": 0,
            "eps_latest_yearly": 0,
            "eps_growth_yearly": 0
        },
        "20041": {
            "year_quarter": 20041,
            "year": 2004,
            "quarter": 1,
            "eps": null,
            "eps_growth_year": null,
            "eps_4q": null,
            "eps_4q_growth_year": null,
            "roe": null,
            "roe_4q": 0,
            "gross_profit": null,
            "gross_margin": null,
            "gross_margin_4q_avg": 0,
            "net_income": null,
            "net_income_4q": null,
            "revenue": null,
            "revenue_4q": null,
            "common_shares": null,
            "book_valuer_per_share": null,
            "book_valuer_per_share_4q_avg": 0,
            "equity": null,
            "current_ratio": null,
            "debt_ratio": null,
            "inventory_turnover_ratio": null,
            "account_receivable_turnover_ratio": null,
            "reinvestment_rate": null,
            "research_to_sale_ratio": null,
            "price_fair": 0,
            "eps_avg_yearly": 0,
            "eps_latest_yearly": 0,
            "eps_growth_yearly": 0
        },
        "20042": {
            "year_quarter": 20042,
            "year": 2004,
            "quarter": 2,
            "eps": null,
            "eps_growth_year": null,
            "eps_4q": null,
            "eps_4q_growth_year": null,
            "roe": null,
            "roe_4q": 0,
            "gross_profit": null,
            "gross_margin": null,
            "gross_margin_4q_avg": 0,
            "net_income": null,
            "net_income_4q": null,
            "revenue": null,
            "revenue_4q": null,
            "common_shares": null,
            "book_valuer_per_share": null,
            "book_valuer_per_share_4q_avg": 0,
            "equity": null,
            "current_ratio": null,
            "debt_ratio": null,
            "inventory_turnover_ratio": null,
            "account_receivable_turnover_ratio": null,
            "reinvestment_rate": null,
            "research_to_sale_ratio": null,
            "price_fair": 0,
            "eps_avg_yearly": 0,
            "eps_latest_yearly": 0,
            "eps_growth_yearly": 0
        },
        "20043": {
            "year_quarter": 20043,
            "year": 2004,
            "quarter": 3,
            "eps": null,
            "eps_growth_year": null,
            "eps_4q": null,
            "eps_4q_growth_year": null,
            "roe": null,
            "roe_4q": 0,
            "gross_profit": null,
            "gross_margin": null,
            "gross_margin_4q_avg": 0,
            "net_income": null,
            "net_income_4q": null,
            "revenue": null,
            "revenue_4q": null,
            "common_shares": null,
            "book_valuer_per_share": null,
            "book_valuer_per_share_4q_avg": 0,
            "equity": null,
            "current_ratio": null,
            "debt_ratio": null,
            "inventory_turnover_ratio": null,
            "account_receivable_turnover_ratio": null,
            "reinvestment_rate": null,
            "research_to_sale_ratio": null,
            "price_fair": 0,
            "eps_avg_yearly": 0,
            "eps_latest_yearly": 0,
            "eps_growth_yearly": 0
        },
        "20044": {
            "year_quarter": 20044,
            "year": 2004,
            "quarter": 4,
            "eps": null,
            "eps_growth_year": null,
            "eps_4q": null,
            "eps_4q_growth_year": null,
            "roe": null,
            "roe_4q": 0,
            "gross_profit": null,
            "gross_margin": null,
            "gross_margin_4q_avg": 0,
            "net_income": null,
            "net_income_4q": null,
            "revenue": null,
            "revenue_4q": null,
            "common_shares": null,
            "book_valuer_per_share": null,
            "book_valuer_per_share_4q_avg": 0,
            "equity": null,
            "current_ratio": null,
            "debt_ratio": null,
            "inventory_turnover_ratio": null,
            "account_receivable_turnover_ratio": null,
            "reinvestment_rate": null,
            "research_to_sale_ratio": null,
            "price_fair": 0,
            "eps_avg_yearly": 0,
            "eps_latest_yearly": 0,
            "eps_growth_yearly": 0
        },
        "20051": {
            "year_quarter": 20051,
            "year": 2005,
            "quarter": 1,
            "eps": null,
            "eps_growth_year": null,
            "eps_4q": null,
            "eps_4q_growth_year": null,
            "roe": null,
            "roe_4q": 0,
            "gross_profit": null,
            "gross_margin": null,
            "gross_margin_4q_avg": 0,
            "net_income": null,
            "net_income_4q": null,
            "revenue": null,
            "revenue_4q": null,
            "common_shares": null,
            "book_valuer_per_share": null,
            "book_valuer_per_share_4q_avg": 0,
            "equity": null,
            "current_ratio": null,
            "debt_ratio": null,
            "inventory_turnover_ratio": null,
            "account_receivable_turnover_ratio": null,
            "reinvestment_rate": null,
            "research_to_sale_ratio": null,
            "price_fair": 0,
            "eps_avg_yearly": 0,
            "eps_latest_yearly": 0,
            "eps_growth_yearly": 0
        },
        "20052": {
            "year_quarter": 20052,
            "year": 2005,
            "quarter": 2,
            "eps": null,
            "eps_growth_year": null,
            "eps_4q": null,
            "eps_4q_growth_year": null,
            "roe": null,
            "roe_4q": 0,
            "gross_profit": null,
            "gross_margin": null,
            "gross_margin_4q_avg": 0,
            "net_income": null,
            "net_income_4q": null,
            "revenue": null,
            "revenue_4q": null,
            "common_shares": null,
            "book_valuer_per_share": null,
            "book_valuer_per_share_4q_avg": 0,
            "equity": null,
            "current_ratio": null,
            "debt_ratio": null,
            "inventory_turnover_ratio": null,
            "account_receivable_turnover_ratio": null,
            "reinvestment_rate": null,
            "research_to_sale_ratio": null,
            "price_fair": 0,
            "eps_avg_yearly": 0,
            "eps_latest_yearly": 0,
            "eps_growth_yearly": 0
        },
        "20053": {
            "year_quarter": 20053,
            "year": 2005,
            "quarter": 3,
            "eps": null,
            "eps_growth_year": null,
            "eps_4q": null,
            "eps_4q_growth_year": null,
            "roe": null,
            "roe_4q": 0,
            "gross_profit": null,
            "gross_margin": null,
            "gross_margin_4q_avg": 0,
            "net_income": null,
            "net_income_4q": null,
            "revenue": null,
            "revenue_4q": null,
            "common_shares": null,
            "book_valuer_per_share": null,
            "book_valuer_per_share_4q_avg": 0,
            "equity": null,
            "current_ratio": null,
            "debt_ratio": null,
            "inventory_turnover_ratio": null,
            "account_receivable_turnover_ratio": null,
            "reinvestment_rate": null,
            "research_to_sale_ratio": null,
            "price_fair": 0,
            "eps_avg_yearly": 0,
            "eps_latest_yearly": 0,
            "eps_growth_yearly": 0
        },
        "20054": {
            "year_quarter": 20054,
            "year": 2005,
            "quarter": 4,
            "eps": null,
            "eps_growth_year": null,
            "eps_4q": null,
            "eps_4q_growth_year": null,
            "roe": null,
            "roe_4q": 0,
            "gross_profit": null,
            "gross_margin": null,
            "gross_margin_4q_avg": 0,
            "net_income": null,
            "net_income_4q": null,
            "revenue": null,
            "revenue_4q": null,
            "common_shares": null,
            "book_valuer_per_share": null,
            "book_valuer_per_share_4q_avg": 0,
            "equity": null,
            "current_ratio": null,
            "debt_ratio": null,
            "inventory_turnover_ratio": null,
            "account_receivable_turnover_ratio": null,
            "reinvestment_rate": null,
            "research_to_sale_ratio": null,
            "price_fair": 0,
            "eps_avg_yearly": 0,
            "eps_latest_yearly": 0,
            "eps_growth_yearly": 0
        },
        "20061": {
            "year_quarter": 20061,
            "year": 2006,
            "quarter": 1,
            "eps": null,
            "eps_growth_year": null,
            "eps_4q": null,
            "eps_4q_growth_year": null,
            "roe": null,
            "roe_4q": 0,
            "gross_profit": null,
            "gross_margin": null,
            "gross_margin_4q_avg": 0,
            "net_income": null,
            "net_income_4q": null,
            "revenue": null,
            "revenue_4q": null,
            "common_shares": null,
            "book_valuer_per_share": null,
            "book_valuer_per_share_4q_avg": 0,
            "equity": null,
            "current_ratio": null,
            "debt_ratio": null,
            "inventory_turnover_ratio": null,
            "account_receivable_turnover_ratio": null,
            "reinvestment_rate": null,
            "research_to_sale_ratio": null,
            "price_fair": 0,
            "eps_avg_yearly": 0,
            "eps_latest_yearly": 0,
            "eps_growth_yearly": 0
        },
        "20062": {
            "year_quarter": 20062,
            "year": 2006,
            "quarter": 2,
            "eps": null,
            "eps_growth_year": null,
            "eps_4q": null,
            "eps_4q_growth_year": null,
            "roe": null,
            "roe_4q": 0,
            "gross_profit": null,
            "gross_margin": null,
            "gross_margin_4q_avg": 0,
            "net_income": null,
            "net_income_4q": null,
            "revenue": null,
            "revenue_4q": null,
            "common_shares": null,
            "book_valuer_per_share": null,
            "book_valuer_per_share_4q_avg": 0,
            "equity": null,
            "current_ratio": null,
            "debt_ratio": null,
            "inventory_turnover_ratio": null,
            "account_receivable_turnover_ratio": null,
            "reinvestment_rate": null,
            "research_to_sale_ratio": null,
            "price_fair": 0,
            "eps_avg_yearly": 0,
            "eps_latest_yearly": 0,
            "eps_growth_yearly": 0
        },
        "20063": {
            "year_quarter": 20063,
            "year": 2006,
            "quarter": 3,
            "eps": null,
            "eps_growth_year": null,
            "eps_4q": null,
            "eps_4q_growth_year": null,
            "roe": null,
            "roe_4q": 0,
            "gross_profit": null,
            "gross_margin": null,
            "gross_margin_4q_avg": 0,
            "net_income": null,
            "net_income_4q": null,
            "revenue": null,
            "revenue_4q": null,
            "common_shares": null,
            "book_valuer_per_share": null,
            "book_valuer_per_share_4q_avg": 0,
            "equity": null,
            "current_ratio": null,
            "debt_ratio": null,
            "inventory_turnover_ratio": null,
            "account_receivable_turnover_ratio": null,
            "reinvestment_rate": null,
            "research_to_sale_ratio": null,
            "price_fair": 0,
            "eps_avg_yearly": 0,
            "eps_latest_yearly": 0,
            "eps_growth_yearly": 0
        },
        "20064": {
            "year_quarter": 20064,
            "year": 2006,
            "quarter": 4,
            "eps": null,
            "eps_growth_year": null,
            "eps_4q": null,
            "eps_4q_growth_year": null,
            "roe": null,
            "roe_4q": 0,
            "gross_profit": null,
            "gross_margin": null,
            "gross_margin_4q_avg": 0,
            "net_income": null,
            "net_income_4q": null,
            "revenue": null,
            "revenue_4q": null,
            "common_shares": null,
            "book_valuer_per_share": null,
            "book_valuer_per_share_4q_avg": 0,
            "equity": null,
            "current_ratio": null,
            "debt_ratio": null,
            "inventory_turnover_ratio": null,
            "account_receivable_turnover_ratio": null,
            "reinvestment_rate": null,
            "research_to_sale_ratio": null,
            "price_fair": 0,
            "eps_avg_yearly": 0,
            "eps_latest_yearly": 0,
            "eps_growth_yearly": 0
        },
        "20071": {
            "year_quarter": 20071,
            "year": 2007,
            "quarter": 1,
            "eps": null,
            "eps_growth_year": null,
            "eps_4q": null,
            "eps_4q_growth_year": null,
            "roe": null,
            "roe_4q": 0,
            "gross_profit": null,
            "gross_margin": null,
            "gross_margin_4q_avg": 0,
            "net_income": null,
            "net_income_4q": null,
            "revenue": null,
            "revenue_4q": null,
            "common_shares": null,
            "book_valuer_per_share": null,
            "book_valuer_per_share_4q_avg": 0,
            "equity": null,
            "current_ratio": null,
            "debt_ratio": null,
            "inventory_turnover_ratio": null,
            "account_receivable_turnover_ratio": null,
            "reinvestment_rate": null,
            "research_to_sale_ratio": null,
            "price_fair": 0,
            "eps_avg_yearly": 0,
            "eps_latest_yearly": 0,
            "eps_growth_yearly": 0
        },
        "20072": {
            "year_quarter": 20072,
            "year": 2007,
            "quarter": 2,
            "eps": null,
            "eps_growth_year": null,
            "eps_4q": null,
            "eps_4q_growth_year": null,
            "roe": null,
            "roe_4q": 0,
            "gross_profit": null,
            "gross_margin": null,
            "gross_margin_4q_avg": 0,
            "net_income": null,
            "net_income_4q": null,
            "revenue": null,
            "revenue_4q": null,
            "common_shares": null,
            "book_valuer_per_share": null,
            "book_valuer_per_share_4q_avg": 0,
            "equity": null,
            "current_ratio": null,
            "debt_ratio": null,
            "inventory_turnover_ratio": null,
            "account_receivable_turnover_ratio": null,
            "reinvestment_rate": null,
            "research_to_sale_ratio": null,
            "price_fair": 0,
            "eps_avg_yearly": 0,
            "eps_latest_yearly": 0,
            "eps_growth_yearly": 0
        },
        "20073": {
            "year_quarter": 20073,
            "year": 2007,
            "quarter": 3,
            "eps": null,
            "eps_growth_year": null,
            "eps_4q": null,
            "eps_4q_growth_year": null,
            "roe": null,
            "roe_4q": 0,
            "gross_profit": null,
            "gross_margin": null,
            "gross_margin_4q_avg": 0,
            "net_income": null,
            "net_income_4q": null,
            "revenue": null,
            "revenue_4q": null,
            "common_shares": null,
            "book_valuer_per_share": null,
            "book_valuer_per_share_4q_avg": 0,
            "equity": null,
            "current_ratio": null,
            "debt_ratio": null,
            "inventory_turnover_ratio": null,
            "account_receivable_turnover_ratio": null,
            "reinvestment_rate": null,
            "research_to_sale_ratio": null,
            "price_fair": 0,
            "eps_avg_yearly": 0,
            "eps_latest_yearly": 0,
            "eps_growth_yearly": 0
        },
        "20074": {
            "year_quarter": 20074,
            "year": 2007,
            "quarter": 4,
            "eps": null,
            "eps_growth_year": null,
            "eps_4q": null,
            "eps_4q_growth_year": null,
            "roe": null,
            "roe_4q": 0,
            "gross_profit": null,
            "gross_margin": null,
            "gross_margin_4q_avg": 0,
            "net_income": null,
            "net_income_4q": null,
            "revenue": null,
            "revenue_4q": null,
            "common_shares": null,
            "book_valuer_per_share": null,
            "book_valuer_per_share_4q_avg": 0,
            "equity": null,
            "current_ratio": null,
            "debt_ratio": null,
            "inventory_turnover_ratio": null,
            "account_receivable_turnover_ratio": null,
            "reinvestment_rate": null,
            "research_to_sale_ratio": null,
            "price_fair": 0,
            "eps_avg_yearly": 0,
            "eps_latest_yearly": 0,
            "eps_growth_yearly": 0
        },
        "20081": {
            "year_quarter": 20081,
            "year": 2008,
            "quarter": 1,
            "eps": null,
            "eps_growth_year": null,
            "eps_4q": null,
            "eps_4q_growth_year": null,
            "roe": null,
            "roe_4q": 0,
            "gross_profit": null,
            "gross_margin": null,
            "gross_margin_4q_avg": 0,
            "net_income": null,
            "net_income_4q": null,
            "revenue": null,
            "revenue_4q": null,
            "common_shares": null,
            "book_valuer_per_share": null,
            "book_valuer_per_share_4q_avg": 0,
            "equity": null,
            "current_ratio": null,
            "debt_ratio": null,
            "inventory_turnover_ratio": null,
            "account_receivable_turnover_ratio": null,
            "reinvestment_rate": null,
            "research_to_sale_ratio": null,
            "price_fair": 0,
            "eps_avg_yearly": 0,
            "eps_latest_yearly": 0,
            "eps_growth_yearly": 0
        },
        "20082": {
            "year_quarter": 20082,
            "year": 2008,
            "quarter": 2,
            "eps": null,
            "eps_growth_year": null,
            "eps_4q": null,
            "eps_4q_growth_year": null,
            "roe": null,
            "roe_4q": 0,
            "gross_profit": null,
            "gross_margin": null,
            "gross_margin_4q_avg": 0,
            "net_income": null,
            "net_income_4q": null,
            "revenue": null,
            "revenue_4q": null,
            "common_shares": null,
            "book_valuer_per_share": null,
            "book_valuer_per_share_4q_avg": 0,
            "equity": null,
            "current_ratio": null,
            "debt_ratio": null,
            "inventory_turnover_ratio": null,
            "account_receivable_turnover_ratio": null,
            "reinvestment_rate": null,
            "research_to_sale_ratio": null,
            "price_fair": 0,
            "eps_avg_yearly": 0,
            "eps_latest_yearly": 0,
            "eps_growth_yearly": 0
        },
        "20083": {
            "year_quarter": 20083,
            "year": 2008,
            "quarter": 3,
            "eps": null,
            "eps_growth_year": null,
            "eps_4q": null,
            "eps_4q_growth_year": null,
            "roe": null,
            "roe_4q": 0,
            "gross_profit": null,
            "gross_margin": null,
            "gross_margin_4q_avg": 0,
            "net_income": null,
            "net_income_4q": null,
            "revenue": null,
            "revenue_4q": null,
            "common_shares": null,
            "book_valuer_per_share": null,
            "book_valuer_per_share_4q_avg": 0,
            "equity": null,
            "current_ratio": null,
            "debt_ratio": null,
            "inventory_turnover_ratio": null,
            "account_receivable_turnover_ratio": null,
            "reinvestment_rate": null,
            "research_to_sale_ratio": null,
            "price_fair": 0,
            "eps_avg_yearly": 0,
            "eps_latest_yearly": 0,
            "eps_growth_yearly": 0
        },
        "20084": {
            "year_quarter": 20084,
            "year": 2008,
            "quarter": 4,
            "eps": null,
            "eps_growth_year": null,
            "eps_4q": null,
            "eps_4q_growth_year": null,
            "roe": null,
            "roe_4q": 0,
            "gross_profit": null,
            "gross_margin": null,
            "gross_margin_4q_avg": 0,
            "net_income": null,
            "net_income_4q": null,
            "revenue": null,
            "revenue_4q": null,
            "common_shares": 62541866,
            "book_valuer_per_share": null,
            "book_valuer_per_share_4q_avg": 0,
            "equity": 56194437,
            "current_ratio": null,
            "debt_ratio": null,
            "inventory_turnover_ratio": null,
            "account_receivable_turnover_ratio": null,
            "reinvestment_rate": null,
            "research_to_sale_ratio": null,
            "price_fair": 0,
            "eps_avg_yearly": 0,
            "eps_latest_yearly": 0,
            "eps_growth_yearly": 0
        },
        "20091": {
            "year_quarter": 20091,
            "year": 2009,
            "quarter": 1,
            "eps": null,
            "eps_growth_year": null,
            "eps_4q": null,
            "eps_4q_growth_year": null,
            "roe": null,
            "roe_4q": 0,
            "gross_profit": null,
            "gross_margin": null,
            "gross_margin_4q_avg": 0,
            "net_income": -498050,
            "net_income_4q": null,
            "revenue": 40380886,
            "revenue_4q": null,
            "common_shares": 62469066,
            "book_valuer_per_share": null,
            "book_valuer_per_share_4q_avg": 0,
            "equity": 56036242,
            "current_ratio": null,
            "debt_ratio": null,
            "inventory_turnover_ratio": null,
            "account_receivable_turnover_ratio": null,
            "reinvestment_rate": null,
            "research_to_sale_ratio": null,
            "price_fair": 0,
            "eps_avg_yearly": 0,
            "eps_latest_yearly": 0,
            "eps_growth_yearly": 0
        },
        "20092": {
            "year_quarter": 20092,
            "year": 2009,
            "quarter": 2,
            "eps": null,
            "eps_growth_year": null,
            "eps_4q": null,
            "eps_4q_growth_year": null,
            "roe": null,
            "roe_4q": 0,
            "gross_profit": null,
            "gross_margin": null,
            "gross_margin_4q_avg": 0,
            "net_income": 249813,
            "net_income_4q": null,
            "revenue": 39181453,
            "revenue_4q": null,
            "common_shares": 62469066,
            "book_valuer_per_share": null,
            "book_valuer_per_share_4q_avg": 0,
            "equity": 61939089,
            "current_ratio": null,
            "debt_ratio": null,
            "inventory_turnover_ratio": null,
            "account_receivable_turnover_ratio": null,
            "reinvestment_rate": null,
            "research_to_sale_ratio": null,
            "price_fair": 0,
            "eps_avg_yearly": 0,
            "eps_latest_yearly": 0,
            "eps_growth_yearly": 0
        },
        "20093": {
            "year_quarter": 20093,
            "year": 2009,
            "quarter": 3,
            "eps": null,
            "eps_growth_year": null,
            "eps_4q": null,
            "eps_4q_growth_year": null,
            "roe": null,
            "roe_4q": 0,
            "gross_profit": null,
            "gross_margin": null,
            "gross_margin_4q_avg": 0,
            "net_income": 681591,
            "net_income_4q": null,
            "revenue": 36716896,
            "revenue_4q": null,
            "common_shares": 73677876,
            "book_valuer_per_share": null,
            "book_valuer_per_share_4q_avg": 0,
            "equity": 84267778,
            "current_ratio": null,
            "debt_ratio": null,
            "inventory_turnover_ratio": null,
            "account_receivable_turnover_ratio": null,
            "reinvestment_rate": null,
            "research_to_sale_ratio": null,
            "price_fair": 0,
            "eps_avg_yearly": 0,
            "eps_latest_yearly": 0,
            "eps_growth_yearly": 0
        },
        "20094": {
            "year_quarter": 20094,
            "year": 2009,
            "quarter": 4,
            "eps": null,
            "eps_growth_year": null,
            "eps_4q": null,
            "eps_4q_growth_year": null,
            "roe": null,
            "roe_4q": 0,
            "gross_profit": null,
            "gross_margin": null,
            "gross_margin_4q_avg": 0,
            "net_income": 1779342,
            "net_income_4q": null,
            "revenue": 30967411,
            "revenue_4q": null,
            "common_shares": 78677876,
            "book_valuer_per_share": 11.83,
            "book_valuer_per_share_4q_avg": 2.96,
            "equity": 92678238,
            "current_ratio": null,
            "debt_ratio": 95.13,
            "inventory_turnover_ratio": null,
            "account_receivable_turnover_ratio": null,
            "reinvestment_rate": null,
            "research_to_sale_ratio": null,
            "price_fair": 0,
            "eps_avg_yearly": 0,
            "eps_latest_yearly": 0,
            "eps_growth_yearly": 0
        },
        "20101": {
            "year_quarter": 20101,
            "year": 2010,
            "quarter": 1,
            "eps": -0.37,
            "eps_growth_year": null,
            "eps_4q": -0.37,
            "eps_4q_growth_year": null,
            "roe": -2.98,
            "roe_4q": -2.98,
            "gross_profit": null,
            "gross_margin": null,
            "gross_margin_4q_avg": 0,
            "net_income": -2686061,
            "net_income_4q": null,
            "revenue": 31229209,
            "revenue_4q": null,
            "common_shares": 78677876,
            "book_valuer_per_share": 11.2,
            "book_valuer_per_share_4q_avg": 5.76,
            "equity": 87768316,
            "current_ratio": null,
            "debt_ratio": 95.46,
            "inventory_turnover_ratio": null,
            "account_receivable_turnover_ratio": null,
            "reinvestment_rate": null,
            "research_to_sale_ratio": null,
            "price_fair": 0,
            "eps_avg_yearly": 0,
            "eps_latest_yearly": 0,
            "eps_growth_yearly": 0
        },
        "20102": {
            "year_quarter": 20102,
            "year": 2010,
            "quarter": 2,
            "eps": -0.01,
            "eps_growth_year": null,
            "eps_4q": -0.38,
            "eps_4q_growth_year": null,
            "roe": 0.11,
            "roe_4q": -2.87,
            "gross_profit": null,
            "gross_margin": null,
            "gross_margin_4q_avg": 0,
            "net_income": 92061,
            "net_income_4q": null,
            "revenue": 34954542,
            "revenue_4q": null,
            "common_shares": 78677876,
            "book_valuer_per_share": 10.24,
            "book_valuer_per_share_4q_avg": 8.32,
            "equity": 80223779,
            "current_ratio": null,
            "debt_ratio": 95.92,
            "inventory_turnover_ratio": null,
            "account_receivable_turnover_ratio": null,
            "reinvestment_rate": null,
            "research_to_sale_ratio": null,
            "price_fair": 0,
            "eps_avg_yearly": 0,
            "eps_latest_yearly": 0,
            "eps_growth_yearly": 0
        },
        "20103": {
            "year_quarter": 20103,
            "year": 2010,
            "quarter": 3,
            "eps": 0.59,
            "eps_growth_year": null,
            "eps_4q": 0.21,
            "eps_4q_growth_year": null,
            "roe": 5.7,
            "roe_4q": 2.8300000000000005,
            "gross_profit": null,
            "gross_margin": null,
            "gross_margin_4q_avg": 0,
            "net_income": 5087352,
            "net_income_4q": null,
            "revenue": 34713938,
            "revenue_4q": null,
            "common_shares": 78677876,
            "book_valuer_per_share": 12.54,
            "book_valuer_per_share_4q_avg": 11.45,
            "equity": 98258776,
            "current_ratio": null,
            "debt_ratio": 95.17,
            "inventory_turnover_ratio": null,
            "account_receivable_turnover_ratio": null,
            "reinvestment_rate": null,
            "research_to_sale_ratio": null,
            "price_fair": 0,
            "eps_avg_yearly": 0,
            "eps_latest_yearly": 0,
            "eps_growth_yearly": 0
        },
        "20104": {
            "year_quarter": 20104,
            "year": 2010,
            "quarter": 4,
            "eps": 0.11,
            "eps_growth_year": null,
            "eps_4q": 0.3,
            "eps_4q_growth_year": null,
            "roe": 1.19,
            "roe_4q": 4.020000000000001,
            "gross_profit": null,
            "gross_margin": null,
            "gross_margin_4q_avg": 0,
            "net_income": 1189405,
            "net_income_4q": null,
            "revenue": 21715995,
            "revenue_4q": null,
            "common_shares": 84363876,
            "book_valuer_per_share": 12.08,
            "book_valuer_per_share_4q_avg": 11.52,
            "equity": 101910064,
            "current_ratio": null,
            "debt_ratio": 95.06,
            "inventory_turnover_ratio": null,
            "account_receivable_turnover_ratio": null,
            "reinvestment_rate": null,
            "research_to_sale_ratio": null,
            "price_fair": 1.32,
            "eps_avg_yearly": 0.44,
            "eps_latest_yearly": 0.44,
            "eps_growth_yearly": -325.42
        },
        "20111": {
            "year_quarter": 20111,
            "year": 2011,
            "quarter": 1,
            "eps": 0.15,
            "eps_growth_year": null,
            "eps_4q": 0.8,
            "eps_4q_growth_year": null,
            "roe": 1.46,
            "roe_4q": 8.459999999999999,
            "gross_profit": null,
            "gross_margin": null,
            "gross_margin_4q_avg": 0,
            "net_income": 1474393,
            "net_income_4q": null,
            "revenue": 4151778,
            "revenue_4q": null,
            "common_shares": 84363876,
            "book_valuer_per_share": 11.81,
            "book_valuer_per_share_4q_avg": 11.67,
            "equity": 99595834,
            "current_ratio": null,
            "debt_ratio": 95.25,
            "inventory_turnover_ratio": null,
            "account_receivable_turnover_ratio": null,
            "reinvestment_rate": null,
            "research_to_sale_ratio": null,
            "price_fair": 1.56,
            "eps_avg_yearly": 0.52,
            "eps_latest_yearly": 0.6,
            "eps_growth_yearly": -89.98
        },
        "20112": {
            "year_quarter": 20112,
            "year": 2011,
            "quarter": 2,
            "eps": 0.07,
            "eps_growth_year": null,
            "eps_4q": 0.88,
            "eps_4q_growth_year": null,
            "roe": 0.78,
            "roe_4q": 9.13,
            "gross_profit": null,
            "gross_margin": null,
            "gross_margin_4q_avg": 0,
            "net_income": 762530,
            "net_income_4q": null,
            "revenue": 6885501,
            "revenue_4q": null,
            "common_shares": 84363876,
            "book_valuer_per_share": 11.5,
            "book_valuer_per_share_4q_avg": 11.98,
            "equity": 97024715,
            "current_ratio": null,
            "debt_ratio": 95.34,
            "inventory_turnover_ratio": null,
            "account_receivable_turnover_ratio": null,
            "reinvestment_rate": null,
            "research_to_sale_ratio": null,
            "price_fair": 1.32,
            "eps_avg_yearly": 0.44,
            "eps_latest_yearly": 0.28,
            "eps_growth_yearly": -131.1
        },
        "20113": {
            "year_quarter": 20113,
            "year": 2011,
            "quarter": 3,
            "eps": 0.5,
            "eps_growth_year": -15.23,
            "eps_4q": 0.84,
            "eps_4q_growth_year": 303.78,
            "roe": 4.75,
            "roe_4q": 8.18,
            "gross_profit": null,
            "gross_margin": null,
            "gross_margin_4q_avg": 0,
            "net_income": 4234958,
            "net_income_4q": null,
            "revenue": 20344088,
            "revenue_4q": null,
            "common_shares": 84363876,
            "book_valuer_per_share": 9.65,
            "book_valuer_per_share_4q_avg": 11.26,
            "equity": 81385885,
            "current_ratio": null,
            "debt_ratio": 96.14,
            "inventory_turnover_ratio": null,
            "account_receivable_turnover_ratio": null,
            "reinvestment_rate": null,
            "research_to_sale_ratio": null,
            "price_fair": 29.05,
            "eps_avg_yearly": 0.83,
            "eps_latest_yearly": 2,
            "eps_growth_yearly": 515.96
        },
        "20114": {
            "year_quarter": 20114,
            "year": 2011,
            "quarter": 4,
            "eps": -0.08,
            "eps_growth_year": -168.85,
            "eps_4q": 0.65,
            "eps_4q_growth_year": 115.99,
            "roe": -0.78,
            "roe_4q": 6.21,
            "gross_profit": null,
            "gross_margin": null,
            "gross_margin_4q_avg": 0,
            "net_income": -638458,
            "net_income_4q": null,
            "revenue": 25504319,
            "revenue_4q": null,
            "common_shares": 84363876,
            "book_valuer_per_share": 9.77,
            "book_valuer_per_share_4q_avg": 10.68,
            "equity": 82414231,
            "current_ratio": null,
            "debt_ratio": 96.14,
            "inventory_turnover_ratio": null,
            "account_receivable_turnover_ratio": null,
            "reinvestment_rate": null,
            "research_to_sale_ratio": null,
            "price_fair": 29.05,
            "eps_avg_yearly": 0.83,
            "eps_latest_yearly": 2,
            "eps_growth_yearly": 515.96
        },
        "20121": {
            "year_quarter": 20121,
            "year": 2012,
            "quarter": 1,
            "eps": 0.35,
            "eps_growth_year": 133.33,
            "eps_4q": 0.84,
            "eps_4q_growth_year": 5.26,
            "roe": 3.64,
            "roe_4q": 8.39,
            "gross_profit": null,
            "gross_margin": null,
            "gross_margin_4q_avg": 0,
            "net_income": 3206983,
            "net_income_4q": null,
            "revenue": 34772565,
            "revenue_4q": null,
            "common_shares": 84363876,
            "book_valuer_per_share": 11.12,
            "book_valuer_per_share_4q_avg": 10.51,
            "equity": 93795776,
            "current_ratio": null,
            "debt_ratio": 95.73,
            "inventory_turnover_ratio": null,
            "account_receivable_turnover_ratio": null,
            "reinvestment_rate": null,
            "research_to_sale_ratio": null,
            "price_fair": 29.05,
            "eps_avg_yearly": 0.83,
            "eps_latest_yearly": 2,
            "eps_growth_yearly": 515.96
        },
        "20122": {
            "year_quarter": 20122,
            "year": 2012,
            "quarter": 2,
            "eps": 0.56,
            "eps_growth_year": 675.29,
            "eps_4q": 1.33,
            "eps_4q_growth_year": 50.83,
            "roe": 5.36,
            "roe_4q": 12.97,
            "gross_profit": null,
            "gross_margin": null,
            "gross_margin_4q_avg": 0,
            "net_income": 4735987,
            "net_income_4q": null,
            "revenue": 41544804,
            "revenue_4q": null,
            "common_shares": 84363876,
            "book_valuer_per_share": 9.84,
            "book_valuer_per_share_4q_avg": 10.1,
            "equity": 83037701,
            "current_ratio": null,
            "debt_ratio": 96.25,
            "inventory_turnover_ratio": null,
            "account_receivable_turnover_ratio": null,
            "reinvestment_rate": null,
            "research_to_sale_ratio": null,
            "price_fair": 38.92,
            "eps_avg_yearly": 1.11,
            "eps_latest_yearly": 2.24,
            "eps_growth_yearly": 460.77
        },
        "20123": {
            "year_quarter": 20123,
            "year": 2012,
            "quarter": 3,
            "eps": 0.32,
            "eps_growth_year": -36.88,
            "eps_4q": 1.15,
            "eps_4q_growth_year": 37.41,
            "roe": 3.24,
            "roe_4q": 11.460000000000003,
            "gross_profit": null,
            "gross_margin": null,
            "gross_margin_4q_avg": 0,
            "net_income": 2852500,
            "net_income_4q": null,
            "revenue": 27504569,
            "revenue_4q": null,
            "common_shares": 84363876,
            "book_valuer_per_share": 11.06,
            "book_valuer_per_share_4q_avg": 10.45,
            "equity": 93281829,
            "current_ratio": null,
            "debt_ratio": 95.86,
            "inventory_turnover_ratio": null,
            "account_receivable_turnover_ratio": null,
            "reinvestment_rate": null,
            "research_to_sale_ratio": null,
            "price_fair": 39.9,
            "eps_avg_yearly": 1.14,
            "eps_latest_yearly": 1.28,
            "eps_growth_yearly": 355.4
        },
        "20124": {
            "year_quarter": 20124,
            "year": 2012,
            "quarter": 4,
            "eps": -0.06,
            "eps_growth_year": null,
            "eps_4q": 1.16,
            "eps_4q_growth_year": 78.64,
            "roe": -0.46,
            "roe_4q": 11.780000000000001,
            "gross_profit": null,
            "gross_margin": null,
            "gross_margin_4q_avg": 0,
            "net_income": -432881,
            "net_income_4q": null,
            "revenue": 30232652,
            "revenue_4q": null,
            "common_shares": 84363876,
            "book_valuer_per_share": 11.05,
            "book_valuer_per_share_4q_avg": 10.77,
            "equity": 93216648,
            "current_ratio": null,
            "debt_ratio": 95.96,
            "inventory_turnover_ratio": null,
            "account_receivable_turnover_ratio": null,
            "reinvestment_rate": 118.48,
            "research_to_sale_ratio": null,
            "price_fair": 39.9,
            "eps_avg_yearly": 1.14,
            "eps_latest_yearly": 1.28,
            "eps_growth_yearly": 355.4
        },
        "20131": {
            "year_quarter": 20131,
            "year": 2013,
            "quarter": 1,
            "eps": 0.88,
            "eps_growth_year": 151.43,
            "eps_4q": 1.7,
            "eps_4q_growth_year": 100.69,
            "roe": 7.73,
            "roe_4q": 15.870000000000001,
            "gross_profit": null,
            "gross_margin": null,
            "gross_margin_4q_avg": 0,
            "net_income": 7646383,
            "net_income_4q": null,
            "revenue": 36837190,
            "revenue_4q": null,
            "common_shares": 84363876,
            "book_valuer_per_share": 10.8,
            "book_valuer_per_share_4q_avg": 10.69,
            "equity": 104570333,
            "current_ratio": null,
            "debt_ratio": 95.61,
            "inventory_turnover_ratio": null,
            "account_receivable_turnover_ratio": null,
            "reinvestment_rate": 92.88,
            "research_to_sale_ratio": null,
            "price_fair": 39.9,
            "eps_avg_yearly": 1.14,
            "eps_latest_yearly": 1.28,
            "eps_growth_yearly": 355.4
        },
        "20132": {
            "year_quarter": 20132,
            "year": 2013,
            "quarter": 2,
            "eps": -0.05,
            "eps_growth_year": -108.93,
            "eps_4q": 1.03,
            "eps_4q_growth_year": -22.42,
            "roe": -0.36,
            "roe_4q": 10.15,
            "gross_profit": null,
            "gross_margin": null,
            "gross_margin_4q_avg": 0,
            "net_income": -377938,
            "net_income_4q": null,
            "revenue": 31336565,
            "revenue_4q": null,
            "common_shares": 84363876,
            "book_valuer_per_share": 10.76,
            "book_valuer_per_share_4q_avg": 10.92,
            "equity": 106260483,
            "current_ratio": null,
            "debt_ratio": 95.64,
            "inventory_turnover_ratio": null,
            "account_receivable_turnover_ratio": null,
            "reinvestment_rate": 94.46,
            "research_to_sale_ratio": null,
            "price_fair": 39.9,
            "eps_avg_yearly": 1.14,
            "eps_latest_yearly": 1.28,
            "eps_growth_yearly": 355.4
        },
        "20133": {
            "year_quarter": 20133,
            "year": 2013,
            "quarter": 3,
            "eps": 0.43,
            "eps_growth_year": 36.29,
            "eps_4q": 1.12,
            "eps_4q_growth_year": -2.28,
            "roe": 3.75,
            "roe_4q": 10.66,
            "gross_profit": null,
            "gross_margin": null,
            "gross_margin_4q_avg": 0,
            "net_income": 4087912,
            "net_income_4q": null,
            "revenue": 37513537,
            "revenue_4q": null,
            "common_shares": 93248209,
            "book_valuer_per_share": 10.53,
            "book_valuer_per_share_4q_avg": 10.79,
            "equity": 111825423,
            "current_ratio": null,
            "debt_ratio": 95.46,
            "inventory_turnover_ratio": null,
            "account_receivable_turnover_ratio": null,
            "reinvestment_rate": 81.88,
            "research_to_sale_ratio": null,
            "price_fair": 39.9,
            "eps_avg_yearly": 1.14,
            "eps_latest_yearly": 1.28,
            "eps_growth_yearly": 355.4
        },
        "20134": {
            "year_quarter": 20134,
            "year": 2013,
            "quarter": 4,
            "eps": -0.11,
            "eps_growth_year": null,
            "eps_4q": 1.07,
            "eps_4q_growth_year": -7.96,
            "roe": -0.7,
            "roe_4q": 10.42,
            "gross_profit": null,
            "gross_margin": null,
            "gross_margin_4q_avg": 0,
            "net_income": -788293,
            "net_income_4q": null,
            "revenue": 42309451,
            "revenue_4q": null,
            "common_shares": 93288169,
            "book_valuer_per_share": 10.82,
            "book_valuer_per_share_4q_avg": 10.73,
            "equity": 114801868,
            "current_ratio": null,
            "debt_ratio": 95.47,
            "inventory_turnover_ratio": null,
            "account_receivable_turnover_ratio": null,
            "reinvestment_rate": 22.18,
            "research_to_sale_ratio": null,
            "price_fair": 39.9,
            "eps_avg_yearly": 1.14,
            "eps_latest_yearly": 1.28,
            "eps_growth_yearly": 355.4
        },
        "20141": {
            "year_quarter": 20141,
            "year": 2014,
            "quarter": 1,
            "eps": 0.13,
            "eps_growth_year": -85.23,
            "eps_4q": 0.4,
            "eps_4q_growth_year": -76.36,
            "roe": 1.22,
            "roe_4q": 3.9099999999999997,
            "gross_profit": null,
            "gross_margin": null,
            "gross_margin_4q_avg": 0,
            "net_income": 1405479,
            "net_income_4q": null,
            "revenue": 40753490,
            "revenue_4q": null,
            "common_shares": 93288169,
            "book_valuer_per_share": 10.78,
            "book_valuer_per_share_4q_avg": 10.72,
            "equity": 114655866,
            "current_ratio": null,
            "debt_ratio": 95.61,
            "inventory_turnover_ratio": null,
            "account_receivable_turnover_ratio": null,
            "reinvestment_rate": 20.85,
            "research_to_sale_ratio": null,
            "price_fair": 39.9,
            "eps_avg_yearly": 1.14,
            "eps_latest_yearly": 1.28,
            "eps_growth_yearly": 355.4
        },
        "20142": {
            "year_quarter": 20142,
            "year": 2014,
            "quarter": 2,
            "eps": 0.16,
            "eps_growth_year": null,
            "eps_4q": 0.58,
            "eps_4q_growth_year": -43.95,
            "roe": 1.66,
            "roe_4q": 5.93,
            "gross_profit": null,
            "gross_margin": null,
            "gross_margin_4q_avg": 0,
            "net_income": 1951900,
            "net_income_4q": null,
            "revenue": 47258602,
            "revenue_4q": null,
            "common_shares": 93288169,
            "book_valuer_per_share": 11.36,
            "book_valuer_per_share_4q_avg": 10.87,
            "equity": 120079268,
            "current_ratio": null,
            "debt_ratio": 95.48,
            "inventory_turnover_ratio": null,
            "account_receivable_turnover_ratio": null,
            "reinvestment_rate": 18.66,
            "research_to_sale_ratio": null,
            "price_fair": 37.4,
            "eps_avg_yearly": 1.07,
            "eps_latest_yearly": 0.64,
            "eps_growth_yearly": 317.82
        },
        "20143": {
            "year_quarter": 20143,
            "year": 2014,
            "quarter": 3,
            "eps": 0.43,
            "eps_growth_year": 0,
            "eps_4q": 0.61,
            "eps_4q_growth_year": -45.92,
            "roe": 3.64,
            "roe_4q": 5.819999999999999,
            "gross_profit": null,
            "gross_margin": null,
            "gross_margin_4q_avg": 0,
            "net_income": 4297803,
            "net_income_4q": null,
            "revenue": 60125925,
            "revenue_4q": null,
            "common_shares": 98347538,
            "book_valuer_per_share": 10.38,
            "book_valuer_per_share_4q_avg": 10.84,
            "equity": 116342303,
            "current_ratio": null,
            "debt_ratio": 95.69,
            "inventory_turnover_ratio": null,
            "account_receivable_turnover_ratio": null,
            "reinvestment_rate": 18.59,
            "research_to_sale_ratio": null,
            "price_fair": 40.25,
            "eps_avg_yearly": 1.15,
            "eps_latest_yearly": 1.72,
            "eps_growth_yearly": 362.46
        },
        "20144": {
            "year_quarter": 20144,
            "year": 2014,
            "quarter": 4,
            "eps": -0.01,
            "eps_growth_year": null,
            "eps_4q": 0.7,
            "eps_4q_growth_year": -34.55,
            "roe": 0.22,
            "roe_4q": 6.74,
            "gross_profit": null,
            "gross_margin": null,
            "gross_margin_4q_avg": 0,
            "net_income": 266942,
            "net_income_4q": null,
            "revenue": 36730332,
            "revenue_4q": null,
            "common_shares": 98347538,
            "book_valuer_per_share": 11.27,
            "book_valuer_per_share_4q_avg": 10.95,
            "equity": 125473516,
            "current_ratio": null,
            "debt_ratio": 95.52,
            "inventory_turnover_ratio": null,
            "account_receivable_turnover_ratio": null,
            "reinvestment_rate": 7.91,
            "research_to_sale_ratio": null,
            "price_fair": 43.8,
            "eps_avg_yearly": 1.25,
            "eps_latest_yearly": 1.72,
            "eps_growth_yearly": 460.73
        },
        "20151": {
            "year_quarter": 20151,
            "year": 2015,
            "quarter": 1,
            "eps": 0.34,
            "eps_growth_year": 161.54,
            "eps_4q": 0.92,
            "eps_4q_growth_year": 129.96,
            "roe": 2.78,
            "roe_4q": 8.3,
            "gross_profit": null,
            "gross_margin": null,
            "gross_margin_4q_avg": 0,
            "net_income": 3597918,
            "net_income_4q": null,
            "revenue": 54144967,
            "revenue_4q": null,
            "common_shares": 98347538,
            "book_valuer_per_share": 12.03,
            "book_valuer_per_share_4q_avg": 11.26,
            "equity": 132989126,
            "current_ratio": null,
            "debt_ratio": 95.27,
            "inventory_turnover_ratio": null,
            "account_receivable_turnover_ratio": null,
            "reinvestment_rate": 14.79,
            "research_to_sale_ratio": null,
            "price_fair": 47.6,
            "eps_avg_yearly": 1.36,
            "eps_latest_yearly": 1.72,
            "eps_growth_yearly": 513.28
        },
        "20152": {
            "year_quarter": 20152,
            "year": 2015,
            "quarter": 2,
            "eps": 0.28,
            "eps_growth_year": 75,
            "eps_4q": 1.03,
            "eps_4q_growth_year": 77.38,
            "roe": 2.29,
            "roe_4q": 8.93,
            "gross_profit": null,
            "gross_margin": null,
            "gross_margin_4q_avg": 0,
            "net_income": 2993974,
            "net_income_4q": null,
            "revenue": 55178454,
            "revenue_4q": null,
            "common_shares": 98347538,
            "book_valuer_per_share": 11.69,
            "book_valuer_per_share_4q_avg": 11.34,
            "equity": 128152042,
            "current_ratio": null,
            "debt_ratio": 95.49,
            "inventory_turnover_ratio": null,
            "account_receivable_turnover_ratio": null,
            "reinvestment_rate": 14.53,
            "research_to_sale_ratio": null,
            "price_fair": 52.5,
            "eps_avg_yearly": 1.5,
            "eps_latest_yearly": 1.12,
            "eps_growth_yearly": 537.07
        },
        "20153": {
            "year_quarter": 20153,
            "year": 2015,
            "quarter": 3,
            "eps": -0.22,
            "eps_growth_year": -151.16,
            "eps_4q": 0.4,
            "eps_4q_growth_year": -34.63,
            "roe": -1.75,
            "roe_4q": 3.54,
            "gross_profit": null,
            "gross_margin": null,
            "gross_margin_4q_avg": 0,
            "net_income": -2119783,
            "net_income_4q": null,
            "revenue": 44401865,
            "revenue_4q": null,
            "common_shares": 102281441,
            "book_valuer_per_share": 10.01,
            "book_valuer_per_share_4q_avg": 11.25,
            "equity": 114728275,
            "current_ratio": null,
            "debt_ratio": 96.07,
            "inventory_turnover_ratio": null,
            "account_receivable_turnover_ratio": null,
            "reinvestment_rate": 20.1,
            "research_to_sale_ratio": null,
            "price_fair": 49,
            "eps_avg_yearly": 1.4,
            "eps_latest_yearly": 1.12,
            "eps_growth_yearly": 153.06
        },
        "20154": {
            "year_quarter": 20154,
            "year": 2015,
            "quarter": 4,
            "eps": 0.17,
            "eps_growth_year": null,
            "eps_4q": 0.58,
            "eps_4q_growth_year": -17.73,
            "roe": 1.99,
            "roe_4q": 5.3100000000000005,
            "gross_profit": null,
            "gross_margin": null,
            "gross_margin_4q_avg": 0,
            "net_income": 2365894,
            "net_income_4q": null,
            "revenue": 51247207,
            "revenue_4q": null,
            "common_shares": 102281441,
            "book_valuer_per_share": 10.8,
            "book_valuer_per_share_4q_avg": 11.13,
            "equity": 123133332,
            "current_ratio": null,
            "debt_ratio": 95.84,
            "inventory_turnover_ratio": null,
            "account_receivable_turnover_ratio": null,
            "reinvestment_rate": 16.18,
            "research_to_sale_ratio": null,
            "price_fair": 49,
            "eps_avg_yearly": 1.4,
            "eps_latest_yearly": 1.12,
            "eps_growth_yearly": 153.06
        },
        "20161": {
            "year_quarter": 20161,
            "year": 2016,
            "quarter": 1,
            "eps": -0.26,
            "eps_growth_year": -176.47,
            "eps_4q": -0.02,
            "eps_4q_growth_year": -102.06,
            "roe": -2.09,
            "roe_4q": 0.44000000000000017,
            "gross_profit": null,
            "gross_margin": null,
            "gross_margin_4q_avg": 0,
            "net_income": -2563227,
            "net_income_4q": null,
            "revenue": 46829133,
            "revenue_4q": null,
            "common_shares": 102281441,
            "book_valuer_per_share": 10.68,
            "book_valuer_per_share_4q_avg": 10.8,
            "equity": 121715950,
            "current_ratio": null,
            "debt_ratio": 95.9,
            "inventory_turnover_ratio": null,
            "account_receivable_turnover_ratio": null,
            "reinvestment_rate": 18.37,
            "research_to_sale_ratio": null,
            "price_fair": 49,
            "eps_avg_yearly": 1.4,
            "eps_latest_yearly": 1.12,
            "eps_growth_yearly": 153.06
        },
        "20162": {
            "year_quarter": 20162,
            "year": 2016,
            "quarter": 2,
            "eps": null,
            "eps_growth_year": null,
            "eps_4q": null,
            "eps_4q_growth_year": null,
            "roe": null,
            "roe_4q": -1.8499999999999999,
            "gross_profit": null,
            "gross_margin": null,
            "gross_margin_4q_avg": 0,
            "net_income": null,
            "net_income_4q": null,
            "revenue": null,
            "revenue_4q": null,
            "common_shares": null,
            "book_valuer_per_share": null,
            "book_valuer_per_share_4q_avg": 7.87,
            "equity": null,
            "current_ratio": null,
            "debt_ratio": null,
            "inventory_turnover_ratio": null,
            "account_receivable_turnover_ratio": null,
            "reinvestment_rate": null,
            "research_to_sale_ratio": null,
            "price_fair": 41.65,
            "eps_avg_yearly": 1.19,
            "eps_latest_yearly": 1.12,
            "eps_growth_yearly": 131.32
        },
        "20163": {
            "year_quarter": 20163,
            "year": 2016,
            "quarter": 3,
            "eps": 0.25,
            "eps_growth_year": null,
            "eps_4q": null,
            "eps_4q_growth_year": null,
            "roe": 2.08,
            "roe_4q": 1.9800000000000002,
            "gross_profit": null,
            "gross_margin": null,
            "gross_margin_4q_avg": 0,
            "net_income": 2755251,
            "net_income_4q": null,
            "revenue": 66527775,
            "revenue_4q": null,
            "common_shares": 102281441,
            "book_valuer_per_share": 11.74,
            "book_valuer_per_share_4q_avg": 8.31,
            "equity": 132475583,
            "current_ratio": null,
            "debt_ratio": 95.66,
            "inventory_turnover_ratio": null,
            "account_receivable_turnover_ratio": null,
            "reinvestment_rate": null,
            "research_to_sale_ratio": null,
            "price_fair": 40.6,
            "eps_avg_yearly": 1.16,
            "eps_latest_yearly": 1.12,
            "eps_growth_yearly": 232.24
        },
        "20164": {
            "year_quarter": 20164,
            "year": 2016,
            "quarter": 4,
            "eps": 0.33,
            "eps_growth_year": 89.84,
            "eps_4q": null,
            "eps_4q_growth_year": null,
            "roe": 2.27,
            "roe_4q": 2.26,
            "gross_profit": null,
            "gross_margin": null,
            "gross_margin_4q_avg": 0,
            "net_income": 3037904,
            "net_income_4q": null,
            "revenue": 54669764,
            "revenue_4q": null,
            "common_shares": 102281441,
            "book_valuer_per_share": 12.11,
            "book_valuer_per_share_4q_avg": 8.63,
            "equity": 135568085,
            "current_ratio": null,
            "debt_ratio": 95.71,
            "inventory_turnover_ratio": null,
            "account_receivable_turnover_ratio": null,
            "reinvestment_rate": null,
            "research_to_sale_ratio": null,
            "price_fair": 42,
            "eps_avg_yearly": 1.2,
            "eps_latest_yearly": 1.32,
            "eps_growth_yearly": 206.18
        },
        "20171": {
            "year_quarter": 20171,
            "year": 2017,
            "quarter": 1,
            "eps": -0.29,
            "eps_growth_year": null,
            "eps_4q": null,
            "eps_4q_growth_year": null,
            "roe": -2.06,
            "roe_4q": 2.29,
            "gross_profit": null,
            "gross_margin": null,
            "gross_margin_4q_avg": 0,
            "net_income": -2825486,
            "net_income_4q": null,
            "revenue": 53896739,
            "revenue_4q": null,
            "common_shares": 102281441,
            "book_valuer_per_share": 12.4,
            "book_valuer_per_share_4q_avg": 9.06,
            "equity": 138512609,
            "current_ratio": null,
            "debt_ratio": 95.64,
            "inventory_turnover_ratio": null,
            "account_receivable_turnover_ratio": null,
            "reinvestment_rate": null,
            "research_to_sale_ratio": null,
            "price_fair": 42,
            "eps_avg_yearly": 1.2,
            "eps_latest_yearly": 1.32,
            "eps_growth_yearly": 206.18
        },
        "20172": {
            "year_quarter": 20172,
            "year": 2017,
            "quarter": 2,
            "eps": 0.44,
            "eps_growth_year": null,
            "eps_4q": 0.73,
            "eps_4q_growth_year": null,
            "roe": 3.24,
            "roe_4q": 5.53,
            "gross_profit": null,
            "gross_margin": null,
            "gross_margin_4q_avg": 0,
            "net_income": 4638305,
            "net_income_4q": null,
            "revenue": 70765990,
            "revenue_4q": null,
            "common_shares": 102281441,
            "book_valuer_per_share": 13.27,
            "book_valuer_per_share_4q_avg": 12.38,
            "equity": 147444363,
            "current_ratio": null,
            "debt_ratio": 95.48,
            "inventory_turnover_ratio": null,
            "account_receivable_turnover_ratio": null,
            "reinvestment_rate": null,
            "research_to_sale_ratio": null,
            "price_fair": 42,
            "eps_avg_yearly": 1.2,
            "eps_latest_yearly": 1.32,
            "eps_growth_yearly": 206.18
        },
        "20173": {
            "year_quarter": 20173,
            "year": 2017,
            "quarter": 3,
            "eps": 0.88,
            "eps_growth_year": 252,
            "eps_4q": 1.36,
            "eps_4q_growth_year": null,
            "roe": 6.04,
            "roe_4q": 9.49,
            "gross_profit": null,
            "gross_margin": null,
            "gross_margin_4q_avg": 0,
            "net_income": 9023775,
            "net_income_4q": null,
            "revenue": 59225834,
            "revenue_4q": null,
            "common_shares": 102281441,
            "book_valuer_per_share": 13.66,
            "book_valuer_per_share_4q_avg": 12.86,
            "equity": 151477240,
            "current_ratio": null,
            "debt_ratio": 95.45,
            "inventory_turnover_ratio": null,
            "account_receivable_turnover_ratio": null,
            "reinvestment_rate": null,
            "research_to_sale_ratio": null,
            "price_fair": 58.24,
            "eps_avg_yearly": 1.66,
            "eps_latest_yearly": 3.52,
            "eps_growth_yearly": 244.94
        },
        "20174": {
            "year_quarter": 20174,
            "year": 2017,
            "quarter": 4,
            "eps": 0.02,
            "eps_growth_year": -94,
            "eps_4q": 1.03,
            "eps_4q_growth_year": null,
            "roe": 0.25,
            "roe_4q": 7.470000000000001,
            "gross_profit": null,
            "gross_margin": null,
            "gross_margin_4q_avg": 0,
            "net_income": 382282,
            "net_income_4q": null,
            "revenue": 53327263,
            "revenue_4q": null,
            "common_shares": 102419027,
            "book_valuer_per_share": 13.87,
            "book_valuer_per_share_4q_avg": 13.3,
            "equity": 155970601,
            "current_ratio": null,
            "debt_ratio": 95.39,
            "inventory_turnover_ratio": null,
            "account_receivable_turnover_ratio": null,
            "reinvestment_rate": null,
            "research_to_sale_ratio": null,
            "price_fair": 49,
            "eps_avg_yearly": 1.4,
            "eps_latest_yearly": 0.08,
            "eps_growth_yearly": 138.97
        },
        "20181": {
            "year_quarter": 20181,
            "year": 2018,
            "quarter": 1,
            "eps": 1.54,
            "eps_growth_year": null,
            "eps_4q": 2.77,
            "eps_4q_growth_year": null,
            "roe": 9.91,
            "roe_4q": 19.439999999999998,
            "gross_profit": null,
            "gross_margin": null,
            "gross_margin_4q_avg": 0,
            "net_income": 16269286,
            "net_income_4q": null,
            "revenue": 70136407,
            "revenue_4q": null,
            "common_shares": 106412449,
            "book_valuer_per_share": 14.75,
            "book_valuer_per_share_4q_avg": 13.89,
            "equity": 172443803,
            "current_ratio": null,
            "debt_ratio": 94.99,
            "inventory_turnover_ratio": null,
            "account_receivable_turnover_ratio": null,
            "reinvestment_rate": null,
            "research_to_sale_ratio": null,
            "price_fair": 72.8,
            "eps_avg_yearly": 2.08,
            "eps_latest_yearly": 6.16,
            "eps_growth_yearly": 4461.97
        },
        "20182": {
            "year_quarter": 20182,
            "year": 2018,
            "quarter": 2,
            "eps": 0.01,
            "eps_growth_year": -97.73,
            "eps_4q": 2.28,
            "eps_4q_growth_year": 211.05,
            "roe": 0.26,
            "roe_4q": 16.46,
            "gross_profit": null,
            "gross_margin": null,
            "gross_margin_4q_avg": 0,
            "net_income": 442573,
            "net_income_4q": null,
            "revenue": 59092111,
            "revenue_4q": null,
            "common_shares": 106412340,
            "book_valuer_per_share": 14.18,
            "book_valuer_per_share_4q_avg": 14.12,
            "equity": 169556482,
            "current_ratio": null,
            "debt_ratio": 95.26,
            "inventory_turnover_ratio": null,
            "account_receivable_turnover_ratio": null,
            "reinvestment_rate": null,
            "research_to_sale_ratio": null,
            "price_fair": 69.8,
            "eps_avg_yearly": 1.99,
            "eps_latest_yearly": 0.04,
            "eps_growth_yearly": 4392.01
        },
        "20183": {
            "year_quarter": 20183,
            "year": 2018,
            "quarter": 3,
            "eps": 0.24,
            "eps_growth_year": -72.73,
            "eps_4q": 1.71,
            "eps_4q_growth_year": 25.47,
            "roe": 1.59,
            "roe_4q": 12.01,
            "gross_profit": null,
            "gross_margin": null,
            "gross_margin_4q_avg": 0,
            "net_income": 2751400,
            "net_income_4q": null,
            "revenue": 65761750,
            "revenue_4q": null,
            "common_shares": 109640721,
            "book_valuer_per_share": 14.77,
            "book_valuer_per_share_4q_avg": 14.39,
            "equity": 177598094,
            "current_ratio": null,
            "debt_ratio": 95.12,
            "inventory_turnover_ratio": null,
            "account_receivable_turnover_ratio": null,
            "reinvestment_rate": null,
            "research_to_sale_ratio": null,
            "price_fair": 66,
            "eps_avg_yearly": 1.89,
            "eps_latest_yearly": 0.96,
            "eps_growth_yearly": 5609.87
        },
        "20184": {
            "year_quarter": 20184,
            "year": 2018,
            "quarter": 4,
            "eps": -0.74,
            "eps_growth_year": -3816.12,
            "eps_4q": 0.8,
            "eps_4q_growth_year": -22.8,
            "roe": -5.58,
            "roe_4q": 6.18,
            "gross_profit": null,
            "gross_margin": null,
            "gross_margin_4q_avg": 0,
            "net_income": -8984664,
            "net_income_4q": null,
            "revenue": 57869423,
            "revenue_4q": null,
            "common_shares": 121855057,
            "book_valuer_per_share": 11.8,
            "book_valuer_per_share_4q_avg": 13.88,
            "equity": 144615720,
            "current_ratio": null,
            "debt_ratio": 96.04,
            "inventory_turnover_ratio": null,
            "account_receivable_turnover_ratio": null,
            "reinvestment_rate": null,
            "research_to_sale_ratio": null,
            "price_fair": 66,
            "eps_avg_yearly": 1.89,
            "eps_latest_yearly": 0.96,
            "eps_growth_yearly": 5609.87
        },
        "20191": {
            "year_quarter": 20191,
            "year": 2019,
            "quarter": 1,
            "eps": 0.45,
            "eps_growth_year": -70.78,
            "eps_4q": -0.06,
            "eps_4q_growth_year": -102.14,
            "roe": 3.47,
            "roe_4q": -0.2599999999999998,
            "gross_profit": null,
            "gross_margin": null,
            "gross_margin_4q_avg": 0,
            "net_income": 5543790,
            "net_income_4q": null,
            "revenue": 67278220,
            "revenue_4q": null,
            "common_shares": 122603941,
            "book_valuer_per_share": 14.26,
            "book_valuer_per_share_4q_avg": 13.75,
            "equity": 174779062,
            "current_ratio": null,
            "debt_ratio": 95.37,
            "inventory_turnover_ratio": null,
            "account_receivable_turnover_ratio": null,
            "reinvestment_rate": null,
            "research_to_sale_ratio": null,
            "price_fair": 66,
            "eps_avg_yearly": 1.89,
            "eps_latest_yearly": 0.96,
            "eps_growth_yearly": 5609.87
        },
        "20192": {
            "year_quarter": 20192,
            "year": 2019,
            "quarter": 2,
            "eps": 0.42,
            "eps_growth_year": 4100,
            "eps_4q": 0.35,
            "eps_4q_growth_year": -84.7,
            "roe": 2.87,
            "roe_4q": 2.3499999999999996,
            "gross_profit": null,
            "gross_margin": null,
            "gross_margin_4q_avg": 0,
            "net_income": 5177225,
            "net_income_4q": null,
            "revenue": 68892169,
            "revenue_4q": null,
            "common_shares": 122603941,
            "book_valuer_per_share": 15.22,
            "book_valuer_per_share_4q_avg": 14.01,
            "equity": 186470468,
            "current_ratio": null,
            "debt_ratio": 95.18,
            "inventory_turnover_ratio": null,
            "account_receivable_turnover_ratio": null,
            "reinvestment_rate": null,
            "research_to_sale_ratio": null,
            "price_fair": 68.8,
            "eps_avg_yearly": 1.97,
            "eps_latest_yearly": 1.68,
            "eps_growth_yearly": 5616.15
        },
        "20193": {
            "year_quarter": 20193,
            "year": 2019,
            "quarter": 3,
            "eps": 0.68,
            "eps_growth_year": 183.33,
            "eps_4q": 0.8,
            "eps_4q_growth_year": -53.36,
            "roe": 4.4,
            "roe_4q": 5.16,
            "gross_profit": null,
            "gross_margin": null,
            "gross_margin_4q_avg": 0,
            "net_income": 8337545,
            "net_income_4q": null,
            "revenue": 68483994,
            "revenue_4q": null,
            "common_shares": 126003941,
            "book_valuer_per_share": 15.17,
            "book_valuer_per_share_4q_avg": 14.11,
            "equity": 192179884,
            "current_ratio": null,
            "debt_ratio": 95.11,
            "inventory_turnover_ratio": null,
            "account_receivable_turnover_ratio": null,
            "reinvestment_rate": null,
            "research_to_sale_ratio": null,
            "price_fair": 72.1,
            "eps_avg_yearly": 2.06,
            "eps_latest_yearly": 2.72,
            "eps_growth_yearly": 4945.08
        },
        "20194": {
            "year_quarter": 20194,
            "year": 2019,
            "quarter": 4,
            "eps": -0.19,
            "eps_growth_year": null,
            "eps_4q": 1.32,
            "eps_4q_growth_year": 65.21,
            "roe": -1.25,
            "roe_4q": 9.49,
            "gross_profit": null,
            "gross_margin": null,
            "gross_margin_4q_avg": 0,
            "net_income": -2428266,
            "net_income_4q": null,
            "revenue": 72385898,
            "revenue_4q": null,
            "common_shares": 126003941,
            "book_valuer_per_share": 15.42,
            "book_valuer_per_share_4q_avg": 15.02,
            "equity": 195296860,
            "current_ratio": null,
            "debt_ratio": 95.09,
            "inventory_turnover_ratio": null,
            "account_receivable_turnover_ratio": null,
            "reinvestment_rate": null,
            "research_to_sale_ratio": null,
            "price_fair": 72.1,
            "eps_avg_yearly": 2.06,
            "eps_latest_yearly": 2.72,
            "eps_growth_yearly": 4945.08
        },
        "20201": {
            "year_quarter": 20201,
            "year": 2020,
            "quarter": 1,
            "eps": 0.53,
            "eps_growth_year": 17.78,
            "eps_4q": 1.41,
            "eps_4q_growth_year": null,
            "roe": 3.86,
            "roe_4q": 9.879999999999999,
            "gross_profit": null,
            "gross_margin": null,
            "gross_margin_4q_avg": 0,
            "net_income": 6667492,
            "net_income_4q": null,
            "revenue": 68557886,
            "revenue_4q": null,
            "common_shares": 126003941,
            "book_valuer_per_share": 11.81,
            "book_valuer_per_share_4q_avg": 14.41,
            "equity": 149722485,
            "current_ratio": null,
            "debt_ratio": 96.25,
            "inventory_turnover_ratio": null,
            "account_receivable_turnover_ratio": null,
            "reinvestment_rate": null,
            "research_to_sale_ratio": null,
            "price_fair": 72.1,
            "eps_avg_yearly": 2.06,
            "eps_latest_yearly": 2.72,
            "eps_growth_yearly": 4945.08
        },
        "20202": {
            "year_quarter": 20202,
            "year": 2020,
            "quarter": 2,
            "eps": 0.01,
            "eps_growth_year": -97.62,
            "eps_4q": 0.98,
            "eps_4q_growth_year": 180.09,
            "roe": 0.1,
            "roe_4q": 7.11,
            "gross_profit": null,
            "gross_margin": null,
            "gross_margin_4q_avg": 0,
            "net_income": 198114,
            "net_income_4q": null,
            "revenue": 79534336,
            "revenue_4q": null,
            "common_shares": 130203941,
            "book_valuer_per_share": 17.88,
            "book_valuer_per_share_4q_avg": 15.07,
            "equity": 233869996,
            "current_ratio": null,
            "debt_ratio": 94.45,
            "inventory_turnover_ratio": null,
            "account_receivable_turnover_ratio": null,
            "reinvestment_rate": 66.59,
            "research_to_sale_ratio": null,
            "price_fair": 64.24,
            "eps_avg_yearly": 1.84,
            "eps_latest_yearly": 0.04,
            "eps_growth_yearly": 4352.02
        },
        "20203": {
            "year_quarter": 20203,
            "year": 2020,
            "quarter": 3,
            "eps": 0.76,
            "eps_growth_year": 11.76,
            "eps_4q": 1.1,
            "eps_4q_growth_year": 37.71,
            "roe": 4.13,
            "roe_4q": 6.84,
            "gross_profit": null,
            "gross_margin": null,
            "gross_margin_4q_avg": 0,
            "net_income": 9877002,
            "net_income_4q": null,
            "revenue": 68469503,
            "revenue_4q": null,
            "common_shares": 130203941,
            "book_valuer_per_share": 18.41,
            "book_valuer_per_share_4q_avg": 15.88,
            "equity": 244943574,
            "current_ratio": null,
            "debt_ratio": 94.24,
            "inventory_turnover_ratio": null,
            "account_receivable_turnover_ratio": null,
            "reinvestment_rate": 10.22,
            "research_to_sale_ratio": null,
            "price_fair": 68.46,
            "eps_avg_yearly": 1.96,
            "eps_latest_yearly": 3.04,
            "eps_growth_yearly": 6916.82
        },
        "20204": {
            "year_quarter": 20204,
            "year": 2020,
            "quarter": 4,
            "eps": -0.25,
            "eps_growth_year": null,
            "eps_4q": 1.03,
            "eps_4q_growth_year": -21.71,
            "roe": -1.33,
            "roe_4q": 6.76,
            "gross_profit": null,
            "gross_margin": null,
            "gross_margin_4q_avg": 0,
            "net_income": -3244077,
            "net_income_4q": null,
            "revenue": 50698909,
            "revenue_4q": null,
            "common_shares": 130203941,
            "book_valuer_per_share": 18.12,
            "book_valuer_per_share_4q_avg": 16.56,
            "equity": 241578858,
            "current_ratio": null,
            "debt_ratio": 94.46,
            "inventory_turnover_ratio": null,
            "account_receivable_turnover_ratio": null,
            "reinvestment_rate": 10.8,
            "research_to_sale_ratio": null,
            "price_fair": 70.93,
            "eps_avg_yearly": 2.03,
            "eps_latest_yearly": 3.04,
            "eps_growth_yearly": 7671.13
        },
        "20211": {
            "year_quarter": 20211,
            "year": 2021,
            "quarter": 1,
            "eps": 0.72,
            "eps_growth_year": 35.85,
            "eps_4q": 1.24,
            "eps_4q_growth_year": -11.66,
            "roe": 3.99,
            "roe_4q": 6.89,
            "gross_profit": null,
            "gross_margin": null,
            "gross_margin_4q_avg": 0,
            "net_income": 9439220,
            "net_income_4q": null,
            "revenue": 56443773,
            "revenue_4q": null,
            "common_shares": 130203941,
            "book_valuer_per_share": 17.34,
            "book_valuer_per_share_4q_avg": 17.94,
            "equity": 231378417,
            "current_ratio": null,
            "debt_ratio": 94.79,
            "inventory_turnover_ratio": null,
            "account_receivable_turnover_ratio": null,
            "reinvestment_rate": 10.17,
            "research_to_sale_ratio": null,
            "price_fair": 70.93,
            "eps_avg_yearly": 2.03,
            "eps_latest_yearly": 3.04,
            "eps_growth_yearly": 7671.13
        },
        "20212": {
            "year_quarter": 20212,
            "year": 2021,
            "quarter": 2,
            "eps": 0.32,
            "eps_growth_year": 3100,
            "eps_4q": 1.55,
            "eps_4q_growth_year": 58.45,
            "roe": 1.74,
            "roe_4q": 8.530000000000001,
            "gross_profit": null,
            "gross_margin": null,
            "gross_margin_4q_avg": 0,
            "net_income": 4177339,
            "net_income_4q": null,
            "revenue": 58262967,
            "revenue_4q": null,
            "common_shares": 130203941,
            "book_valuer_per_share": 18.6,
            "book_valuer_per_share_4q_avg": 18.12,
            "equity": 248036017,
            "current_ratio": null,
            "debt_ratio": 94.56,
            "inventory_turnover_ratio": null,
            "account_receivable_turnover_ratio": null,
            "reinvestment_rate": 9.02,
            "research_to_sale_ratio": null,
            "price_fair": 68.32,
            "eps_avg_yearly": 1.95,
            "eps_latest_yearly": 1.28,
            "eps_growth_yearly": 6881.8
        },
        "20213": {
            "year_quarter": 20213,
            "year": 2021,
            "quarter": 3,
            "eps": 0.57,
            "eps_growth_year": -25,
            "eps_4q": 1.31,
            "eps_4q_growth_year": 19.13,
            "roe": 3.23,
            "roe_4q": 7.630000000000001,
            "gross_profit": null,
            "gross_margin": null,
            "gross_margin_4q_avg": 0,
            "net_income": 8038626,
            "net_income_4q": null,
            "revenue": 55574746,
            "revenue_4q": null,
            "common_shares": 140203941,
            "book_valuer_per_share": 17.16,
            "book_valuer_per_share_4q_avg": 17.81,
            "equity": 249756476,
            "current_ratio": null,
            "debt_ratio": 94.56,
            "inventory_turnover_ratio": null,
            "account_receivable_turnover_ratio": null,
            "reinvestment_rate": 23.08,
            "research_to_sale_ratio": null,
            "price_fair": 63.98,
            "eps_avg_yearly": 1.83,
            "eps_latest_yearly": 2.28,
            "eps_growth_yearly": 6873.05
        },
        "20214": {
            "year_quarter": 20214,
            "year": 2021,
            "quarter": 4,
            "eps": 0.07,
            "eps_growth_year": null,
            "eps_4q": 1.6,
            "eps_4q_growth_year": 55.19,
            "roe": 0.42,
            "roe_4q": 9.379999999999999,
            "gross_profit": null,
            "gross_margin": null,
            "gross_margin_4q_avg": 0,
            "net_income": 1075305,
            "net_income_4q": null,
            "revenue": 46230660,
            "revenue_4q": null,
            "common_shares": 140417721,
            "book_valuer_per_share": 18.21,
            "book_valuer_per_share_4q_avg": 17.83,
            "equity": 263382377,
            "current_ratio": null,
            "debt_ratio": 94.38,
            "inventory_turnover_ratio": null,
            "account_receivable_turnover_ratio": null,
            "reinvestment_rate": 18.01,
            "research_to_sale_ratio": null,
            "price_fair": 64.68,
            "eps_avg_yearly": 1.85,
            "eps_latest_yearly": 0.28,
            "eps_growth_yearly": 6877.05
        },
        "20221": {
            "year_quarter": 20221,
            "year": 2022,
            "quarter": 1,
            "eps": 0.24,
            "eps_growth_year": -66.67,
            "eps_4q": 1.17,
            "eps_4q_growth_year": -5.58,
            "roe": 1.36,
            "roe_4q": 6.75,
            "gross_profit": null,
            "gross_margin": null,
            "gross_margin_4q_avg": 0,
            "net_income": 3476790,
            "net_income_4q": null,
            "revenue": 49142735,
            "revenue_4q": null,
            "common_shares": 141459649,
            "book_valuer_per_share": 16.99,
            "book_valuer_per_share_4q_avg": 17.74,
            "equity": 246903110,
            "current_ratio": null,
            "debt_ratio": 94.8,
            "inventory_turnover_ratio": null,
            "account_receivable_turnover_ratio": null,
            "reinvestment_rate": 22.85,
            "research_to_sale_ratio": null,
            "price_fair": 46.48,
            "eps_avg_yearly": 1.33,
            "eps_latest_yearly": 0.96,
            "eps_growth_yearly": 3934.19
        },
        "20222": {
            "year_quarter": 20222,
            "year": 2022,
            "quarter": 2,
            "eps": -0.07,
            "eps_growth_year": -121.88,
            "eps_4q": 0.77,
            "eps_4q_growth_year": -50.3,
            "roe": -0.25,
            "roe_4q": 4.76,
            "gross_profit": null,
            "gross_margin": null,
            "gross_margin_4q_avg": 0,
            "net_income": -560913,
            "net_income_4q": null,
            "revenue": 27223626,
            "revenue_4q": null,
            "common_shares": 154876182,
            "book_valuer_per_share": 12.95,
            "book_valuer_per_share_4q_avg": 16.33,
            "equity": 204845761,
            "current_ratio": null,
            "debt_ratio": 95.7,
            "inventory_turnover_ratio": null,
            "account_receivable_turnover_ratio": null,
            "reinvestment_rate": 23.11,
            "research_to_sale_ratio": null,
            "price_fair": 51.49,
            "eps_avg_yearly": 1.47,
            "eps_latest_yearly": 0.96,
            "eps_growth_yearly": 4415.48
        },
        "20223": {
            "year_quarter": 20223,
            "year": 2022,
            "quarter": 3,
            "eps": 0.48,
            "eps_growth_year": -15.79,
            "eps_4q": 0.73,
            "eps_4q_growth_year": -43.83,
            "roe": 3.91,
            "roe_4q": 5.44,
            "gross_profit": null,
            "gross_margin": null,
            "gross_margin_4q_avg": 0,
            "net_income": 7460721,
            "net_income_4q": null,
            "revenue": 31614271,
            "revenue_4q": null,
            "common_shares": 154876182,
            "book_valuer_per_share": 11.16,
            "book_valuer_per_share_4q_avg": 14.83,
            "equity": 176587185,
            "current_ratio": null,
            "debt_ratio": 96.37,
            "inventory_turnover_ratio": null,
            "account_receivable_turnover_ratio": null,
            "reinvestment_rate": 19.22,
            "research_to_sale_ratio": null,
            "price_fair": 53.73,
            "eps_avg_yearly": 1.54,
            "eps_latest_yearly": 0.96,
            "eps_growth_yearly": 3817.42
        },
        "20224": {
            "year_quarter": 20224,
            "year": 2022,
            "quarter": 4,
            "eps": -0.53,
            "eps_growth_year": -811.24,
            "eps_4q": 0.13,
            "eps_4q_growth_year": -91.59,
            "roe": -4.22,
            "roe_4q": 0.8000000000000005,
            "gross_profit": null,
            "gross_margin": null,
            "gross_margin_4q_avg": 0,
            "net_income": -8207910,
            "net_income_4q": null,
            "revenue": -7072916,
            "revenue_4q": null,
            "common_shares": 154876182,
            "book_valuer_per_share": 13.41,
            "book_valuer_per_share_4q_avg": 13.63,
            "equity": 212129702,
            "current_ratio": null,
            "debt_ratio": 95.63,
            "inventory_turnover_ratio": null,
            "account_receivable_turnover_ratio": null,
            "reinvestment_rate": 18.74,
            "research_to_sale_ratio": null,
            "price_fair": 53.73,
            "eps_avg_yearly": 1.54,
            "eps_latest_yearly": 0.96,
            "eps_growth_yearly": 3817.42
        },
        "20231": {
            "year_quarter": 20231,
            "year": 2023,
            "quarter": 1,
            "eps": -0.58,
            "eps_growth_year": -341.67,
            "eps_4q": -0.67,
            "eps_4q_growth_year": -157.32,
            "roe": -4.13,
            "roe_4q": -4.6899999999999995,
            "gross_profit": null,
            "gross_margin": null,
            "gross_margin_4q_avg": 0,
            "net_income": -9028476,
            "net_income_4q": null,
            "revenue": 4179720,
            "revenue_4q": null,
            "common_shares": 154876182,
            "book_valuer_per_share": 14.25,
            "book_valuer_per_share_4q_avg": 12.94,
            "equity": 225292772,
            "current_ratio": null,
            "debt_ratio": 95.34,
            "inventory_turnover_ratio": null,
            "account_receivable_turnover_ratio": null,
            "reinvestment_rate": 27.34,
            "research_to_sale_ratio": null,
            "price_fair": 53.73,
            "eps_avg_yearly": 1.54,
            "eps_latest_yearly": 0.96,
            "eps_growth_yearly": 3817.42
        },
        "20232": {
            "year_quarter": 20232,
            "year": 2023,
            "quarter": 2,
            "eps": 0.17,
            "eps_growth_year": null,
            "eps_4q": -0.46,
            "eps_4q_growth_year": -160.03,
            "roe": 1.17,
            "roe_4q": -3.2699999999999996,
            "gross_profit": null,
            "gross_margin": null,
            "gross_margin_4q_avg": 0,
            "net_income": 2696771,
            "net_income_4q": null,
            "revenue": 12695485,
            "revenue_4q": null,
            "common_shares": 154876182,
            "book_valuer_per_share": 14.98,
            "book_valuer_per_share_4q_avg": 13.45,
            "equity": 236775660,
            "current_ratio": null,
            "debt_ratio": 95.22,
            "inventory_turnover_ratio": null,
            "account_receivable_turnover_ratio": null,
            "reinvestment_rate": 29.22,
            "research_to_sale_ratio": null,
            "price_fair": 53,
            "eps_avg_yearly": 1.51,
            "eps_latest_yearly": 0.96,
            "eps_growth_yearly": 4366.57
        },
        "20233": {
            "year_quarter": 20233,
            "year": 2023,
            "quarter": 3,
            "eps": 0.36,
            "eps_growth_year": -25,
            "eps_4q": -0.58,
            "eps_4q_growth_year": -179.11,
            "roe": 2.41,
            "roe_4q": -4.77,
            "gross_profit": null,
            "gross_margin": null,
            "gross_margin_4q_avg": 0,
            "net_income": 5638492,
            "net_income_4q": null,
            "revenue": 13392001,
            "revenue_4q": null,
            "common_shares": 154876182,
            "book_valuer_per_share": 14.59,
            "book_valuer_per_share_4q_avg": 14.31,
            "equity": 230745080,
            "current_ratio": null,
            "debt_ratio": 95.33,
            "inventory_turnover_ratio": null,
            "account_receivable_turnover_ratio": null,
            "reinvestment_rate": 31.3,
            "research_to_sale_ratio": null,
            "price_fair": 46.6,
            "eps_avg_yearly": 1.33,
            "eps_latest_yearly": 1.44,
            "eps_growth_yearly": 4395.06
        }
    },
    "months": {
        "2002-02": {
            "month": "2002-02",
            "price": "20.64",
            "revenue": 260229
        },
        "2002-03": {
            "month": "2002-03",
            "price": "20.21",
            "revenue": 523446
        },
        "2002-04": {
            "month": "2002-04",
            "price": "22.13",
            "revenue": 249467
        },
        "2002-05": {
            "month": "2002-05",
            "price": "20.67",
            "revenue": 229
        },
        "2002-06": {
            "month": "2002-06",
            "price": "19.81",
            "revenue": -22051353
        },
        "2002-07": {
            "month": "2002-07",
            "price": "13.62",
            "revenue": -55120
        },
        "2002-08": {
            "month": "2002-08",
            "price": "11.78",
            "revenue": 207955
        },
        "2002-09": {
            "month": "2002-09",
            "price": "9.30",
            "revenue": -1293676
        },
        "2002-10": {
            "month": "2002-10",
            "price": "7.66",
            "revenue": 615335
        },
        "2002-11": {
            "month": "2002-11",
            "price": "8.26",
            "revenue": 1010126
        },
        "2002-12": {
            "month": "2002-12",
            "price": "8.82",
            "revenue": 6554779
        },
        "2003-01": {
            "month": "2003-01",
            "price": "10.68",
            "revenue": 734446
        },
        "2003-02": {
            "month": "2003-02",
            "price": "10.80",
            "revenue": -330628
        },
        "2003-03": {
            "month": "2003-03",
            "price": "9.29",
            "revenue": 237339
        },
        "2003-04": {
            "month": "2003-04",
            "price": "9.01",
            "revenue": 209201
        },
        "2003-05": {
            "month": "2003-05",
            "price": "8.44",
            "revenue": 1045386
        },
        "2003-06": {
            "month": "2003-06",
            "price": "9.95",
            "revenue": 1517801
        },
        "2003-07": {
            "month": "2003-07",
            "price": "13.25",
            "revenue": 396867
        },
        "2003-08": {
            "month": "2003-08",
            "price": "14.91",
            "revenue": 410486
        },
        "2003-09": {
            "month": "2003-09",
            "price": "16.74",
            "revenue": -166797
        },
        "2003-10": {
            "month": "2003-10",
            "price": "19.57",
            "revenue": -179246
        },
        "2003-11": {
            "month": "2003-11",
            "price": "21.48",
            "revenue": 785545
        },
        "2003-12": {
            "month": "2003-12",
            "price": "21.97",
            "revenue": 763459
        },
        "2004-01": {
            "month": "2004-01",
            "price": "24.74",
            "revenue": 745058
        },
        "2004-02": {
            "month": "2004-02",
            "price": "29.08",
            "revenue": 378820
        },
        "2004-03": {
            "month": "2004-03",
            "price": "29.41",
            "revenue": 1238883
        },
        "2004-04": {
            "month": "2004-04",
            "price": "31.08",
            "revenue": 891797
        },
        "2004-05": {
            "month": "2004-05",
            "price": "28.33",
            "revenue": -929926
        },
        "2004-06": {
            "month": "2004-06",
            "price": "28.48",
            "revenue": 1016937
        },
        "2004-07": {
            "month": "2004-07",
            "price": "25.04",
            "revenue": 244793
        },
        "2004-08": {
            "month": "2004-08",
            "price": "22.96",
            "revenue": 442314
        },
        "2004-09": {
            "month": "2004-09",
            "price": "27.21",
            "revenue": 2137563
        },
        "2004-10": {
            "month": "2004-10",
            "price": "29.54",
            "revenue": 431641
        },
        "2004-11": {
            "month": "2004-11",
            "price": "29.73",
            "revenue": 23626
        },
        "2004-12": {
            "month": "2004-12",
            "price": "29.59",
            "revenue": 154695
        },
        "2005-01": {
            "month": "2005-01",
            "price": "30.31",
            "revenue": 1921593
        },
        "2005-02": {
            "month": "2005-02",
            "price": "31.35",
            "revenue": 829898
        },
        "2005-03": {
            "month": "2005-03",
            "price": "32.56",
            "revenue": 316550
        },
        "2005-04": {
            "month": "2005-04",
            "price": "30.40",
            "revenue": 510740
        },
        "2005-05": {
            "month": "2005-05",
            "price": "30.72",
            "revenue": 430402
        },
        "2005-06": {
            "month": "2005-06",
            "price": "31.77",
            "revenue": 1161520
        },
        "2005-07": {
            "month": "2005-07",
            "price": "32.18",
            "revenue": 1487547
        },
        "2005-08": {
            "month": "2005-08",
            "price": "31.14",
            "revenue": 390269
        },
        "2005-09": {
            "month": "2005-09",
            "price": "28.23",
            "revenue": 170041
        },
        "2005-10": {
            "month": "2005-10",
            "price": "25.82",
            "revenue": 533808
        },
        "2005-11": {
            "month": "2005-11",
            "price": "25.08",
            "revenue": 661077
        },
        "2005-12": {
            "month": "2005-12",
            "price": "25.34",
            "revenue": -763450
        },
        "2006-01": {
            "month": "2006-01",
            "price": "25.91",
            "revenue": 4572417
        },
        "2006-02": {
            "month": "2006-02",
            "price": "28.04",
            "revenue": 2016580
        },
        "2006-03": {
            "month": "2006-03",
            "price": "26.64",
            "revenue": 650240
        },
        "2006-04": {
            "month": "2006-04",
            "price": "28.61",
            "revenue": -614111
        },
        "2006-05": {
            "month": "2006-05",
            "price": "34.41",
            "revenue": -269220
        },
        "2006-06": {
            "month": "2006-06",
            "price": "33.48",
            "revenue": -82495
        },
        "2006-07": {
            "month": "2006-07",
            "price": "34.36",
            "revenue": 850388
        },
        "2006-08": {
            "month": "2006-08",
            "price": "30.30",
            "revenue": 809178
        },
        "2006-09": {
            "month": "2006-09",
            "price": "29.48",
            "revenue": 814521
        },
        "2006-10": {
            "month": "2006-10",
            "price": "30.01",
            "revenue": 849019
        },
        "2006-11": {
            "month": "2006-11",
            "price": "30.38",
            "revenue": -435779
        },
        "2006-12": {
            "month": "2006-12",
            "price": "33.66",
            "revenue": -3947012
        },
        "2007-01": {
            "month": "2007-01",
            "price": "33.33",
            "revenue": 2904076
        },
        "2007-02": {
            "month": "2007-02",
            "price": "32.82",
            "revenue": 1865889
        },
        "2007-03": {
            "month": "2007-03",
            "price": "30.03",
            "revenue": 1960751
        },
        "2007-04": {
            "month": "2007-04",
            "price": "30.85",
            "revenue": 2171616
        },
        "2007-05": {
            "month": "2007-05",
            "price": "33.37",
            "revenue": -233894
        },
        "2007-06": {
            "month": "2007-06",
            "price": "36.12",
            "revenue": 71217
        },
        "2007-07": {
            "month": "2007-07",
            "price": "40.41",
            "revenue": 2141279
        },
        "2007-08": {
            "month": "2007-08",
            "price": "33.32",
            "revenue": -989343
        },
        "2007-09": {
            "month": "2007-09",
            "price": "30.19",
            "revenue": -2965076
        },
        "2007-10": {
            "month": "2007-10",
            "price": "30.42",
            "revenue": 965188
        },
        "2007-11": {
            "month": "2007-11",
            "price": "26.34",
            "revenue": -3078735
        },
        "2007-12": {
            "month": "2007-12",
            "price": "23.92",
            "revenue": -301500
        },
        "2008-01": {
            "month": "2008-01",
            "price": "22.25",
            "revenue": -1542471
        },
        "2008-02": {
            "month": "2008-02",
            "price": "22.74",
            "revenue": -2108084
        },
        "2008-03": {
            "month": "2008-03",
            "price": "22.36",
            "revenue": -3057841
        },
        "2008-04": {
            "month": "2008-04",
            "price": "26.07",
            "revenue": -456635
        },
        "2008-05": {
            "month": "2008-05",
            "price": "27.23",
            "revenue": -1077321
        },
        "2008-06": {
            "month": "2008-06",
            "price": "24.01",
            "revenue": -3344808
        },
        "2008-07": {
            "month": "2008-07",
            "price": "18.50",
            "revenue": -70751
        },
        "2008-08": {
            "month": "2008-08",
            "price": "17.61",
            "revenue": 2641401
        },
        "2008-09": {
            "month": "2008-09",
            "price": "13.96",
            "revenue": -6099899
        },
        "2008-10": {
            "month": "2008-10",
            "price": "8.22",
            "revenue": -226656
        },
        "2008-11": {
            "month": "2008-11",
            "price": "8.23",
            "revenue": -390156
        },
        "2008-12": {
            "month": "2008-12",
            "price": "8.78",
            "revenue": -4282698
        },
        "2009-01": {
            "month": "2009-01",
            "price": "8.33",
            "revenue": 1000100
        },
        "2009-02": {
            "month": "2009-02",
            "price": "7.76",
            "revenue": 1310479
        },
        "2009-03": {
            "month": "2009-03",
            "price": "8.00",
            "revenue": -2848853
        },
        "2009-04": {
            "month": "2009-04",
            "price": "10.90",
            "revenue": 4289132
        },
        "2009-05": {
            "month": "2009-05",
            "price": "14.15",
            "revenue": -1355613
        },
        "2009-06": {
            "month": "2009-06",
            "price": "13.87",
            "revenue": -2763302
        },
        "2009-07": {
            "month": "2009-07",
            "price": "13.71",
            "revenue": -868329
        },
        "2009-08": {
            "month": "2009-08",
            "price": "11.46",
            "revenue": 1560568
        },
        "2009-09": {
            "month": "2009-09",
            "price": "12.31",
            "revenue": 671347
        },
        "2009-10": {
            "month": "2009-10",
            "price": "14.09",
            "revenue": 146530
        },
        "2009-11": {
            "month": "2009-11",
            "price": "13.76",
            "revenue": -247173
        },
        "2009-12": {
            "month": "2009-12",
            "price": "12.88",
            "revenue": 778574
        },
        "2010-01": {
            "month": "2010-01",
            "price": "13.26",
            "revenue": -1130104
        },
        "2010-02": {
            "month": "2010-02",
            "price": "11.51",
            "revenue": -279734
        },
        "2010-03": {
            "month": "2010-03",
            "price": "12.05",
            "revenue": -1309883
        },
        "2010-04": {
            "month": "2010-04",
            "price": "12.63",
            "revenue": -14822
        },
        "2010-05": {
            "month": "2010-05",
            "price": "11.52",
            "revenue": 585864
        },
        "2010-06": {
            "month": "2010-06",
            "price": "11.03",
            "revenue": -527265
        },
        "2010-07": {
            "month": "2010-07",
            "price": "11.57",
            "revenue": 1877239
        },
        "2010-08": {
            "month": "2010-08",
            "price": "11.58",
            "revenue": 1956955
        },
        "2010-09": {
            "month": "2010-09",
            "price": "11.03",
            "revenue": 931322
        },
        "2010-10": {
            "month": "2010-10",
            "price": "11.47",
            "revenue": 1115705
        },
        "2010-11": {
            "month": "2010-11",
            "price": "11.27",
            "revenue": 1563707
        },
        "2010-12": {
            "month": "2010-12",
            "price": "12.35",
            "revenue": -1620892
        },
        "2011-01": {
            "month": "2011-01",
            "price": "14.49",
            "revenue": -1712581
        },
        "2011-02": {
            "month": "2011-02",
            "price": "12.94",
            "revenue": 3349600
        },
        "2011-03": {
            "month": "2011-03",
            "price": "12.30",
            "revenue": -211894
        },
        "2011-04": {
            "month": "2011-04",
            "price": "12.36",
            "revenue": 588327
        },
        "2011-05": {
            "month": "2011-05",
            "price": "12.25",
            "revenue": -500591
        },
        "2011-06": {
            "month": "2011-06",
            "price": "12.18",
            "revenue": 675861
        },
        "2011-07": {
            "month": "2011-07",
            "price": "12.67",
            "revenue": 3058963
        },
        "2011-08": {
            "month": "2011-08",
            "price": "10.79",
            "revenue": 658682
        },
        "2011-09": {
            "month": "2011-09",
            "price": "9.32",
            "revenue": 635259
        },
        "2011-10": {
            "month": "2011-10",
            "price": "9.03",
            "revenue": 97907
        },
        "2011-11": {
            "month": "2011-11",
            "price": "8.67",
            "revenue": -674454
        },
        "2011-12": {
            "month": "2011-12",
            "price": "8.29",
            "revenue": 82448
        },
        "2012-01": {
            "month": "2012-01",
            "price": "8.57",
            "revenue": 1396133
        },
        "2012-02": {
            "month": "2012-02",
            "price": "9.72",
            "revenue": 898741
        },
        "2012-03": {
            "month": "2012-03",
            "price": "9.82",
            "revenue": 769590
        },
        "2012-04": {
            "month": "2012-04",
            "price": "8.80",
            "revenue": -700173
        },
        "2012-05": {
            "month": "2012-05",
            "price": "8.34",
            "revenue": 5065596
        },
        "2012-06": {
            "month": "2012-06",
            "price": "8.35",
            "revenue": 417294
        },
        "2012-07": {
            "month": "2012-07",
            "price": "8.89",
            "revenue": 2225706
        },
        "2012-08": {
            "month": "2012-08",
            "price": "8.70",
            "revenue": 651243
        },
        "2012-09": {
            "month": "2012-09",
            "price": "8.19",
            "revenue": -64636
        },
        "2012-10": {
            "month": "2012-10",
            "price": "7.93",
            "revenue": 401564
        },
        "2012-11": {
            "month": "2012-11",
            "price": "7.71",
            "revenue": -421418
        },
        "2012-12": {
            "month": "2012-12",
            "price": "8.16",
            "revenue": -313191
        },
        "2013-01": {
            "month": "2013-01",
            "price": "8.19",
            "revenue": 13877493
        },
        "2013-02": {
            "month": "2013-02",
            "price": "8.85",
            "revenue": 7675067
        },
        "2013-03": {
            "month": "2013-03",
            "price": "9.31",
            "revenue": 15025706
        },
        "2013-04": {
            "month": "2013-04",
            "price": "9.19",
            "revenue": 9350053
        },
        "2013-05": {
            "month": "2013-05",
            "price": "10.05",
            "revenue": 10700707
        },
        "2013-06": {
            "month": "2013-06",
            "price": "10.02",
            "revenue": 11608590
        },
        "2013-07": {
            "month": "2013-07",
            "price": "10.14",
            "revenue": 17233328
        },
        "2013-08": {
            "month": "2013-08",
            "price": "9.97",
            "revenue": 9490107
        },
        "2013-09": {
            "month": "2013-09",
            "price": "10.05",
            "revenue": 11510576
        },
        "2013-10": {
            "month": "2013-10",
            "price": "10.32",
            "revenue": 10824231
        },
        "2013-11": {
            "month": "2013-11",
            "price": "10.08",
            "revenue": 15624966
        },
        "2013-12": {
            "month": "2013-12",
            "price": "10.21",
            "revenue": 16916634
        },
        "2014-01": {
            "month": "2014-01",
            "price": "10.40",
            "revenue": 16232758
        },
        "2014-02": {
            "month": "2014-02",
            "price": "10.05",
            "revenue": 10890909
        },
        "2014-03": {
            "month": "2014-03",
            "price": "9.64",
            "revenue": 14761572
        },
        "2014-04": {
            "month": "2014-04",
            "price": "9.49",
            "revenue": 12746181
        },
        "2014-05": {
            "month": "2014-05",
            "price": "9.23",
            "revenue": 12257058
        },
        "2014-06": {
            "month": "2014-06",
            "price": "9.24",
            "revenue": 21297430
        },
        "2014-07": {
            "month": "2014-07",
            "price": "9.63",
            "revenue": 18125979
        },
        "2014-08": {
            "month": "2014-08",
            "price": "9.69",
            "revenue": 16656630
        },
        "2014-09": {
            "month": "2014-09",
            "price": "9.80",
            "revenue": 25259339
        },
        "2014-10": {
            "month": "2014-10",
            "price": "9.03",
            "revenue": 13775499
        },
        "2014-11": {
            "month": "2014-11",
            "price": "9.18",
            "revenue": 19037329
        },
        "2014-12": {
            "month": "2014-12",
            "price": "9.03",
            "revenue": 5267276
        },
        "2015-01": {
            "month": "2015-01",
            "price": "8.89",
            "revenue": 18202371
        },
        "2015-02": {
            "month": "2015-02",
            "price": "8.87",
            "revenue": 14203016
        },
        "2015-03": {
            "month": "2015-03",
            "price": "8.94",
            "revenue": 22173364
        },
        "2015-04": {
            "month": "2015-04",
            "price": "9.38",
            "revenue": 19032864
        },
        "2015-05": {
            "month": "2015-05",
            "price": "9.89",
            "revenue": 15387408
        },
        "2015-06": {
            "month": "2015-06",
            "price": "9.57",
            "revenue": 21252399
        },
        "2015-07": {
            "month": "2015-07",
            "price": "9.32",
            "revenue": 16495310
        },
        "2015-08": {
            "month": "2015-08",
            "price": "8.31",
            "revenue": 10510450
        },
        "2015-09": {
            "month": "2015-09",
            "price": "7.90",
            "revenue": 17913179
        },
        "2015-10": {
            "month": "2015-10",
            "price": "7.99",
            "revenue": 14664242
        },
        "2015-11": {
            "month": "2015-11",
            "price": "7.47",
            "revenue": 18448954
        },
        "2015-12": {
            "month": "2015-12",
            "price": "6.97",
            "revenue": 18825087
        },
        "2016-01": {
            "month": "2016-01",
            "price": "6.30",
            "revenue": 13800240
        },
        "2016-02": {
            "month": "2016-02",
            "price": "6.23",
            "revenue": 14292067
        },
        "2016-03": {
            "month": "2016-03",
            "price": "6.62",
            "revenue": 19335949
        },
        "2016-04": {
            "month": "2016-04",
            "price": "6.38",
            "revenue": 17848943
        },
        "2016-05": {
            "month": "2016-05",
            "price": "6.35",
            "revenue": 19755978
        },
        "2016-06": {
            "month": "2016-06",
            "price": "6.55",
            "revenue": 29823421
        },
        "2016-07": {
            "month": "2016-07",
            "price": "6.50",
            "revenue": 26318408
        },
        "2016-08": {
            "month": "2016-08",
            "price": "6.68",
            "revenue": 20622508
        },
        "2016-09": {
            "month": "2016-09",
            "price": "6.91",
            "revenue": 20590478
        },
        "2016-10": {
            "month": "2016-10",
            "price": "6.87",
            "revenue": 13848309
        },
        "2016-11": {
            "month": "2016-11",
            "price": "7.14",
            "revenue": 19842415
        },
        "2016-12": {
            "month": "2016-12",
            "price": "8.03",
            "revenue": 21537325
        },
        "2017-01": {
            "month": "2017-01",
            "price": "7.97",
            "revenue": 21917619
        },
        "2017-02": {
            "month": "2017-02",
            "price": "8.36",
            "revenue": 16686292
        },
        "2017-03": {
            "month": "2017-03",
            "price": "8.55",
            "revenue": 15929906
        },
        "2017-04": {
            "month": "2017-04",
            "price": "8.25",
            "revenue": 19690136
        },
        "2017-05": {
            "month": "2017-05",
            "price": "7.96",
            "revenue": 21735221
        },
        "2017-06": {
            "month": "2017-06",
            "price": "7.84",
            "revenue": 29986603
        },
        "2017-07": {
            "month": "2017-07",
            "price": "8.20",
            "revenue": 26333902
        },
        "2017-08": {
            "month": "2017-08",
            "price": "8.41",
            "revenue": 15666447
        },
        "2017-09": {
            "month": "2017-09",
            "price": "9.32",
            "revenue": 17642188
        },
        "2017-10": {
            "month": "2017-10",
            "price": "9.35",
            "revenue": 14495297
        },
        "2017-11": {
            "month": "2017-11",
            "price": "9.88",
            "revenue": 19712772
        },
        "2017-12": {
            "month": "2017-12",
            "price": "10.43",
            "revenue": 19869975
        },
        "2018-01": {
            "month": "2018-01",
            "price": "10.70",
            "revenue": 37060994
        },
        "2018-02": {
            "month": "2018-02",
            "price": "10.95",
            "revenue": 12998171
        },
        "2018-03": {
            "month": "2018-03",
            "price": "11.89",
            "revenue": 20656215
        },
        "2018-04": {
            "month": "2018-04",
            "price": "11.93",
            "revenue": 20320265
        },
        "2018-05": {
            "month": "2018-05",
            "price": "12.13",
            "revenue": 17449996
        },
        "2018-06": {
            "month": "2018-06",
            "price": "11.96",
            "revenue": 21680637
        },
        "2018-07": {
            "month": "2018-07",
            "price": "11.42",
            "revenue": 30435821
        },
        "2018-08": {
            "month": "2018-08",
            "price": "11.71",
            "revenue": 17559304
        },
        "2018-09": {
            "month": "2018-09",
            "price": "12.00",
            "revenue": 19018256
        },
        "2018-10": {
            "month": "2018-10",
            "price": "10.66",
            "revenue": 18347708
        },
        "2018-11": {
            "month": "2018-11",
            "price": "10.27",
            "revenue": 21316558
        },
        "2018-12": {
            "month": "2018-12",
            "price": "9.53",
            "revenue": 18925856
        },
        "2019-01": {
            "month": "2019-01",
            "price": "8.61",
            "revenue": 31829943
        },
        "2019-02": {
            "month": "2019-02",
            "price": "9.02",
            "revenue": 17302630
        },
        "2019-03": {
            "month": "2019-03",
            "price": "9.07",
            "revenue": 18831809
        },
        "2019-04": {
            "month": "2019-04",
            "price": "8.75",
            "revenue": 22580675
        },
        "2019-05": {
            "month": "2019-05",
            "price": "8.57",
            "revenue": 21208496
        },
        "2019-06": {
            "month": "2019-06",
            "price": "9.02",
            "revenue": 26334500
        },
        "2019-07": {
            "month": "2019-07",
            "price": "9.27",
            "revenue": 29634044
        },
        "2019-08": {
            "month": "2019-08",
            "price": "8.89",
            "revenue": 18818982
        },
        "2019-09": {
            "month": "2019-09",
            "price": "9.60",
            "revenue": 20941617
        },
        "2019-10": {
            "month": "2019-10",
            "price": "9.62",
            "revenue": 16362696
        },
        "2019-11": {
            "month": "2019-11",
            "price": "10.11",
            "revenue": 27746100
        },
        "2019-12": {
            "month": "2019-12",
            "price": "10.35",
            "revenue": 28998882
        },
        "2020-01": {
            "month": "2020-01",
            "price": "10.20",
            "revenue": 30611195
        },
        "2020-02": {
            "month": "2020-02",
            "price": "9.79",
            "revenue": 22902435
        },
        "2020-03": {
            "month": "2020-03",
            "price": "8.19",
            "revenue": 15653326
        },
        "2020-04": {
            "month": "2020-04",
            "price": "8.21",
            "revenue": 19827418
        },
        "2020-05": {
            "month": "2020-05",
            "price": "8.23",
            "revenue": 20431463
        },
        "2020-06": {
            "month": "2020-06",
            "price": "8.64",
            "revenue": 40995105
        },
        "2020-07": {
            "month": "2020-07",
            "price": "8.65",
            "revenue": 37328245
        },
        "2020-08": {
            "month": "2020-08",
            "price": "8.37",
            "revenue": 18065384
        },
        "2020-09": {
            "month": "2020-09",
            "price": "8.30",
            "revenue": 13414474
        },
        "2020-10": {
            "month": "2020-10",
            "price": "8.10",
            "revenue": 11223749
        },
        "2020-11": {
            "month": "2020-11",
            "price": "8.46",
            "revenue": 24125668
        },
        "2020-12": {
            "month": "2020-12",
            "price": "8.54",
            "revenue": 16198297
        },
        "2021-01": {
            "month": "2021-01",
            "price": "8.48",
            "revenue": 24991154
        },
        "2021-02": {
            "month": "2021-02",
            "price": "8.25",
            "revenue": 16113997
        },
        "2021-03": {
            "month": "2021-03",
            "price": "8.72",
            "revenue": 15896986
        },
        "2021-04": {
            "month": "2021-04",
            "price": "9.65",
            "revenue": 17289410
        },
        "2021-05": {
            "month": "2021-05",
            "price": "9.58",
            "revenue": 10552854
        },
        "2021-06": {
            "month": "2021-06",
            "price": "9.68",
            "revenue": 30487032
        },
        "2021-07": {
            "month": "2021-07",
            "price": "9.66",
            "revenue": 25444945
        },
        "2021-08": {
            "month": "2021-08",
            "price": "9.17",
            "revenue": 16380895
        },
        "2021-09": {
            "month": "2021-09",
            "price": "9.39",
            "revenue": 14229032
        },
        "2021-10": {
            "month": "2021-10",
            "price": "9.58",
            "revenue": 11818947
        },
        "2021-11": {
            "month": "2021-11",
            "price": "10.43",
            "revenue": 17325331
        },
        "2021-12": {
            "month": "2021-12",
            "price": "10.66",
            "revenue": 17567401
        },
        "2022-01": {
            "month": "2022-01",
            "price": "11.24",
            "revenue": 22586083
        },
        "2022-02": {
            "month": "2022-02",
            "price": "11.44",
            "revenue": 10686918
        },
        "2022-03": {
            "month": "2022-03",
            "price": "10.47",
            "revenue": 16069359
        },
        "2022-04": {
            "month": "2022-04",
            "price": "10.47",
            "revenue": 11331551
        },
        "2022-05": {
            "month": "2022-05",
            "price": "9.11",
            "revenue": 3658815
        },
        "2022-06": {
            "month": "2022-06",
            "price": "9.21",
            "revenue": 12446925
        },
        "2022-07": {
            "month": "2022-07",
            "price": "8.46",
            "revenue": 8992940
        },
        "2022-08": {
            "month": "2022-08",
            "price": "8.83",
            "revenue": 10398122
        },
        "2022-09": {
            "month": "2022-09",
            "price": "8.51",
            "revenue": 12393511
        },
        "2022-10": {
            "month": "2022-10",
            "price": "8.05",
            "revenue": 2749417
        },
        "2022-11": {
            "month": "2022-11",
            "price": "8.48",
            "revenue": -5099494
        },
        "2022-12": {
            "month": "2022-12",
            "price": "8.76",
            "revenue": -4022463
        },
        "2023-01": {
            "month": "2023-01",
            "price": "8.90",
            "revenue": 2350561
        },
        "2023-02": {
            "month": "2023-02",
            "price": "8.77",
            "revenue": 3309309
        },
        "2023-03": {
            "month": "2023-03",
            "price": "8.41",
            "revenue": -1369818
        },
        "2023-04": {
            "month": "2023-04",
            "price": "8.47",
            "revenue": 3153886
        },
        "2023-05": {
            "month": "2023-05",
            "price": "8.49",
            "revenue": -2293882
        },
        "2023-06": {
            "month": "2023-06",
            "price": "8.99",
            "revenue": 12034419
        },
        "2023-07": {
            "month": "2023-07",
            "price": "9.09",
            "revenue": 11273114
        },
        "2023-08": {
            "month": "2023-08",
            "price": "9.50",
            "revenue": -69898
        },
        "2023-09": {
            "month": "2023-09",
            "price": "9.42",
            "revenue": 2081799
        },
        "2023-10": {
            "month": "2023-10",
            "price": "8.95",
            "revenue": -1473530
        },
        "2023-11": {
            "month": "2023-11",
            "price": "8.98",
            "revenue": -8344171
        }
    }
}
