{
    "summary": {
        "stock_name": "國票金",
        "stock_id": "2889",
        "category": "金融",
        "main_business": "金融控股公司業",
        "website_url": "http://www.ibf.com.tw",
        "ceo": "陳冠舟",
        "pe_ratio": 25,
        "report_year_from": 2002,
        "report_year_to": 2023,
        "age": 22,
        "eps_negative_percentage": 0,
        "eps_growth_avg": {
            "last_all": -0.2,
            "last_2y": -13.02,
            "last_4y": 1.77,
            "last_8y": 2.67,
            "last_12y": -0.2,
            "last_16y": null,
            "last_20y": null,
            "at_2006_last_3y": null,
            "at_2007_last_3y": null,
            "at_2008_last_3y": null,
            "at_2009_last_3y": null,
            "at_2010_last_3y": null,
            "at_2011_last_3y": null,
            "at_2012_last_3y": null,
            "at_2013_last_3y": null,
            "at_2014_last_3y": -6.64,
            "at_2015_last_3y": -1.97,
            "at_2016_last_3y": 10.07,
            "at_2017_last_3y": 14.78,
            "at_2018_last_3y": 3.79,
            "at_2019_last_3y": 13.96,
            "at_2020_last_3y": 11.12,
            "at_2021_last_3y": 12.44,
            "at_2022_last_3y": -0.76,
            "at_2023_last_3y": -4.98,
            "at_2024_last_3y": -4.98,
            "at_2006_last_all": null,
            "at_2007_last_all": null,
            "at_2008_last_all": null,
            "at_2009_last_all": null,
            "at_2010_last_all": null,
            "at_2011_last_all": null,
            "at_2012_last_all": -24.13,
            "at_2013_last_all": -18.47,
            "at_2014_last_all": -6.64,
            "at_2015_last_all": -7.7,
            "at_2016_last_all": -1.33,
            "at_2017_last_all": 0.53,
            "at_2018_last_all": -1.43,
            "at_2019_last_all": 1.93,
            "at_2020_last_all": 3.65,
            "at_2021_last_all": 4.86,
            "at_2022_last_all": -1.21,
            "at_2023_last_all": -0.2,
            "at_2024_last_all": -0.2
        },
        "latest_eps": 0.49,
        "latest_price": 12.4,
        "latest_roe": 5.01,
        "latest_gross_margin": null,
        "latest_equity": 45476639,
        "latest_revenue": 1817208,
        "latest_gross_profit": null,
        "latest_net_income": 599895,
        "latest_debt_ratio": 87.18,
        "latest_current_ratio": null,
        "latest_account_receivable_turnover_ratio": null,
        "latest_inventory_turnover_ratio": null,
        "latest_reinvestment_rate": 78.2,
        "latest_research_to_sale_ratio": null
    },
    "eps_dividends": {
        "2001": {
            "cash": 0,
            "stock": 0,
            "eps": 0
        },
        "2002": {
            "cash": 0,
            "stock": 0,
            "eps": 0
        },
        "2003": {
            "cash": 0,
            "stock": 0,
            "eps": 0
        },
        "2004": {
            "cash": 1,
            "stock": 0,
            "eps": 0
        },
        "2005": {
            "cash": 1.4,
            "stock": 0,
            "eps": 0
        },
        "2006": {
            "cash": 1,
            "stock": 0,
            "eps": 0
        },
        "2007": {
            "cash": 0.6,
            "stock": 0.2,
            "eps": 0
        },
        "2008": {
            "cash": 0.2,
            "stock": 0.15,
            "eps": 0
        },
        "2009": {
            "cash": 0,
            "stock": 0,
            "eps": 0
        },
        "2010": {
            "cash": 0.2,
            "stock": 0.65,
            "eps": 0.98
        },
        "2011": {
            "cash": 0.7,
            "stock": 0.92,
            "eps": 0.68
        },
        "2012": {
            "cash": 0,
            "stock": 0,
            "eps": 0.56
        },
        "2013": {
            "cash": 0.18,
            "stock": 0.3,
            "eps": 0.52
        },
        "2014": {
            "cash": 0.23,
            "stock": 0.23,
            "eps": 0.67
        },
        "2015": {
            "cash": 0.29,
            "stock": 0.3,
            "eps": 0.59
        },
        "2016": {
            "cash": 0.26,
            "stock": 0.26,
            "eps": 0.77
        },
        "2017": {
            "cash": 0.55,
            "stock": 0.15,
            "eps": 0.86
        },
        "2018": {
            "cash": 0.65,
            "stock": 0.12,
            "eps": 0.73
        },
        "2019": {
            "cash": 0.45,
            "stock": 0.1,
            "eps": 0.94
        },
        "2020": {
            "cash": 0.65,
            "stock": 0.17,
            "eps": 1.12
        },
        "2021": {
            "cash": 0.65,
            "stock": 0.35,
            "eps": 1.31
        },
        "2022": {
            "cash": 0.65,
            "stock": 0.5,
            "eps": 0.42
        },
        "2023": {
            "cash": 0,
            "stock": 0,
            "eps": 0.47
        }
    },
    "dividends": {
        "2004-02-26": {
            "cash": 1,
            "stock": 0
        },
        "2005-04-28": {
            "cash": 1.4,
            "stock": 0
        },
        "2006-03-22": {
            "cash": 1,
            "stock": 0
        },
        "2007-03-28": {
            "cash": 0.6,
            "stock": 0.2
        },
        "2008-03-26": {
            "cash": 0.2,
            "stock": 0.15
        },
        "2010-03-24": {
            "cash": 0.2,
            "stock": 0.65
        },
        "2011-01-01": {
            "cash": 0.3,
            "stock": 0.4
        },
        "2011-03-23": {
            "cash": 0.4,
            "stock": 0.52
        },
        "2013-03-20": {
            "cash": 0.18,
            "stock": 0.3
        },
        "2014-09-19": {
            "cash": 0.23,
            "stock": 0.23
        },
        "2015-09-16": {
            "cash": 0.29,
            "stock": 0.3
        },
        "2016-09-09": {
            "cash": 0.26,
            "stock": 0.26
        },
        "2017-09-08": {
            "cash": 0.55,
            "stock": 0.15
        },
        "2018-08-22": {
            "cash": 0.65,
            "stock": 0.12
        },
        "2019-08-29": {
            "cash": 0.45,
            "stock": 0.1
        },
        "2020-08-05": {
            "cash": 0.65,
            "stock": 0.17
        },
        "2021-08-13": {
            "cash": 0.65,
            "stock": 0.35
        },
        "2022-07-15": {
            "cash": 0.65,
            "stock": 0.5
        }
    },
    "prices": {
        "200101": "無",
        "200102": "無",
        "200103": "無",
        "200104": "無",
        "200105": "無",
        "200106": "無",
        "200107": "無",
        "200108": "無",
        "200109": "無",
        "200110": "無",
        "200111": "無",
        "200112": "無",
        "200201": "無",
        "200202": "無",
        "200203": "8.38",
        "200204": "8.51",
        "200205": "7.83",
        "200206": "7.54",
        "200207": "6.96",
        "200208": "6.25",
        "200209": "5.53",
        "200210": "5.43",
        "200211": "6.16",
        "200212": "6.42",
        "200301": "8.22",
        "200302": "7.64",
        "200303": "6.69",
        "200304": "6.99",
        "200305": "6.90",
        "200306": "8.06",
        "200307": "8.70",
        "200308": "8.63",
        "200309": "8.78",
        "200310": "9.25",
        "200311": "9.57",
        "200312": "9.67",
        "200401": "10.18",
        "200402": "11.30",
        "200403": "11.64",
        "200404": "12.93",
        "200405": "11.93",
        "200406": "11.83",
        "200407": "11.93",
        "200408": "11.49",
        "200409": "12.33",
        "200410": "12.75",
        "200411": "12.82",
        "200412": "12.55",
        "200501": "12.79",
        "200502": "12.92",
        "200503": "13.87",
        "200504": "13.70",
        "200505": "13.01",
        "200506": "13.03",
        "200507": "13.10",
        "200508": "13.04",
        "200509": "11.27",
        "200510": "11.02",
        "200511": "11.18",
        "200512": "11.16",
        "200601": "10.88",
        "200602": "10.81",
        "200603": "10.57",
        "200604": "10.87",
        "200605": "10.85",
        "200606": "10.05",
        "200607": "9.96",
        "200608": "9.40",
        "200609": "9.45",
        "200610": "9.95",
        "200611": "9.96",
        "200612": "10.34",
        "200701": "10.38",
        "200702": "10.30",
        "200703": "9.88",
        "200704": "10.32",
        "200705": "10.20",
        "200706": "10.38",
        "200707": "11.58",
        "200708": "10.58",
        "200709": "10.17",
        "200710": "10.58",
        "200711": "10.21",
        "200712": "10.22",
        "200801": "10.93",
        "200802": "11.90",
        "200803": "11.89",
        "200804": "12.27",
        "200805": "10.46",
        "200806": "9.59",
        "200807": "8.62",
        "200808": "8.99",
        "200809": "7.83",
        "200810": "5.93",
        "200811": "5.17",
        "200812": "5.22",
        "200901": "5.10",
        "200902": "5.21",
        "200903": "6.79",
        "200904": "7.94",
        "200905": "8.85",
        "200906": "9.45",
        "200907": "9.73",
        "200908": "10.11",
        "200909": "10.40",
        "200910": "10.34",
        "200911": "10.15",
        "200912": "10.13",
        "201001": "10.49",
        "201002": "9.95",
        "201003": "10.06",
        "201004": "10.25",
        "201005": "9.73",
        "201006": "9.60",
        "201007": "9.80",
        "201008": "9.92",
        "201009": "9.55",
        "201010": "9.55",
        "201011": "9.91",
        "201012": "11.79",
        "201101": "14.22",
        "201102": "15.76",
        "201103": "16.33",
        "201104": "14.92",
        "201105": "13.32",
        "201106": "12.95",
        "201107": "13.19",
        "201108": "12.53",
        "201109": "11.46",
        "201110": "11.48",
        "201111": "10.57",
        "201112": "9.98",
        "201201": "9.62",
        "201202": "10.38",
        "201203": "10.36",
        "201204": "10.00",
        "201205": "9.86",
        "201206": "9.82",
        "201207": "10.04",
        "201208": "9.31",
        "201209": "8.90",
        "201210": "8.81",
        "201211": "8.83",
        "201212": "9.39",
        "201301": "9.98",
        "201302": "9.94",
        "201303": "9.96",
        "201304": "10.41",
        "201305": "10.37",
        "201306": "10.07",
        "201307": "10.01",
        "201308": "9.68",
        "201309": "9.83",
        "201310": "10.08",
        "201311": "10.01",
        "201312": "9.96",
        "201401": "10.02",
        "201402": "9.81",
        "201403": "9.61",
        "201404": "9.51",
        "201405": "9.43",
        "201406": "9.48",
        "201407": "9.64",
        "201408": "9.23",
        "201409": "8.96",
        "201410": "8.47",
        "201411": "8.48",
        "201412": "8.29",
        "201501": "8.31",
        "201502": "8.41",
        "201503": "8.64",
        "201504": "8.80",
        "201505": "8.93",
        "201506": "8.69",
        "201507": "8.52",
        "201508": "7.69",
        "201509": "8.08",
        "201510": "8.20",
        "201511": "7.89",
        "201512": "7.46",
        "201601": "7.12",
        "201602": "7.33",
        "201603": "7.79",
        "201604": "8.02",
        "201605": "7.80",
        "201606": "7.95",
        "201607": "8.09",
        "201608": "8.00",
        "201609": "8.02",
        "201610": "8.01",
        "201611": "8.01",
        "201612": "8.26",
        "201701": "8.28",
        "201702": "8.63",
        "201703": "8.97",
        "201704": "9.27",
        "201705": "9.30",
        "201706": "9.36",
        "201707": "9.52",
        "201708": "9.00",
        "201709": "9.07",
        "201710": "9.15",
        "201711": "9.16",
        "201712": "9.34",
        "201801": "9.79",
        "201802": "9.84",
        "201803": "10.03",
        "201804": "10.25",
        "201805": "10.48",
        "201806": "10.72",
        "201807": "10.81",
        "201808": "10.60",
        "201809": "10.58",
        "201810": "10.19",
        "201811": "9.94",
        "201812": "9.79",
        "201901": "9.74",
        "201902": "10.00",
        "201903": "10.26",
        "201904": "10.38",
        "201905": "10.37",
        "201906": "10.54",
        "201907": "10.85",
        "201908": "10.43",
        "201909": "10.77",
        "201910": "10.79",
        "201911": "10.95",
        "201912": "10.99",
        "202001": "11.75",
        "202002": "11.66",
        "202003": "10.45",
        "202004": "10.58",
        "202005": "11.27",
        "202006": "11.76",
        "202007": "11.74",
        "202008": "11.65",
        "202009": "11.71",
        "202010": "11.79",
        "202011": "11.97",
        "202012": "12.47",
        "202101": "12.96",
        "202102": "13.26",
        "202103": "15.14",
        "202104": "17.13",
        "202105": "17.02",
        "202106": "16.55",
        "202107": "16.93",
        "202108": "16.15",
        "202109": "15.92",
        "202110": "15.83",
        "202111": "15.94",
        "202112": "15.90",
        "202201": "16.05",
        "202202": "16.03",
        "202203": "15.94",
        "202204": "16.34",
        "202205": "15.57",
        "202206": "15.59",
        "202207": "13.38",
        "202208": "13.41",
        "202209": "12.59",
        "202210": "11.40",
        "202211": "11.33",
        "202212": "11.39",
        "202301": "11.85",
        "202302": "12.74",
        "202303": "12.79",
        "202304": "12.37",
        "202305": "12.35",
        "202306": "12.14",
        "202307": "11.86",
        "202308": "11.85",
        "202309": "11.75",
        "202310": "11.68",
        "202311": "11.58",
        "202312": "11.65"
    },
    "quarters": {
        "20011": {
            "year_quarter": 20011,
            "year": 2001,
            "quarter": 1,
            "eps": null,
            "eps_growth_year": null,
            "eps_4q": null,
            "eps_4q_growth_year": null,
            "roe": null,
            "roe_4q": 0,
            "gross_profit": null,
            "gross_margin": null,
            "gross_margin_4q_avg": 0,
            "net_income": null,
            "net_income_4q": null,
            "revenue": null,
            "revenue_4q": null,
            "common_shares": null,
            "book_valuer_per_share": null,
            "book_valuer_per_share_4q_avg": 0,
            "equity": null,
            "current_ratio": null,
            "debt_ratio": null,
            "inventory_turnover_ratio": null,
            "account_receivable_turnover_ratio": null,
            "reinvestment_rate": null,
            "research_to_sale_ratio": null,
            "price_fair": 0,
            "eps_avg_yearly": 0,
            "eps_latest_yearly": 0,
            "eps_growth_yearly": 0
        },
        "20012": {
            "year_quarter": 20012,
            "year": 2001,
            "quarter": 2,
            "eps": null,
            "eps_growth_year": null,
            "eps_4q": null,
            "eps_4q_growth_year": null,
            "roe": null,
            "roe_4q": 0,
            "gross_profit": null,
            "gross_margin": null,
            "gross_margin_4q_avg": 0,
            "net_income": null,
            "net_income_4q": null,
            "revenue": null,
            "revenue_4q": null,
            "common_shares": null,
            "book_valuer_per_share": null,
            "book_valuer_per_share_4q_avg": 0,
            "equity": null,
            "current_ratio": null,
            "debt_ratio": null,
            "inventory_turnover_ratio": null,
            "account_receivable_turnover_ratio": null,
            "reinvestment_rate": null,
            "research_to_sale_ratio": null,
            "price_fair": 0,
            "eps_avg_yearly": 0,
            "eps_latest_yearly": 0,
            "eps_growth_yearly": 0
        },
        "20013": {
            "year_quarter": 20013,
            "year": 2001,
            "quarter": 3,
            "eps": null,
            "eps_growth_year": null,
            "eps_4q": null,
            "eps_4q_growth_year": null,
            "roe": null,
            "roe_4q": 0,
            "gross_profit": null,
            "gross_margin": null,
            "gross_margin_4q_avg": 0,
            "net_income": null,
            "net_income_4q": null,
            "revenue": null,
            "revenue_4q": null,
            "common_shares": null,
            "book_valuer_per_share": null,
            "book_valuer_per_share_4q_avg": 0,
            "equity": null,
            "current_ratio": null,
            "debt_ratio": null,
            "inventory_turnover_ratio": null,
            "account_receivable_turnover_ratio": null,
            "reinvestment_rate": null,
            "research_to_sale_ratio": null,
            "price_fair": 0,
            "eps_avg_yearly": 0,
            "eps_latest_yearly": 0,
            "eps_growth_yearly": 0
        },
        "20014": {
            "year_quarter": 20014,
            "year": 2001,
            "quarter": 4,
            "eps": null,
            "eps_growth_year": null,
            "eps_4q": null,
            "eps_4q_growth_year": null,
            "roe": null,
            "roe_4q": 0,
            "gross_profit": null,
            "gross_margin": null,
            "gross_margin_4q_avg": 0,
            "net_income": null,
            "net_income_4q": null,
            "revenue": null,
            "revenue_4q": null,
            "common_shares": null,
            "book_valuer_per_share": null,
            "book_valuer_per_share_4q_avg": 0,
            "equity": null,
            "current_ratio": null,
            "debt_ratio": null,
            "inventory_turnover_ratio": null,
            "account_receivable_turnover_ratio": null,
            "reinvestment_rate": null,
            "research_to_sale_ratio": null,
            "price_fair": 0,
            "eps_avg_yearly": 0,
            "eps_latest_yearly": 0,
            "eps_growth_yearly": 0
        },
        "20021": {
            "year_quarter": 20021,
            "year": 2002,
            "quarter": 1,
            "eps": null,
            "eps_growth_year": null,
            "eps_4q": null,
            "eps_4q_growth_year": null,
            "roe": null,
            "roe_4q": 0,
            "gross_profit": null,
            "gross_margin": null,
            "gross_margin_4q_avg": 0,
            "net_income": null,
            "net_income_4q": null,
            "revenue": null,
            "revenue_4q": null,
            "common_shares": null,
            "book_valuer_per_share": null,
            "book_valuer_per_share_4q_avg": 0,
            "equity": null,
            "current_ratio": null,
            "debt_ratio": null,
            "inventory_turnover_ratio": null,
            "account_receivable_turnover_ratio": null,
            "reinvestment_rate": null,
            "research_to_sale_ratio": null,
            "price_fair": 0,
            "eps_avg_yearly": 0,
            "eps_latest_yearly": 0,
            "eps_growth_yearly": 0
        },
        "20022": {
            "year_quarter": 20022,
            "year": 2002,
            "quarter": 2,
            "eps": null,
            "eps_growth_year": null,
            "eps_4q": null,
            "eps_4q_growth_year": null,
            "roe": null,
            "roe_4q": 0,
            "gross_profit": null,
            "gross_margin": null,
            "gross_margin_4q_avg": 0,
            "net_income": null,
            "net_income_4q": null,
            "revenue": null,
            "revenue_4q": null,
            "common_shares": null,
            "book_valuer_per_share": null,
            "book_valuer_per_share_4q_avg": 0,
            "equity": null,
            "current_ratio": null,
            "debt_ratio": null,
            "inventory_turnover_ratio": null,
            "account_receivable_turnover_ratio": null,
            "reinvestment_rate": null,
            "research_to_sale_ratio": null,
            "price_fair": 0,
            "eps_avg_yearly": 0,
            "eps_latest_yearly": 0,
            "eps_growth_yearly": 0
        },
        "20023": {
            "year_quarter": 20023,
            "year": 2002,
            "quarter": 3,
            "eps": null,
            "eps_growth_year": null,
            "eps_4q": null,
            "eps_4q_growth_year": null,
            "roe": null,
            "roe_4q": 0,
            "gross_profit": null,
            "gross_margin": null,
            "gross_margin_4q_avg": 0,
            "net_income": null,
            "net_income_4q": null,
            "revenue": null,
            "revenue_4q": null,
            "common_shares": null,
            "book_valuer_per_share": null,
            "book_valuer_per_share_4q_avg": 0,
            "equity": null,
            "current_ratio": null,
            "debt_ratio": null,
            "inventory_turnover_ratio": null,
            "account_receivable_turnover_ratio": null,
            "reinvestment_rate": null,
            "research_to_sale_ratio": null,
            "price_fair": 0,
            "eps_avg_yearly": 0,
            "eps_latest_yearly": 0,
            "eps_growth_yearly": 0
        },
        "20024": {
            "year_quarter": 20024,
            "year": 2002,
            "quarter": 4,
            "eps": null,
            "eps_growth_year": null,
            "eps_4q": null,
            "eps_4q_growth_year": null,
            "roe": null,
            "roe_4q": 0,
            "gross_profit": null,
            "gross_margin": null,
            "gross_margin_4q_avg": 0,
            "net_income": null,
            "net_income_4q": null,
            "revenue": null,
            "revenue_4q": null,
            "common_shares": null,
            "book_valuer_per_share": null,
            "book_valuer_per_share_4q_avg": 0,
            "equity": null,
            "current_ratio": null,
            "debt_ratio": null,
            "inventory_turnover_ratio": null,
            "account_receivable_turnover_ratio": null,
            "reinvestment_rate": null,
            "research_to_sale_ratio": null,
            "price_fair": 0,
            "eps_avg_yearly": 0,
            "eps_latest_yearly": 0,
            "eps_growth_yearly": 0
        },
        "20031": {
            "year_quarter": 20031,
            "year": 2003,
            "quarter": 1,
            "eps": null,
            "eps_growth_year": null,
            "eps_4q": null,
            "eps_4q_growth_year": null,
            "roe": null,
            "roe_4q": 0,
            "gross_profit": null,
            "gross_margin": null,
            "gross_margin_4q_avg": 0,
            "net_income": null,
            "net_income_4q": null,
            "revenue": null,
            "revenue_4q": null,
            "common_shares": null,
            "book_valuer_per_share": null,
            "book_valuer_per_share_4q_avg": 0,
            "equity": null,
            "current_ratio": null,
            "debt_ratio": null,
            "inventory_turnover_ratio": null,
            "account_receivable_turnover_ratio": null,
            "reinvestment_rate": null,
            "research_to_sale_ratio": null,
            "price_fair": 0,
            "eps_avg_yearly": 0,
            "eps_latest_yearly": 0,
            "eps_growth_yearly": 0
        },
        "20032": {
            "year_quarter": 20032,
            "year": 2003,
            "quarter": 2,
            "eps": null,
            "eps_growth_year": null,
            "eps_4q": null,
            "eps_4q_growth_year": null,
            "roe": null,
            "roe_4q": 0,
            "gross_profit": null,
            "gross_margin": null,
            "gross_margin_4q_avg": 0,
            "net_income": null,
            "net_income_4q": null,
            "revenue": null,
            "revenue_4q": null,
            "common_shares": null,
            "book_valuer_per_share": null,
            "book_valuer_per_share_4q_avg": 0,
            "equity": null,
            "current_ratio": null,
            "debt_ratio": null,
            "inventory_turnover_ratio": null,
            "account_receivable_turnover_ratio": null,
            "reinvestment_rate": null,
            "research_to_sale_ratio": null,
            "price_fair": 0,
            "eps_avg_yearly": 0,
            "eps_latest_yearly": 0,
            "eps_growth_yearly": 0
        },
        "20033": {
            "year_quarter": 20033,
            "year": 2003,
            "quarter": 3,
            "eps": null,
            "eps_growth_year": null,
            "eps_4q": null,
            "eps_4q_growth_year": null,
            "roe": null,
            "roe_4q": 0,
            "gross_profit": null,
            "gross_margin": null,
            "gross_margin_4q_avg": 0,
            "net_income": null,
            "net_income_4q": null,
            "revenue": null,
            "revenue_4q": null,
            "common_shares": null,
            "book_valuer_per_share": null,
            "book_valuer_per_share_4q_avg": 0,
            "equity": null,
            "current_ratio": null,
            "debt_ratio": null,
            "inventory_turnover_ratio": null,
            "account_receivable_turnover_ratio": null,
            "reinvestment_rate": null,
            "research_to_sale_ratio": null,
            "price_fair": 0,
            "eps_avg_yearly": 0,
            "eps_latest_yearly": 0,
            "eps_growth_yearly": 0
        },
        "20034": {
            "year_quarter": 20034,
            "year": 2003,
            "quarter": 4,
            "eps": null,
            "eps_growth_year": null,
            "eps_4q": null,
            "eps_4q_growth_year": null,
            "roe": null,
            "roe_4q": 0,
            "gross_profit": null,
            "gross_margin": null,
            "gross_margin_4q_avg": 0,
            "net_income": null,
            "net_income_4q": null,
            "revenue": null,
            "revenue_4q": null,
            "common_shares": null,
            "book_valuer_per_share": null,
            "book_valuer_per_share_4q_avg": 0,
            "equity": null,
            "current_ratio": null,
            "debt_ratio": null,
            "inventory_turnover_ratio": null,
            "account_receivable_turnover_ratio": null,
            "reinvestment_rate": null,
            "research_to_sale_ratio": null,
            "price_fair": 0,
            "eps_avg_yearly": 0,
            "eps_latest_yearly": 0,
            "eps_growth_yearly": 0
        },
        "20041": {
            "year_quarter": 20041,
            "year": 2004,
            "quarter": 1,
            "eps": null,
            "eps_growth_year": null,
            "eps_4q": null,
            "eps_4q_growth_year": null,
            "roe": null,
            "roe_4q": 0,
            "gross_profit": null,
            "gross_margin": null,
            "gross_margin_4q_avg": 0,
            "net_income": null,
            "net_income_4q": null,
            "revenue": null,
            "revenue_4q": null,
            "common_shares": null,
            "book_valuer_per_share": null,
            "book_valuer_per_share_4q_avg": 0,
            "equity": null,
            "current_ratio": null,
            "debt_ratio": null,
            "inventory_turnover_ratio": null,
            "account_receivable_turnover_ratio": null,
            "reinvestment_rate": null,
            "research_to_sale_ratio": null,
            "price_fair": 0,
            "eps_avg_yearly": 0,
            "eps_latest_yearly": 0,
            "eps_growth_yearly": 0
        },
        "20042": {
            "year_quarter": 20042,
            "year": 2004,
            "quarter": 2,
            "eps": null,
            "eps_growth_year": null,
            "eps_4q": null,
            "eps_4q_growth_year": null,
            "roe": null,
            "roe_4q": 0,
            "gross_profit": null,
            "gross_margin": null,
            "gross_margin_4q_avg": 0,
            "net_income": null,
            "net_income_4q": null,
            "revenue": null,
            "revenue_4q": null,
            "common_shares": null,
            "book_valuer_per_share": null,
            "book_valuer_per_share_4q_avg": 0,
            "equity": null,
            "current_ratio": null,
            "debt_ratio": null,
            "inventory_turnover_ratio": null,
            "account_receivable_turnover_ratio": null,
            "reinvestment_rate": null,
            "research_to_sale_ratio": null,
            "price_fair": 0,
            "eps_avg_yearly": 0,
            "eps_latest_yearly": 0,
            "eps_growth_yearly": 0
        },
        "20043": {
            "year_quarter": 20043,
            "year": 2004,
            "quarter": 3,
            "eps": null,
            "eps_growth_year": null,
            "eps_4q": null,
            "eps_4q_growth_year": null,
            "roe": null,
            "roe_4q": 0,
            "gross_profit": null,
            "gross_margin": null,
            "gross_margin_4q_avg": 0,
            "net_income": null,
            "net_income_4q": null,
            "revenue": null,
            "revenue_4q": null,
            "common_shares": null,
            "book_valuer_per_share": null,
            "book_valuer_per_share_4q_avg": 0,
            "equity": null,
            "current_ratio": null,
            "debt_ratio": null,
            "inventory_turnover_ratio": null,
            "account_receivable_turnover_ratio": null,
            "reinvestment_rate": null,
            "research_to_sale_ratio": null,
            "price_fair": 0,
            "eps_avg_yearly": 0,
            "eps_latest_yearly": 0,
            "eps_growth_yearly": 0
        },
        "20044": {
            "year_quarter": 20044,
            "year": 2004,
            "quarter": 4,
            "eps": null,
            "eps_growth_year": null,
            "eps_4q": null,
            "eps_4q_growth_year": null,
            "roe": null,
            "roe_4q": 0,
            "gross_profit": null,
            "gross_margin": null,
            "gross_margin_4q_avg": 0,
            "net_income": null,
            "net_income_4q": null,
            "revenue": null,
            "revenue_4q": null,
            "common_shares": null,
            "book_valuer_per_share": null,
            "book_valuer_per_share_4q_avg": 0,
            "equity": null,
            "current_ratio": null,
            "debt_ratio": null,
            "inventory_turnover_ratio": null,
            "account_receivable_turnover_ratio": null,
            "reinvestment_rate": null,
            "research_to_sale_ratio": null,
            "price_fair": 0,
            "eps_avg_yearly": 0,
            "eps_latest_yearly": 0,
            "eps_growth_yearly": 0
        },
        "20051": {
            "year_quarter": 20051,
            "year": 2005,
            "quarter": 1,
            "eps": null,
            "eps_growth_year": null,
            "eps_4q": null,
            "eps_4q_growth_year": null,
            "roe": null,
            "roe_4q": 0,
            "gross_profit": null,
            "gross_margin": null,
            "gross_margin_4q_avg": 0,
            "net_income": null,
            "net_income_4q": null,
            "revenue": null,
            "revenue_4q": null,
            "common_shares": null,
            "book_valuer_per_share": null,
            "book_valuer_per_share_4q_avg": 0,
            "equity": null,
            "current_ratio": null,
            "debt_ratio": null,
            "inventory_turnover_ratio": null,
            "account_receivable_turnover_ratio": null,
            "reinvestment_rate": null,
            "research_to_sale_ratio": null,
            "price_fair": 0,
            "eps_avg_yearly": 0,
            "eps_latest_yearly": 0,
            "eps_growth_yearly": 0
        },
        "20052": {
            "year_quarter": 20052,
            "year": 2005,
            "quarter": 2,
            "eps": null,
            "eps_growth_year": null,
            "eps_4q": null,
            "eps_4q_growth_year": null,
            "roe": null,
            "roe_4q": 0,
            "gross_profit": null,
            "gross_margin": null,
            "gross_margin_4q_avg": 0,
            "net_income": null,
            "net_income_4q": null,
            "revenue": null,
            "revenue_4q": null,
            "common_shares": null,
            "book_valuer_per_share": null,
            "book_valuer_per_share_4q_avg": 0,
            "equity": null,
            "current_ratio": null,
            "debt_ratio": null,
            "inventory_turnover_ratio": null,
            "account_receivable_turnover_ratio": null,
            "reinvestment_rate": null,
            "research_to_sale_ratio": null,
            "price_fair": 0,
            "eps_avg_yearly": 0,
            "eps_latest_yearly": 0,
            "eps_growth_yearly": 0
        },
        "20053": {
            "year_quarter": 20053,
            "year": 2005,
            "quarter": 3,
            "eps": null,
            "eps_growth_year": null,
            "eps_4q": null,
            "eps_4q_growth_year": null,
            "roe": null,
            "roe_4q": 0,
            "gross_profit": null,
            "gross_margin": null,
            "gross_margin_4q_avg": 0,
            "net_income": null,
            "net_income_4q": null,
            "revenue": null,
            "revenue_4q": null,
            "common_shares": null,
            "book_valuer_per_share": null,
            "book_valuer_per_share_4q_avg": 0,
            "equity": null,
            "current_ratio": null,
            "debt_ratio": null,
            "inventory_turnover_ratio": null,
            "account_receivable_turnover_ratio": null,
            "reinvestment_rate": null,
            "research_to_sale_ratio": null,
            "price_fair": 0,
            "eps_avg_yearly": 0,
            "eps_latest_yearly": 0,
            "eps_growth_yearly": 0
        },
        "20054": {
            "year_quarter": 20054,
            "year": 2005,
            "quarter": 4,
            "eps": null,
            "eps_growth_year": null,
            "eps_4q": null,
            "eps_4q_growth_year": null,
            "roe": null,
            "roe_4q": 0,
            "gross_profit": null,
            "gross_margin": null,
            "gross_margin_4q_avg": 0,
            "net_income": null,
            "net_income_4q": null,
            "revenue": null,
            "revenue_4q": null,
            "common_shares": null,
            "book_valuer_per_share": null,
            "book_valuer_per_share_4q_avg": 0,
            "equity": null,
            "current_ratio": null,
            "debt_ratio": null,
            "inventory_turnover_ratio": null,
            "account_receivable_turnover_ratio": null,
            "reinvestment_rate": null,
            "research_to_sale_ratio": null,
            "price_fair": 0,
            "eps_avg_yearly": 0,
            "eps_latest_yearly": 0,
            "eps_growth_yearly": 0
        },
        "20061": {
            "year_quarter": 20061,
            "year": 2006,
            "quarter": 1,
            "eps": null,
            "eps_growth_year": null,
            "eps_4q": null,
            "eps_4q_growth_year": null,
            "roe": null,
            "roe_4q": 0,
            "gross_profit": null,
            "gross_margin": null,
            "gross_margin_4q_avg": 0,
            "net_income": null,
            "net_income_4q": null,
            "revenue": null,
            "revenue_4q": null,
            "common_shares": null,
            "book_valuer_per_share": null,
            "book_valuer_per_share_4q_avg": 0,
            "equity": null,
            "current_ratio": null,
            "debt_ratio": null,
            "inventory_turnover_ratio": null,
            "account_receivable_turnover_ratio": null,
            "reinvestment_rate": null,
            "research_to_sale_ratio": null,
            "price_fair": 0,
            "eps_avg_yearly": 0,
            "eps_latest_yearly": 0,
            "eps_growth_yearly": 0
        },
        "20062": {
            "year_quarter": 20062,
            "year": 2006,
            "quarter": 2,
            "eps": null,
            "eps_growth_year": null,
            "eps_4q": null,
            "eps_4q_growth_year": null,
            "roe": null,
            "roe_4q": 0,
            "gross_profit": null,
            "gross_margin": null,
            "gross_margin_4q_avg": 0,
            "net_income": null,
            "net_income_4q": null,
            "revenue": null,
            "revenue_4q": null,
            "common_shares": null,
            "book_valuer_per_share": null,
            "book_valuer_per_share_4q_avg": 0,
            "equity": null,
            "current_ratio": null,
            "debt_ratio": null,
            "inventory_turnover_ratio": null,
            "account_receivable_turnover_ratio": null,
            "reinvestment_rate": null,
            "research_to_sale_ratio": null,
            "price_fair": 0,
            "eps_avg_yearly": 0,
            "eps_latest_yearly": 0,
            "eps_growth_yearly": 0
        },
        "20063": {
            "year_quarter": 20063,
            "year": 2006,
            "quarter": 3,
            "eps": null,
            "eps_growth_year": null,
            "eps_4q": null,
            "eps_4q_growth_year": null,
            "roe": null,
            "roe_4q": 0,
            "gross_profit": null,
            "gross_margin": null,
            "gross_margin_4q_avg": 0,
            "net_income": null,
            "net_income_4q": null,
            "revenue": null,
            "revenue_4q": null,
            "common_shares": null,
            "book_valuer_per_share": null,
            "book_valuer_per_share_4q_avg": 0,
            "equity": null,
            "current_ratio": null,
            "debt_ratio": null,
            "inventory_turnover_ratio": null,
            "account_receivable_turnover_ratio": null,
            "reinvestment_rate": null,
            "research_to_sale_ratio": null,
            "price_fair": 0,
            "eps_avg_yearly": 0,
            "eps_latest_yearly": 0,
            "eps_growth_yearly": 0
        },
        "20064": {
            "year_quarter": 20064,
            "year": 2006,
            "quarter": 4,
            "eps": null,
            "eps_growth_year": null,
            "eps_4q": null,
            "eps_4q_growth_year": null,
            "roe": null,
            "roe_4q": 0,
            "gross_profit": null,
            "gross_margin": null,
            "gross_margin_4q_avg": 0,
            "net_income": null,
            "net_income_4q": null,
            "revenue": null,
            "revenue_4q": null,
            "common_shares": null,
            "book_valuer_per_share": null,
            "book_valuer_per_share_4q_avg": 0,
            "equity": null,
            "current_ratio": null,
            "debt_ratio": null,
            "inventory_turnover_ratio": null,
            "account_receivable_turnover_ratio": null,
            "reinvestment_rate": null,
            "research_to_sale_ratio": null,
            "price_fair": 0,
            "eps_avg_yearly": 0,
            "eps_latest_yearly": 0,
            "eps_growth_yearly": 0
        },
        "20071": {
            "year_quarter": 20071,
            "year": 2007,
            "quarter": 1,
            "eps": null,
            "eps_growth_year": null,
            "eps_4q": null,
            "eps_4q_growth_year": null,
            "roe": null,
            "roe_4q": 0,
            "gross_profit": null,
            "gross_margin": null,
            "gross_margin_4q_avg": 0,
            "net_income": null,
            "net_income_4q": null,
            "revenue": null,
            "revenue_4q": null,
            "common_shares": null,
            "book_valuer_per_share": null,
            "book_valuer_per_share_4q_avg": 0,
            "equity": null,
            "current_ratio": null,
            "debt_ratio": null,
            "inventory_turnover_ratio": null,
            "account_receivable_turnover_ratio": null,
            "reinvestment_rate": null,
            "research_to_sale_ratio": null,
            "price_fair": 0,
            "eps_avg_yearly": 0,
            "eps_latest_yearly": 0,
            "eps_growth_yearly": 0
        },
        "20072": {
            "year_quarter": 20072,
            "year": 2007,
            "quarter": 2,
            "eps": null,
            "eps_growth_year": null,
            "eps_4q": null,
            "eps_4q_growth_year": null,
            "roe": null,
            "roe_4q": 0,
            "gross_profit": null,
            "gross_margin": null,
            "gross_margin_4q_avg": 0,
            "net_income": null,
            "net_income_4q": null,
            "revenue": null,
            "revenue_4q": null,
            "common_shares": null,
            "book_valuer_per_share": null,
            "book_valuer_per_share_4q_avg": 0,
            "equity": null,
            "current_ratio": null,
            "debt_ratio": null,
            "inventory_turnover_ratio": null,
            "account_receivable_turnover_ratio": null,
            "reinvestment_rate": null,
            "research_to_sale_ratio": null,
            "price_fair": 0,
            "eps_avg_yearly": 0,
            "eps_latest_yearly": 0,
            "eps_growth_yearly": 0
        },
        "20073": {
            "year_quarter": 20073,
            "year": 2007,
            "quarter": 3,
            "eps": null,
            "eps_growth_year": null,
            "eps_4q": null,
            "eps_4q_growth_year": null,
            "roe": null,
            "roe_4q": 0,
            "gross_profit": null,
            "gross_margin": null,
            "gross_margin_4q_avg": 0,
            "net_income": null,
            "net_income_4q": null,
            "revenue": null,
            "revenue_4q": null,
            "common_shares": null,
            "book_valuer_per_share": null,
            "book_valuer_per_share_4q_avg": 0,
            "equity": null,
            "current_ratio": null,
            "debt_ratio": null,
            "inventory_turnover_ratio": null,
            "account_receivable_turnover_ratio": null,
            "reinvestment_rate": null,
            "research_to_sale_ratio": null,
            "price_fair": 0,
            "eps_avg_yearly": 0,
            "eps_latest_yearly": 0,
            "eps_growth_yearly": 0
        },
        "20074": {
            "year_quarter": 20074,
            "year": 2007,
            "quarter": 4,
            "eps": null,
            "eps_growth_year": null,
            "eps_4q": null,
            "eps_4q_growth_year": null,
            "roe": null,
            "roe_4q": 0,
            "gross_profit": null,
            "gross_margin": null,
            "gross_margin_4q_avg": 0,
            "net_income": null,
            "net_income_4q": null,
            "revenue": null,
            "revenue_4q": null,
            "common_shares": null,
            "book_valuer_per_share": null,
            "book_valuer_per_share_4q_avg": 0,
            "equity": null,
            "current_ratio": null,
            "debt_ratio": null,
            "inventory_turnover_ratio": null,
            "account_receivable_turnover_ratio": null,
            "reinvestment_rate": null,
            "research_to_sale_ratio": null,
            "price_fair": 0,
            "eps_avg_yearly": 0,
            "eps_latest_yearly": 0,
            "eps_growth_yearly": 0
        },
        "20081": {
            "year_quarter": 20081,
            "year": 2008,
            "quarter": 1,
            "eps": null,
            "eps_growth_year": null,
            "eps_4q": null,
            "eps_4q_growth_year": null,
            "roe": null,
            "roe_4q": 0,
            "gross_profit": null,
            "gross_margin": null,
            "gross_margin_4q_avg": 0,
            "net_income": null,
            "net_income_4q": null,
            "revenue": null,
            "revenue_4q": null,
            "common_shares": null,
            "book_valuer_per_share": null,
            "book_valuer_per_share_4q_avg": 0,
            "equity": null,
            "current_ratio": null,
            "debt_ratio": null,
            "inventory_turnover_ratio": null,
            "account_receivable_turnover_ratio": null,
            "reinvestment_rate": null,
            "research_to_sale_ratio": null,
            "price_fair": 0,
            "eps_avg_yearly": 0,
            "eps_latest_yearly": 0,
            "eps_growth_yearly": 0
        },
        "20082": {
            "year_quarter": 20082,
            "year": 2008,
            "quarter": 2,
            "eps": null,
            "eps_growth_year": null,
            "eps_4q": null,
            "eps_4q_growth_year": null,
            "roe": null,
            "roe_4q": 0,
            "gross_profit": null,
            "gross_margin": null,
            "gross_margin_4q_avg": 0,
            "net_income": null,
            "net_income_4q": null,
            "revenue": null,
            "revenue_4q": null,
            "common_shares": null,
            "book_valuer_per_share": null,
            "book_valuer_per_share_4q_avg": 0,
            "equity": null,
            "current_ratio": null,
            "debt_ratio": null,
            "inventory_turnover_ratio": null,
            "account_receivable_turnover_ratio": null,
            "reinvestment_rate": null,
            "research_to_sale_ratio": null,
            "price_fair": 0,
            "eps_avg_yearly": 0,
            "eps_latest_yearly": 0,
            "eps_growth_yearly": 0
        },
        "20083": {
            "year_quarter": 20083,
            "year": 2008,
            "quarter": 3,
            "eps": null,
            "eps_growth_year": null,
            "eps_4q": null,
            "eps_4q_growth_year": null,
            "roe": null,
            "roe_4q": 0,
            "gross_profit": null,
            "gross_margin": null,
            "gross_margin_4q_avg": 0,
            "net_income": null,
            "net_income_4q": null,
            "revenue": null,
            "revenue_4q": null,
            "common_shares": null,
            "book_valuer_per_share": null,
            "book_valuer_per_share_4q_avg": 0,
            "equity": null,
            "current_ratio": null,
            "debt_ratio": null,
            "inventory_turnover_ratio": null,
            "account_receivable_turnover_ratio": null,
            "reinvestment_rate": null,
            "research_to_sale_ratio": null,
            "price_fair": 0,
            "eps_avg_yearly": 0,
            "eps_latest_yearly": 0,
            "eps_growth_yearly": 0
        },
        "20084": {
            "year_quarter": 20084,
            "year": 2008,
            "quarter": 4,
            "eps": null,
            "eps_growth_year": null,
            "eps_4q": null,
            "eps_4q_growth_year": null,
            "roe": null,
            "roe_4q": 0,
            "gross_profit": null,
            "gross_margin": null,
            "gross_margin_4q_avg": 0,
            "net_income": null,
            "net_income_4q": null,
            "revenue": null,
            "revenue_4q": null,
            "common_shares": 21947143,
            "book_valuer_per_share": null,
            "book_valuer_per_share_4q_avg": 0,
            "equity": 24955684,
            "current_ratio": null,
            "debt_ratio": null,
            "inventory_turnover_ratio": null,
            "account_receivable_turnover_ratio": null,
            "reinvestment_rate": null,
            "research_to_sale_ratio": null,
            "price_fair": 0,
            "eps_avg_yearly": 0,
            "eps_latest_yearly": 0,
            "eps_growth_yearly": 0
        },
        "20091": {
            "year_quarter": 20091,
            "year": 2009,
            "quarter": 1,
            "eps": null,
            "eps_growth_year": null,
            "eps_4q": null,
            "eps_4q_growth_year": null,
            "roe": null,
            "roe_4q": 0,
            "gross_profit": null,
            "gross_margin": null,
            "gross_margin_4q_avg": 0,
            "net_income": 765951,
            "net_income_4q": null,
            "revenue": 1531273,
            "revenue_4q": null,
            "common_shares": 21947143,
            "book_valuer_per_share": null,
            "book_valuer_per_share_4q_avg": 0,
            "equity": 26035276,
            "current_ratio": null,
            "debt_ratio": null,
            "inventory_turnover_ratio": null,
            "account_receivable_turnover_ratio": null,
            "reinvestment_rate": null,
            "research_to_sale_ratio": null,
            "price_fair": 0,
            "eps_avg_yearly": 0,
            "eps_latest_yearly": 0,
            "eps_growth_yearly": 0
        },
        "20092": {
            "year_quarter": 20092,
            "year": 2009,
            "quarter": 2,
            "eps": null,
            "eps_growth_year": null,
            "eps_4q": null,
            "eps_4q_growth_year": null,
            "roe": null,
            "roe_4q": 0,
            "gross_profit": null,
            "gross_margin": null,
            "gross_margin_4q_avg": 0,
            "net_income": 776693,
            "net_income_4q": null,
            "revenue": 1937363,
            "revenue_4q": null,
            "common_shares": 21947143,
            "book_valuer_per_share": null,
            "book_valuer_per_share_4q_avg": 0,
            "equity": 26893620,
            "current_ratio": null,
            "debt_ratio": null,
            "inventory_turnover_ratio": null,
            "account_receivable_turnover_ratio": null,
            "reinvestment_rate": null,
            "research_to_sale_ratio": null,
            "price_fair": 0,
            "eps_avg_yearly": 0,
            "eps_latest_yearly": 0,
            "eps_growth_yearly": 0
        },
        "20093": {
            "year_quarter": 20093,
            "year": 2009,
            "quarter": 3,
            "eps": null,
            "eps_growth_year": null,
            "eps_4q": null,
            "eps_4q_growth_year": null,
            "roe": null,
            "roe_4q": 0,
            "gross_profit": null,
            "gross_margin": null,
            "gross_margin_4q_avg": 0,
            "net_income": 719416,
            "net_income_4q": null,
            "revenue": 1616768,
            "revenue_4q": null,
            "common_shares": 21947143,
            "book_valuer_per_share": null,
            "book_valuer_per_share_4q_avg": 0,
            "equity": 27565385,
            "current_ratio": null,
            "debt_ratio": null,
            "inventory_turnover_ratio": null,
            "account_receivable_turnover_ratio": null,
            "reinvestment_rate": null,
            "research_to_sale_ratio": null,
            "price_fair": 0,
            "eps_avg_yearly": 0,
            "eps_latest_yearly": 0,
            "eps_growth_yearly": 0
        },
        "20094": {
            "year_quarter": 20094,
            "year": 2009,
            "quarter": 4,
            "eps": null,
            "eps_growth_year": null,
            "eps_4q": null,
            "eps_4q_growth_year": null,
            "roe": null,
            "roe_4q": 0,
            "gross_profit": null,
            "gross_margin": null,
            "gross_margin_4q_avg": 0,
            "net_income": 646370,
            "net_income_4q": null,
            "revenue": 1866731,
            "revenue_4q": null,
            "common_shares": 21947143,
            "book_valuer_per_share": 13.4,
            "book_valuer_per_share_4q_avg": 3.35,
            "equity": 28062181,
            "current_ratio": null,
            "debt_ratio": 84.84,
            "inventory_turnover_ratio": null,
            "account_receivable_turnover_ratio": null,
            "reinvestment_rate": null,
            "research_to_sale_ratio": null,
            "price_fair": 0,
            "eps_avg_yearly": 0,
            "eps_latest_yearly": 0,
            "eps_growth_yearly": 0
        },
        "20101": {
            "year_quarter": 20101,
            "year": 2010,
            "quarter": 1,
            "eps": 0.16,
            "eps_growth_year": null,
            "eps_4q": 0.16,
            "eps_4q_growth_year": null,
            "roe": 1.21,
            "roe_4q": 1.21,
            "gross_profit": null,
            "gross_margin": null,
            "gross_margin_4q_avg": 0,
            "net_income": 343455,
            "net_income_4q": null,
            "revenue": 1208959,
            "revenue_4q": null,
            "common_shares": 21947143,
            "book_valuer_per_share": 13.53,
            "book_valuer_per_share_4q_avg": 6.73,
            "equity": 28882122,
            "current_ratio": null,
            "debt_ratio": 85.21,
            "inventory_turnover_ratio": null,
            "account_receivable_turnover_ratio": null,
            "reinvestment_rate": null,
            "research_to_sale_ratio": null,
            "price_fair": 0,
            "eps_avg_yearly": 0,
            "eps_latest_yearly": 0,
            "eps_growth_yearly": 0
        },
        "20102": {
            "year_quarter": 20102,
            "year": 2010,
            "quarter": 2,
            "eps": 0.14,
            "eps_growth_year": null,
            "eps_4q": 0.29,
            "eps_4q_growth_year": null,
            "roe": 1.1,
            "roe_4q": 2.31,
            "gross_profit": null,
            "gross_margin": null,
            "gross_margin_4q_avg": 0,
            "net_income": 317127,
            "net_income_4q": null,
            "revenue": 1159231,
            "revenue_4q": null,
            "common_shares": 21947143,
            "book_valuer_per_share": 13.41,
            "book_valuer_per_share_4q_avg": 10.09,
            "equity": 28614149,
            "current_ratio": null,
            "debt_ratio": 85.87,
            "inventory_turnover_ratio": null,
            "account_receivable_turnover_ratio": null,
            "reinvestment_rate": null,
            "research_to_sale_ratio": null,
            "price_fair": 1.68,
            "eps_avg_yearly": 0.56,
            "eps_latest_yearly": 0.56,
            "eps_growth_yearly": -50
        },
        "20103": {
            "year_quarter": 20103,
            "year": 2010,
            "quarter": 3,
            "eps": 0.29,
            "eps_growth_year": null,
            "eps_4q": 0.58,
            "eps_4q_growth_year": null,
            "roe": 2.79,
            "roe_4q": 5.1,
            "gross_profit": null,
            "gross_margin": null,
            "gross_margin_4q_avg": 0,
            "net_income": 812453,
            "net_income_4q": null,
            "revenue": 1679984,
            "revenue_4q": null,
            "common_shares": 23334493,
            "book_valuer_per_share": 13.07,
            "book_valuer_per_share_4q_avg": 13.35,
            "equity": 29703554,
            "current_ratio": null,
            "debt_ratio": 85.4,
            "inventory_turnover_ratio": null,
            "account_receivable_turnover_ratio": null,
            "reinvestment_rate": null,
            "research_to_sale_ratio": null,
            "price_fair": 30.1,
            "eps_avg_yearly": 0.86,
            "eps_latest_yearly": 1.16,
            "eps_growth_yearly": 189.29
        },
        "20104": {
            "year_quarter": 20104,
            "year": 2010,
            "quarter": 4,
            "eps": 0.39,
            "eps_growth_year": null,
            "eps_4q": 0.97,
            "eps_4q_growth_year": null,
            "roe": 3.09,
            "roe_4q": 8.190000000000001,
            "gross_profit": null,
            "gross_margin": null,
            "gross_margin_4q_avg": 0,
            "net_income": 923665,
            "net_income_4q": null,
            "revenue": 1853289,
            "revenue_4q": null,
            "common_shares": 23334493,
            "book_valuer_per_share": 13.23,
            "book_valuer_per_share_4q_avg": 13.31,
            "equity": 30062792,
            "current_ratio": null,
            "debt_ratio": 85.8,
            "inventory_turnover_ratio": null,
            "account_receivable_turnover_ratio": null,
            "reinvestment_rate": null,
            "research_to_sale_ratio": null,
            "price_fair": 38.27,
            "eps_avg_yearly": 1.09,
            "eps_latest_yearly": 1.56,
            "eps_growth_yearly": 172.17
        },
        "20111": {
            "year_quarter": 20111,
            "year": 2011,
            "quarter": 1,
            "eps": 0.62,
            "eps_growth_year": 287.5,
            "eps_4q": 1.42,
            "eps_4q_growth_year": 794.6,
            "roe": 4.48,
            "roe_4q": 11.459999999999999,
            "gross_profit": null,
            "gross_margin": null,
            "gross_margin_4q_avg": 0,
            "net_income": 1385691,
            "net_income_4q": null,
            "revenue": 2638478,
            "revenue_4q": null,
            "common_shares": 23334493,
            "book_valuer_per_share": 13.81,
            "book_valuer_per_share_4q_avg": 13.38,
            "equity": 31799645,
            "current_ratio": null,
            "debt_ratio": 85.05,
            "inventory_turnover_ratio": null,
            "account_receivable_turnover_ratio": null,
            "reinvestment_rate": null,
            "research_to_sale_ratio": null,
            "price_fair": 50.4,
            "eps_avg_yearly": 1.44,
            "eps_latest_yearly": 2.48,
            "eps_growth_yearly": 188.1
        },
        "20112": {
            "year_quarter": 20112,
            "year": 2011,
            "quarter": 2,
            "eps": 0.13,
            "eps_growth_year": -10.06,
            "eps_4q": 1.34,
            "eps_4q_growth_year": 365.32,
            "roe": 0.96,
            "roe_4q": 11.32,
            "gross_profit": null,
            "gross_margin": null,
            "gross_margin_4q_avg": 0,
            "net_income": 301859,
            "net_income_4q": null,
            "revenue": 1036058,
            "revenue_4q": null,
            "common_shares": 23334493,
            "book_valuer_per_share": 13.41,
            "book_valuer_per_share_4q_avg": 13.38,
            "equity": 30897170,
            "current_ratio": null,
            "debt_ratio": 84.99,
            "inventory_turnover_ratio": null,
            "account_receivable_turnover_ratio": null,
            "reinvestment_rate": null,
            "research_to_sale_ratio": null,
            "price_fair": 43.96,
            "eps_avg_yearly": 1.26,
            "eps_latest_yearly": 0.52,
            "eps_growth_yearly": 87.25
        },
        "20113": {
            "year_quarter": 20113,
            "year": 2011,
            "quarter": 3,
            "eps": 0.17,
            "eps_growth_year": -42.24,
            "eps_4q": 1.22,
            "eps_4q_growth_year": 112.54,
            "roe": 1.15,
            "roe_4q": 9.68,
            "gross_profit": null,
            "gross_margin": null,
            "gross_margin_4q_avg": 0,
            "net_income": 359289,
            "net_income_4q": null,
            "revenue": 1263879,
            "revenue_4q": null,
            "common_shares": 23334493,
            "book_valuer_per_share": 13.55,
            "book_valuer_per_share_4q_avg": 13.5,
            "equity": 31621601,
            "current_ratio": null,
            "debt_ratio": 85.43,
            "inventory_turnover_ratio": null,
            "account_receivable_turnover_ratio": null,
            "reinvestment_rate": null,
            "research_to_sale_ratio": null,
            "price_fair": 40.6,
            "eps_avg_yearly": 1.16,
            "eps_latest_yearly": 0.68,
            "eps_growth_yearly": 93.22
        },
        "20114": {
            "year_quarter": 20114,
            "year": 2011,
            "quarter": 4,
            "eps": -0.24,
            "eps_growth_year": -161.53,
            "eps_4q": 0.62,
            "eps_4q_growth_year": -35.41,
            "roe": -2.03,
            "roe_4q": 4.5600000000000005,
            "gross_profit": null,
            "gross_margin": null,
            "gross_margin_4q_avg": 0,
            "net_income": -640093,
            "net_income_4q": null,
            "revenue": 48689,
            "revenue_4q": null,
            "common_shares": 24547887,
            "book_valuer_per_share": 12.85,
            "book_valuer_per_share_4q_avg": 13.41,
            "equity": 31553896,
            "current_ratio": null,
            "debt_ratio": 85.24,
            "inventory_turnover_ratio": null,
            "account_receivable_turnover_ratio": null,
            "reinvestment_rate": null,
            "research_to_sale_ratio": null,
            "price_fair": 40.6,
            "eps_avg_yearly": 1.16,
            "eps_latest_yearly": 0.68,
            "eps_growth_yearly": 93.22
        },
        "20121": {
            "year_quarter": 20121,
            "year": 2012,
            "quarter": 1,
            "eps": 0.17,
            "eps_growth_year": -72.58,
            "eps_4q": 0.22,
            "eps_4q_growth_year": -84.74,
            "roe": 1.48,
            "roe_4q": 1.56,
            "gross_profit": null,
            "gross_margin": null,
            "gross_margin_4q_avg": 0,
            "net_income": 471878,
            "net_income_4q": null,
            "revenue": 1225797,
            "revenue_4q": null,
            "common_shares": 24547887,
            "book_valuer_per_share": 13.11,
            "book_valuer_per_share_4q_avg": 13.23,
            "equity": 32174149,
            "current_ratio": null,
            "debt_ratio": 85,
            "inventory_turnover_ratio": null,
            "account_receivable_turnover_ratio": null,
            "reinvestment_rate": null,
            "research_to_sale_ratio": null,
            "price_fair": 40.6,
            "eps_avg_yearly": 1.16,
            "eps_latest_yearly": 0.68,
            "eps_growth_yearly": 93.22
        },
        "20122": {
            "year_quarter": 20122,
            "year": 2012,
            "quarter": 2,
            "eps": 0.24,
            "eps_growth_year": 88.66,
            "eps_4q": 0.33,
            "eps_4q_growth_year": -75.73,
            "roe": 1.71,
            "roe_4q": 2.31,
            "gross_profit": null,
            "gross_margin": null,
            "gross_margin_4q_avg": 0,
            "net_income": 545630,
            "net_income_4q": null,
            "revenue": 1294787,
            "revenue_4q": null,
            "common_shares": 24547887,
            "book_valuer_per_share": 12.96,
            "book_valuer_per_share_4q_avg": 13.12,
            "equity": 31822349,
            "current_ratio": null,
            "debt_ratio": 84.85,
            "inventory_turnover_ratio": null,
            "account_receivable_turnover_ratio": null,
            "reinvestment_rate": null,
            "research_to_sale_ratio": null,
            "price_fair": 39.6,
            "eps_avg_yearly": 1.13,
            "eps_latest_yearly": 0.96,
            "eps_growth_yearly": 103.44
        },
        "20123": {
            "year_quarter": 20123,
            "year": 2012,
            "quarter": 3,
            "eps": 0.1,
            "eps_growth_year": -37.5,
            "eps_4q": 0.27,
            "eps_4q_growth_year": -77.99,
            "roe": 0.82,
            "roe_4q": 1.98,
            "gross_profit": null,
            "gross_margin": null,
            "gross_margin_4q_avg": 0,
            "net_income": 262560,
            "net_income_4q": null,
            "revenue": 950343,
            "revenue_4q": null,
            "common_shares": 25529802,
            "book_valuer_per_share": 12.58,
            "book_valuer_per_share_4q_avg": 12.88,
            "equity": 32124483,
            "current_ratio": null,
            "debt_ratio": 84.74,
            "inventory_turnover_ratio": null,
            "account_receivable_turnover_ratio": null,
            "reinvestment_rate": null,
            "research_to_sale_ratio": null,
            "price_fair": 36.4,
            "eps_avg_yearly": 1.04,
            "eps_latest_yearly": 0.4,
            "eps_growth_yearly": 61.34
        },
        "20124": {
            "year_quarter": 20124,
            "year": 2012,
            "quarter": 4,
            "eps": 0.05,
            "eps_growth_year": null,
            "eps_4q": 0.56,
            "eps_4q_growth_year": -10.12,
            "roe": 0.31,
            "roe_4q": 4.32,
            "gross_profit": null,
            "gross_margin": null,
            "gross_margin_4q_avg": 0,
            "net_income": 100404,
            "net_income_4q": null,
            "revenue": 816784,
            "revenue_4q": null,
            "common_shares": 25529802,
            "book_valuer_per_share": 12.64,
            "book_valuer_per_share_4q_avg": 12.82,
            "equity": 31913093,
            "current_ratio": null,
            "debt_ratio": 84.27,
            "inventory_turnover_ratio": null,
            "account_receivable_turnover_ratio": null,
            "reinvestment_rate": 44.1,
            "research_to_sale_ratio": null,
            "price_fair": 33.13,
            "eps_avg_yearly": 0.95,
            "eps_latest_yearly": 0.2,
            "eps_growth_yearly": 32.3
        },
        "20131": {
            "year_quarter": 20131,
            "year": 2013,
            "quarter": 1,
            "eps": 0.12,
            "eps_growth_year": -29.41,
            "eps_4q": 0.53,
            "eps_4q_growth_year": 142.93,
            "roe": 0.99,
            "roe_4q": 3.83,
            "gross_profit": null,
            "gross_margin": null,
            "gross_margin_4q_avg": 0,
            "net_income": 316731,
            "net_income_4q": null,
            "revenue": 970783,
            "revenue_4q": null,
            "common_shares": 25529802,
            "book_valuer_per_share": 11.15,
            "book_valuer_per_share_4q_avg": 12.33,
            "equity": 31828858,
            "current_ratio": null,
            "debt_ratio": 84.83,
            "inventory_turnover_ratio": null,
            "account_receivable_turnover_ratio": null,
            "reinvestment_rate": 46.76,
            "research_to_sale_ratio": null,
            "price_fair": 31.5,
            "eps_avg_yearly": 0.9,
            "eps_latest_yearly": 0.48,
            "eps_growth_yearly": 85.07
        },
        "20132": {
            "year_quarter": 20132,
            "year": 2013,
            "quarter": 2,
            "eps": 0.09,
            "eps_growth_year": -61.97,
            "eps_4q": 0.37,
            "eps_4q_growth_year": 13.1,
            "roe": 0.66,
            "roe_4q": 2.78,
            "gross_profit": null,
            "gross_margin": null,
            "gross_margin_4q_avg": 0,
            "net_income": 208685,
            "net_income_4q": null,
            "revenue": 879171,
            "revenue_4q": null,
            "common_shares": 25529802,
            "book_valuer_per_share": 11.05,
            "book_valuer_per_share_4q_avg": 11.86,
            "equity": 31546179,
            "current_ratio": null,
            "debt_ratio": 85.02,
            "inventory_turnover_ratio": null,
            "account_receivable_turnover_ratio": null,
            "reinvestment_rate": 49.76,
            "research_to_sale_ratio": null,
            "price_fair": 29.78,
            "eps_avg_yearly": 0.85,
            "eps_latest_yearly": 0.36,
            "eps_growth_yearly": 68.25
        },
        "20133": {
            "year_quarter": 20133,
            "year": 2013,
            "quarter": 3,
            "eps": 0.12,
            "eps_growth_year": 15.48,
            "eps_4q": 0.39,
            "eps_4q_growth_year": 44.53,
            "roe": 1.07,
            "roe_4q": 3.03,
            "gross_profit": null,
            "gross_margin": null,
            "gross_margin_4q_avg": 0,
            "net_income": 338037,
            "net_income_4q": null,
            "revenue": 1059806,
            "revenue_4q": null,
            "common_shares": 26280696,
            "book_valuer_per_share": 10.76,
            "book_valuer_per_share_4q_avg": 11.4,
            "equity": 31646123,
            "current_ratio": null,
            "debt_ratio": 85.59,
            "inventory_turnover_ratio": null,
            "account_receivable_turnover_ratio": null,
            "reinvestment_rate": 51.26,
            "research_to_sale_ratio": null,
            "price_fair": 28.7,
            "eps_avg_yearly": 0.82,
            "eps_latest_yearly": 0.48,
            "eps_growth_yearly": 73.67
        },
        "20134": {
            "year_quarter": 20134,
            "year": 2013,
            "quarter": 4,
            "eps": 0.19,
            "eps_growth_year": 242.08,
            "eps_4q": 0.52,
            "eps_4q_growth_year": -6.59,
            "roe": 1.7,
            "roe_4q": 4.42,
            "gross_profit": null,
            "gross_margin": null,
            "gross_margin_4q_avg": 0,
            "net_income": 543134,
            "net_income_4q": null,
            "revenue": 1303887,
            "revenue_4q": null,
            "common_shares": 26280696,
            "book_valuer_per_share": 10.99,
            "book_valuer_per_share_4q_avg": 10.99,
            "equity": 32298219,
            "current_ratio": null,
            "debt_ratio": 85.25,
            "inventory_turnover_ratio": null,
            "account_receivable_turnover_ratio": null,
            "reinvestment_rate": -5.88,
            "research_to_sale_ratio": null,
            "price_fair": 28.54,
            "eps_avg_yearly": 0.82,
            "eps_latest_yearly": 0.76,
            "eps_growth_yearly": 85.95
        },
        "20141": {
            "year_quarter": 20141,
            "year": 2014,
            "quarter": 1,
            "eps": 0.21,
            "eps_growth_year": 75,
            "eps_4q": 0.61,
            "eps_4q_growth_year": 16.27,
            "roe": 2.01,
            "roe_4q": 5.44,
            "gross_profit": null,
            "gross_margin": null,
            "gross_margin_4q_avg": 0,
            "net_income": 656178,
            "net_income_4q": null,
            "revenue": 1451136,
            "revenue_4q": null,
            "common_shares": 26280696,
            "book_valuer_per_share": 11.21,
            "book_valuer_per_share_4q_avg": 11,
            "equity": 33015130,
            "current_ratio": null,
            "debt_ratio": 84.2,
            "inventory_turnover_ratio": null,
            "account_receivable_turnover_ratio": null,
            "reinvestment_rate": -2.19,
            "research_to_sale_ratio": null,
            "price_fair": 28.6,
            "eps_avg_yearly": 0.82,
            "eps_latest_yearly": 0.84,
            "eps_growth_yearly": 82.82
        },
        "20142": {
            "year_quarter": 20142,
            "year": 2014,
            "quarter": 2,
            "eps": 0.21,
            "eps_growth_year": 133.33,
            "eps_4q": 0.72,
            "eps_4q_growth_year": 94.55,
            "roe": 1.71,
            "roe_4q": 6.49,
            "gross_profit": null,
            "gross_margin": null,
            "gross_margin_4q_avg": 0,
            "net_income": 563582,
            "net_income_4q": null,
            "revenue": 1233999,
            "revenue_4q": null,
            "common_shares": 26280696,
            "book_valuer_per_share": 11.2,
            "book_valuer_per_share_4q_avg": 11.04,
            "equity": 33011455,
            "current_ratio": null,
            "debt_ratio": 85.71,
            "inventory_turnover_ratio": null,
            "account_receivable_turnover_ratio": null,
            "reinvestment_rate": -3.01,
            "research_to_sale_ratio": null,
            "price_fair": 29.3,
            "eps_avg_yearly": 0.84,
            "eps_latest_yearly": 0.84,
            "eps_growth_yearly": 86.39
        },
        "20143": {
            "year_quarter": 20143,
            "year": 2014,
            "quarter": 3,
            "eps": 0.14,
            "eps_growth_year": 16.67,
            "eps_4q": 0.73,
            "eps_4q_growth_year": 88.59,
            "roe": 1.1,
            "roe_4q": 6.5200000000000005,
            "gross_profit": null,
            "gross_margin": null,
            "gross_margin_4q_avg": 0,
            "net_income": 365031,
            "net_income_4q": null,
            "revenue": 1142162,
            "revenue_4q": null,
            "common_shares": 26873652,
            "book_valuer_per_share": 11.03,
            "book_valuer_per_share_4q_avg": 11.11,
            "equity": 33204919,
            "current_ratio": null,
            "debt_ratio": 85.41,
            "inventory_turnover_ratio": null,
            "account_receivable_turnover_ratio": null,
            "reinvestment_rate": -2.87,
            "research_to_sale_ratio": null,
            "price_fair": 27.8,
            "eps_avg_yearly": 0.79,
            "eps_latest_yearly": 0.56,
            "eps_growth_yearly": 46.26
        },
        "20144": {
            "year_quarter": 20144,
            "year": 2014,
            "quarter": 4,
            "eps": 0.11,
            "eps_growth_year": -43.54,
            "eps_4q": 0.66,
            "eps_4q_growth_year": 25.45,
            "roe": 0.67,
            "roe_4q": 5.49,
            "gross_profit": null,
            "gross_margin": null,
            "gross_margin_4q_avg": 0,
            "net_income": 223575,
            "net_income_4q": null,
            "revenue": 1028741,
            "revenue_4q": null,
            "common_shares": 26873652,
            "book_valuer_per_share": 11.22,
            "book_valuer_per_share_4q_avg": 11.17,
            "equity": 33648218,
            "current_ratio": null,
            "debt_ratio": 84.86,
            "inventory_turnover_ratio": null,
            "account_receivable_turnover_ratio": null,
            "reinvestment_rate": -2.26,
            "research_to_sale_ratio": null,
            "price_fair": 25,
            "eps_avg_yearly": 0.71,
            "eps_latest_yearly": 0.44,
            "eps_growth_yearly": 30.28
        },
        "20151": {
            "year_quarter": 20151,
            "year": 2015,
            "quarter": 1,
            "eps": 0.18,
            "eps_growth_year": -14.29,
            "eps_4q": 0.63,
            "eps_4q_growth_year": 3.46,
            "roe": 1.45,
            "roe_4q": 4.93,
            "gross_profit": null,
            "gross_margin": null,
            "gross_margin_4q_avg": 0,
            "net_income": 491682,
            "net_income_4q": null,
            "revenue": 1262328,
            "revenue_4q": null,
            "common_shares": 26873652,
            "book_valuer_per_share": 11.43,
            "book_valuer_per_share_4q_avg": 11.22,
            "equity": 34231288,
            "current_ratio": null,
            "debt_ratio": 85.09,
            "inventory_turnover_ratio": null,
            "account_receivable_turnover_ratio": null,
            "reinvestment_rate": -0.73,
            "research_to_sale_ratio": null,
            "price_fair": 20.6,
            "eps_avg_yearly": 0.59,
            "eps_latest_yearly": 0.72,
            "eps_growth_yearly": 31.61
        },
        "20152": {
            "year_quarter": 20152,
            "year": 2015,
            "quarter": 2,
            "eps": 0.15,
            "eps_growth_year": -28.57,
            "eps_4q": 0.56,
            "eps_4q_growth_year": -22,
            "roe": 1.21,
            "roe_4q": 4.43,
            "gross_profit": null,
            "gross_margin": null,
            "gross_margin_4q_avg": 0,
            "net_income": 409760,
            "net_income_4q": null,
            "revenue": 1332287,
            "revenue_4q": null,
            "common_shares": 26873652,
            "book_valuer_per_share": 11.23,
            "book_valuer_per_share_4q_avg": 11.23,
            "equity": 33677487,
            "current_ratio": null,
            "debt_ratio": 85.39,
            "inventory_turnover_ratio": null,
            "account_receivable_turnover_ratio": null,
            "reinvestment_rate": 0.21,
            "research_to_sale_ratio": null,
            "price_fair": 20.8,
            "eps_avg_yearly": 0.59,
            "eps_latest_yearly": 0.6,
            "eps_growth_yearly": 49.43
        },
        "20153": {
            "year_quarter": 20153,
            "year": 2015,
            "quarter": 3,
            "eps": 0.12,
            "eps_growth_year": -14.29,
            "eps_4q": 0.55,
            "eps_4q_growth_year": -25.49,
            "roe": 0.96,
            "roe_4q": 4.29,
            "gross_profit": null,
            "gross_margin": null,
            "gross_margin_4q_avg": 0,
            "net_income": 325435,
            "net_income_4q": null,
            "revenue": 1176954,
            "revenue_4q": null,
            "common_shares": 27664862,
            "book_valuer_per_share": 11.09,
            "book_valuer_per_share_4q_avg": 11.24,
            "equity": 33849243,
            "current_ratio": null,
            "debt_ratio": 84.91,
            "inventory_turnover_ratio": null,
            "account_receivable_turnover_ratio": null,
            "reinvestment_rate": 0.27,
            "research_to_sale_ratio": null,
            "price_fair": 20.3,
            "eps_avg_yearly": 0.58,
            "eps_latest_yearly": 0.48,
            "eps_growth_yearly": 34.93
        },
        "20154": {
            "year_quarter": 20154,
            "year": 2015,
            "quarter": 4,
            "eps": 0.14,
            "eps_growth_year": 30.33,
            "eps_4q": 0.58,
            "eps_4q_growth_year": -11.1,
            "roe": 1.08,
            "roe_4q": 4.7,
            "gross_profit": null,
            "gross_margin": null,
            "gross_margin_4q_avg": 0,
            "net_income": 367669,
            "net_income_4q": null,
            "revenue": 1168097,
            "revenue_4q": null,
            "common_shares": 27664862,
            "book_valuer_per_share": 11.34,
            "book_valuer_per_share_4q_avg": 11.27,
            "equity": 34381061,
            "current_ratio": null,
            "debt_ratio": 86.79,
            "inventory_turnover_ratio": null,
            "account_receivable_turnover_ratio": null,
            "reinvestment_rate": 0.73,
            "research_to_sale_ratio": null,
            "price_fair": 20.25,
            "eps_avg_yearly": 0.58,
            "eps_latest_yearly": 0.56,
            "eps_growth_yearly": 37.04
        },
        "20161": {
            "year_quarter": 20161,
            "year": 2016,
            "quarter": 1,
            "eps": 0.24,
            "eps_growth_year": 33.33,
            "eps_4q": 0.65,
            "eps_4q_growth_year": 3.53,
            "roe": 2.03,
            "roe_4q": 5.28,
            "gross_profit": null,
            "gross_margin": null,
            "gross_margin_4q_avg": 0,
            "net_income": 708384,
            "net_income_4q": null,
            "revenue": 1517692,
            "revenue_4q": null,
            "common_shares": 26764862,
            "book_valuer_per_share": 11.73,
            "book_valuer_per_share_4q_avg": 11.35,
            "equity": 35500810,
            "current_ratio": null,
            "debt_ratio": 85.61,
            "inventory_turnover_ratio": null,
            "account_receivable_turnover_ratio": null,
            "reinvestment_rate": 1.45,
            "research_to_sale_ratio": null,
            "price_fair": 21.09,
            "eps_avg_yearly": 0.6,
            "eps_latest_yearly": 0.96,
            "eps_growth_yearly": 52.58
        },
        "20162": {
            "year_quarter": 20162,
            "year": 2016,
            "quarter": 2,
            "eps": 0.22,
            "eps_growth_year": 46.67,
            "eps_4q": 0.72,
            "eps_4q_growth_year": 28.34,
            "roe": 1.71,
            "roe_4q": 5.78,
            "gross_profit": null,
            "gross_margin": null,
            "gross_margin_4q_avg": 0,
            "net_income": 604325,
            "net_income_4q": null,
            "revenue": 1391019,
            "revenue_4q": null,
            "common_shares": 26764862,
            "book_valuer_per_share": 11.81,
            "book_valuer_per_share_4q_avg": 11.49,
            "equity": 35261280,
            "current_ratio": null,
            "debt_ratio": 86.02,
            "inventory_turnover_ratio": null,
            "account_receivable_turnover_ratio": null,
            "reinvestment_rate": 1.98,
            "research_to_sale_ratio": null,
            "price_fair": 20.91,
            "eps_avg_yearly": 0.6,
            "eps_latest_yearly": 0.88,
            "eps_growth_yearly": 40.21
        },
        "20163": {
            "year_quarter": 20163,
            "year": 2016,
            "quarter": 3,
            "eps": 0.21,
            "eps_growth_year": 75,
            "eps_4q": 0.81,
            "eps_4q_growth_year": 48.55,
            "roe": 1.76,
            "roe_4q": 6.58,
            "gross_profit": null,
            "gross_margin": null,
            "gross_margin_4q_avg": 0,
            "net_income": 629262,
            "net_income_4q": null,
            "revenue": 1464567,
            "revenue_4q": null,
            "common_shares": 27460748,
            "book_valuer_per_share": 11.78,
            "book_valuer_per_share_4q_avg": 11.67,
            "equity": 36059022,
            "current_ratio": null,
            "debt_ratio": 85.59,
            "inventory_turnover_ratio": null,
            "account_receivable_turnover_ratio": null,
            "reinvestment_rate": 1.59,
            "research_to_sale_ratio": null,
            "price_fair": 21.88,
            "eps_avg_yearly": 0.63,
            "eps_latest_yearly": 0.84,
            "eps_growth_yearly": 53.65
        },
        "20164": {
            "year_quarter": 20164,
            "year": 2016,
            "quarter": 4,
            "eps": 0.1,
            "eps_growth_year": -25.2,
            "eps_4q": 0.78,
            "eps_4q_growth_year": 33.51,
            "roe": 0.72,
            "roe_4q": 6.219999999999999,
            "gross_profit": null,
            "gross_margin": null,
            "gross_margin_4q_avg": 0,
            "net_income": 256644,
            "net_income_4q": null,
            "revenue": 941980,
            "revenue_4q": null,
            "common_shares": 27460748,
            "book_valuer_per_share": 11.43,
            "book_valuer_per_share_4q_avg": 11.69,
            "equity": 35032514,
            "current_ratio": null,
            "debt_ratio": 86.32,
            "inventory_turnover_ratio": null,
            "account_receivable_turnover_ratio": null,
            "reinvestment_rate": 1.41,
            "research_to_sale_ratio": null,
            "price_fair": 22.31,
            "eps_avg_yearly": 0.64,
            "eps_latest_yearly": 0.4,
            "eps_growth_yearly": 53.06
        },
        "20171": {
            "year_quarter": 20171,
            "year": 2017,
            "quarter": 1,
            "eps": 0.2,
            "eps_growth_year": -16.67,
            "eps_4q": 0.74,
            "eps_4q_growth_year": 13.08,
            "roe": 1.66,
            "roe_4q": 5.85,
            "gross_profit": null,
            "gross_margin": null,
            "gross_margin_4q_avg": 0,
            "net_income": 587136,
            "net_income_4q": null,
            "revenue": 1402400,
            "revenue_4q": null,
            "common_shares": 27460748,
            "book_valuer_per_share": 11.69,
            "book_valuer_per_share_4q_avg": 11.68,
            "equity": 35789697,
            "current_ratio": null,
            "debt_ratio": 85.93,
            "inventory_turnover_ratio": null,
            "account_receivable_turnover_ratio": null,
            "reinvestment_rate": 1.74,
            "research_to_sale_ratio": null,
            "price_fair": 23.01,
            "eps_avg_yearly": 0.66,
            "eps_latest_yearly": 0.8,
            "eps_growth_yearly": 43.06
        },
        "20172": {
            "year_quarter": 20172,
            "year": 2017,
            "quarter": 2,
            "eps": 0.2,
            "eps_growth_year": -9.09,
            "eps_4q": 0.71,
            "eps_4q_growth_year": -1.54,
            "roe": 1.6,
            "roe_4q": 5.739999999999999,
            "gross_profit": null,
            "gross_margin": null,
            "gross_margin_4q_avg": 0,
            "net_income": 567504,
            "net_income_4q": null,
            "revenue": 1442210,
            "revenue_4q": null,
            "common_shares": 27460748,
            "book_valuer_per_share": 11.41,
            "book_valuer_per_share_4q_avg": 11.58,
            "equity": 35276031,
            "current_ratio": null,
            "debt_ratio": 85.62,
            "inventory_turnover_ratio": null,
            "account_receivable_turnover_ratio": null,
            "reinvestment_rate": 2.86,
            "research_to_sale_ratio": null,
            "price_fair": 23.98,
            "eps_avg_yearly": 0.69,
            "eps_latest_yearly": 0.8,
            "eps_growth_yearly": 49.31
        },
        "20173": {
            "year_quarter": 20173,
            "year": 2017,
            "quarter": 3,
            "eps": 0.22,
            "eps_growth_year": 4.76,
            "eps_4q": 0.72,
            "eps_4q_growth_year": -11.81,
            "roe": 1.99,
            "roe_4q": 5.97,
            "gross_profit": null,
            "gross_margin": null,
            "gross_margin_4q_avg": 0,
            "net_income": 709125,
            "net_income_4q": null,
            "revenue": 1647984,
            "revenue_4q": null,
            "common_shares": 27866659,
            "book_valuer_per_share": 11.5,
            "book_valuer_per_share_4q_avg": 11.51,
            "equity": 36066910,
            "current_ratio": null,
            "debt_ratio": 85.58,
            "inventory_turnover_ratio": null,
            "account_receivable_turnover_ratio": null,
            "reinvestment_rate": 2.06,
            "research_to_sale_ratio": null,
            "price_fair": 24.85,
            "eps_avg_yearly": 0.71,
            "eps_latest_yearly": 0.88,
            "eps_growth_yearly": 43.48
        },
        "20174": {
            "year_quarter": 20174,
            "year": 2017,
            "quarter": 4,
            "eps": 0.24,
            "eps_growth_year": 132.92,
            "eps_4q": 0.86,
            "eps_4q_growth_year": 9.89,
            "roe": 1.89,
            "roe_4q": 7.140000000000001,
            "gross_profit": null,
            "gross_margin": null,
            "gross_margin_4q_avg": 0,
            "net_income": 680051,
            "net_income_4q": null,
            "revenue": 1850156,
            "revenue_4q": null,
            "common_shares": 27866659,
            "book_valuer_per_share": 11.68,
            "book_valuer_per_share_4q_avg": 11.57,
            "equity": 35928575,
            "current_ratio": null,
            "debt_ratio": 86.69,
            "inventory_turnover_ratio": null,
            "account_receivable_turnover_ratio": null,
            "reinvestment_rate": 1.17,
            "research_to_sale_ratio": null,
            "price_fair": 25.29,
            "eps_avg_yearly": 0.72,
            "eps_latest_yearly": 0.96,
            "eps_growth_yearly": 31.17
        },
        "20181": {
            "year_quarter": 20181,
            "year": 2018,
            "quarter": 1,
            "eps": 0.22,
            "eps_growth_year": 10,
            "eps_4q": 0.88,
            "eps_4q_growth_year": 18.46,
            "roe": 1.79,
            "roe_4q": 7.27,
            "gross_profit": null,
            "gross_margin": null,
            "gross_margin_4q_avg": 0,
            "net_income": 650448,
            "net_income_4q": null,
            "revenue": 1500467,
            "revenue_4q": null,
            "common_shares": 27866659,
            "book_valuer_per_share": 11.91,
            "book_valuer_per_share_4q_avg": 11.63,
            "equity": 36668371,
            "current_ratio": null,
            "debt_ratio": 85.43,
            "inventory_turnover_ratio": null,
            "account_receivable_turnover_ratio": null,
            "reinvestment_rate": 1.16,
            "research_to_sale_ratio": null,
            "price_fair": 25.38,
            "eps_avg_yearly": 0.73,
            "eps_latest_yearly": 0.88,
            "eps_growth_yearly": 26.45
        },
        "20182": {
            "year_quarter": 20182,
            "year": 2018,
            "quarter": 2,
            "eps": 0.23,
            "eps_growth_year": 15,
            "eps_4q": 0.9,
            "eps_4q_growth_year": 27.52,
            "roe": 1.94,
            "roe_4q": 7.61,
            "gross_profit": null,
            "gross_margin": null,
            "gross_margin_4q_avg": 0,
            "net_income": 698921,
            "net_income_4q": null,
            "revenue": 1590880,
            "revenue_4q": null,
            "common_shares": 27866659,
            "book_valuer_per_share": 11.44,
            "book_valuer_per_share_4q_avg": 11.63,
            "equity": 35275823,
            "current_ratio": null,
            "debt_ratio": 86.65,
            "inventory_turnover_ratio": null,
            "account_receivable_turnover_ratio": null,
            "reinvestment_rate": 0.97,
            "research_to_sale_ratio": null,
            "price_fair": 25.55,
            "eps_avg_yearly": 0.73,
            "eps_latest_yearly": 0.92,
            "eps_growth_yearly": 27.59
        },
        "20183": {
            "year_quarter": 20183,
            "year": 2018,
            "quarter": 3,
            "eps": 0.11,
            "eps_growth_year": -50,
            "eps_4q": 0.79,
            "eps_4q_growth_year": 10.31,
            "roe": 0.97,
            "roe_4q": 6.59,
            "gross_profit": null,
            "gross_margin": null,
            "gross_margin_4q_avg": 0,
            "net_income": 345091,
            "net_income_4q": null,
            "revenue": 1206705,
            "revenue_4q": null,
            "common_shares": 28198659,
            "book_valuer_per_share": 11.39,
            "book_valuer_per_share_4q_avg": 11.61,
            "equity": 35550466,
            "current_ratio": null,
            "debt_ratio": 87.08,
            "inventory_turnover_ratio": null,
            "account_receivable_turnover_ratio": null,
            "reinvestment_rate": 1.13,
            "research_to_sale_ratio": null,
            "price_fair": 23.75,
            "eps_avg_yearly": 0.72,
            "eps_latest_yearly": 0.44,
            "eps_growth_yearly": 22.88
        },
        "20184": {
            "year_quarter": 20184,
            "year": 2018,
            "quarter": 4,
            "eps": 0.17,
            "eps_growth_year": -29.85,
            "eps_4q": 0.72,
            "eps_4q_growth_year": -15.74,
            "roe": 1.28,
            "roe_4q": 5.9799999999999995,
            "gross_profit": null,
            "gross_margin": null,
            "gross_margin_4q_avg": 0,
            "net_income": 458955,
            "net_income_4q": null,
            "revenue": 1290581,
            "revenue_4q": null,
            "common_shares": 28198659,
            "book_valuer_per_share": 11.58,
            "book_valuer_per_share_4q_avg": 11.58,
            "equity": 36120766,
            "current_ratio": null,
            "debt_ratio": 87.01,
            "inventory_turnover_ratio": null,
            "account_receivable_turnover_ratio": null,
            "reinvestment_rate": 0.86,
            "research_to_sale_ratio": null,
            "price_fair": 25.81,
            "eps_avg_yearly": 0.74,
            "eps_latest_yearly": 0.68,
            "eps_growth_yearly": 41.87
        },
        "20191": {
            "year_quarter": 20191,
            "year": 2019,
            "quarter": 1,
            "eps": 0.23,
            "eps_growth_year": 4.55,
            "eps_4q": 0.73,
            "eps_4q_growth_year": -16.9,
            "roe": 1.92,
            "roe_4q": 6.109999999999999,
            "gross_profit": null,
            "gross_margin": null,
            "gross_margin_4q_avg": 0,
            "net_income": 707850,
            "net_income_4q": null,
            "revenue": 1608675,
            "revenue_4q": null,
            "common_shares": 28198659,
            "book_valuer_per_share": 12.04,
            "book_valuer_per_share_4q_avg": 11.61,
            "equity": 37763964,
            "current_ratio": null,
            "debt_ratio": 86.2,
            "inventory_turnover_ratio": null,
            "account_receivable_turnover_ratio": null,
            "reinvestment_rate": 1.77,
            "research_to_sale_ratio": null,
            "price_fair": 26.25,
            "eps_avg_yearly": 0.75,
            "eps_latest_yearly": 0.92,
            "eps_growth_yearly": 34.78
        },
        "20192": {
            "year_quarter": 20192,
            "year": 2019,
            "quarter": 2,
            "eps": 0.26,
            "eps_growth_year": 13.04,
            "eps_4q": 0.75,
            "eps_4q_growth_year": -16.62,
            "roe": 2.11,
            "roe_4q": 6.279999999999999,
            "gross_profit": null,
            "gross_margin": null,
            "gross_margin_4q_avg": 0,
            "net_income": 800032,
            "net_income_4q": null,
            "revenue": 1679826,
            "revenue_4q": null,
            "common_shares": 28198659,
            "book_valuer_per_share": 12.08,
            "book_valuer_per_share_4q_avg": 11.77,
            "equity": 37972659,
            "current_ratio": null,
            "debt_ratio": 87.02,
            "inventory_turnover_ratio": null,
            "account_receivable_turnover_ratio": null,
            "reinvestment_rate": 11.1,
            "research_to_sale_ratio": null,
            "price_fair": 27.21,
            "eps_avg_yearly": 0.78,
            "eps_latest_yearly": 1.04,
            "eps_growth_yearly": 42.21
        },
        "20193": {
            "year_quarter": 20193,
            "year": 2019,
            "quarter": 3,
            "eps": 0.27,
            "eps_growth_year": 145.45,
            "eps_4q": 0.91,
            "eps_4q_growth_year": 15.33,
            "roe": 2.39,
            "roe_4q": 7.7,
            "gross_profit": null,
            "gross_margin": null,
            "gross_margin_4q_avg": 0,
            "net_income": 925390,
            "net_income_4q": null,
            "revenue": 2033382,
            "revenue_4q": null,
            "common_shares": 28480646,
            "book_valuer_per_share": 12.42,
            "book_valuer_per_share_4q_avg": 12.03,
            "equity": 39487962,
            "current_ratio": null,
            "debt_ratio": 86.18,
            "inventory_turnover_ratio": null,
            "account_receivable_turnover_ratio": null,
            "reinvestment_rate": 12.91,
            "research_to_sale_ratio": null,
            "price_fair": 28.53,
            "eps_avg_yearly": 0.82,
            "eps_latest_yearly": 1.08,
            "eps_growth_yearly": 48.17
        },
        "20194": {
            "year_quarter": 20194,
            "year": 2019,
            "quarter": 4,
            "eps": 0.18,
            "eps_growth_year": 4.83,
            "eps_4q": 0.92,
            "eps_4q_growth_year": 27.89,
            "roe": 1.45,
            "roe_4q": 7.869999999999999,
            "gross_profit": null,
            "gross_margin": null,
            "gross_margin_4q_avg": 0,
            "net_income": 574978,
            "net_income_4q": null,
            "revenue": 1653146,
            "revenue_4q": null,
            "common_shares": 28480646,
            "book_valuer_per_share": 12.53,
            "book_valuer_per_share_4q_avg": 12.27,
            "equity": 39828761,
            "current_ratio": null,
            "debt_ratio": 86.1,
            "inventory_turnover_ratio": null,
            "account_receivable_turnover_ratio": null,
            "reinvestment_rate": 14.32,
            "research_to_sale_ratio": null,
            "price_fair": 28.88,
            "eps_avg_yearly": 0.83,
            "eps_latest_yearly": 0.72,
            "eps_growth_yearly": 35.67
        },
        "20201": {
            "year_quarter": 20201,
            "year": 2020,
            "quarter": 1,
            "eps": 0.16,
            "eps_growth_year": -30.43,
            "eps_4q": 0.86,
            "eps_4q_growth_year": 18.71,
            "roe": 1.18,
            "roe_4q": 7.129999999999999,
            "gross_profit": null,
            "gross_margin": null,
            "gross_margin_4q_avg": 0,
            "net_income": 463339,
            "net_income_4q": null,
            "revenue": 1500079,
            "revenue_4q": null,
            "common_shares": 28480646,
            "book_valuer_per_share": 12.22,
            "book_valuer_per_share_4q_avg": 12.31,
            "equity": 38852433,
            "current_ratio": null,
            "debt_ratio": 86.46,
            "inventory_turnover_ratio": null,
            "account_receivable_turnover_ratio": null,
            "reinvestment_rate": 15.02,
            "research_to_sale_ratio": null,
            "price_fair": 20.16,
            "eps_avg_yearly": 0.81,
            "eps_latest_yearly": 0.64,
            "eps_growth_yearly": 15.04
        },
        "20202": {
            "year_quarter": 20202,
            "year": 2020,
            "quarter": 2,
            "eps": 0.36,
            "eps_growth_year": 38.46,
            "eps_4q": 0.96,
            "eps_4q_growth_year": 27.3,
            "roe": 3.01,
            "roe_4q": 8.03,
            "gross_profit": null,
            "gross_margin": null,
            "gross_margin_4q_avg": 0,
            "net_income": 1188562,
            "net_income_4q": null,
            "revenue": 2223350,
            "revenue_4q": null,
            "common_shares": 28480646,
            "book_valuer_per_share": 12.6,
            "book_valuer_per_share_4q_avg": 12.44,
            "equity": 40058926,
            "current_ratio": null,
            "debt_ratio": 86.62,
            "inventory_turnover_ratio": null,
            "account_receivable_turnover_ratio": null,
            "reinvestment_rate": 111.9,
            "research_to_sale_ratio": null,
            "price_fair": 29.4,
            "eps_avg_yearly": 0.84,
            "eps_latest_yearly": 1.44,
            "eps_growth_yearly": 48.37
        },
        "20203": {
            "year_quarter": 20203,
            "year": 2020,
            "quarter": 3,
            "eps": 0.33,
            "eps_growth_year": 22.22,
            "eps_4q": 1.03,
            "eps_4q_growth_year": 12.84,
            "roe": 2.87,
            "roe_4q": 8.51,
            "gross_profit": null,
            "gross_margin": null,
            "gross_margin_4q_avg": 0,
            "net_income": 1168721,
            "net_income_4q": null,
            "revenue": 2521967,
            "revenue_4q": null,
            "common_shares": 28964817,
            "book_valuer_per_share": 12.81,
            "book_valuer_per_share_4q_avg": 12.54,
            "equity": 41332390,
            "current_ratio": null,
            "debt_ratio": 86.24,
            "inventory_turnover_ratio": null,
            "account_receivable_turnover_ratio": null,
            "reinvestment_rate": 108.11,
            "research_to_sale_ratio": null,
            "price_fair": 30.45,
            "eps_avg_yearly": 0.87,
            "eps_latest_yearly": 1.32,
            "eps_growth_yearly": 47.42
        },
        "20204": {
            "year_quarter": 20204,
            "year": 2020,
            "quarter": 4,
            "eps": 0.27,
            "eps_growth_year": 52.73,
            "eps_4q": 1.13,
            "eps_4q_growth_year": 21.87,
            "roe": 2.18,
            "roe_4q": 9.24,
            "gross_profit": null,
            "gross_margin": null,
            "gross_margin_4q_avg": 0,
            "net_income": 914297,
            "net_income_4q": null,
            "revenue": 2324755,
            "revenue_4q": null,
            "common_shares": 28964817,
            "book_valuer_per_share": 13.25,
            "book_valuer_per_share_4q_avg": 12.72,
            "equity": 42737811,
            "current_ratio": null,
            "debt_ratio": 86.51,
            "inventory_turnover_ratio": null,
            "account_receivable_turnover_ratio": null,
            "reinvestment_rate": 103.54,
            "research_to_sale_ratio": null,
            "price_fair": 31.94,
            "eps_avg_yearly": 0.91,
            "eps_latest_yearly": 1.08,
            "eps_growth_yearly": 55.97
        },
        "20211": {
            "year_quarter": 20211,
            "year": 2021,
            "quarter": 1,
            "eps": 0.47,
            "eps_growth_year": 193.75,
            "eps_4q": 1.44,
            "eps_4q_growth_year": 66.12,
            "roe": 3.54,
            "roe_4q": 11.6,
            "gross_profit": null,
            "gross_margin": null,
            "gross_margin_4q_avg": 0,
            "net_income": 1515767,
            "net_income_4q": null,
            "revenue": 2881184,
            "revenue_4q": null,
            "common_shares": 28964817,
            "book_valuer_per_share": 13.28,
            "book_valuer_per_share_4q_avg": 12.99,
            "equity": 42938664,
            "current_ratio": null,
            "debt_ratio": 86.98,
            "inventory_turnover_ratio": null,
            "account_receivable_turnover_ratio": null,
            "reinvestment_rate": 95.37,
            "research_to_sale_ratio": null,
            "price_fair": 34.3,
            "eps_avg_yearly": 0.98,
            "eps_latest_yearly": 1.88,
            "eps_growth_yearly": 49.49
        },
        "20212": {
            "year_quarter": 20212,
            "year": 2021,
            "quarter": 2,
            "eps": 0.31,
            "eps_growth_year": -13.89,
            "eps_4q": 1.4,
            "eps_4q_growth_year": 46.61,
            "roe": 2.42,
            "roe_4q": 11.010000000000002,
            "gross_profit": null,
            "gross_margin": null,
            "gross_margin_4q_avg": 0,
            "net_income": 1059592,
            "net_income_4q": null,
            "revenue": 2384432,
            "revenue_4q": null,
            "common_shares": 28964817,
            "book_valuer_per_share": 13.74,
            "book_valuer_per_share_4q_avg": 13.27,
            "equity": 44569259,
            "current_ratio": null,
            "debt_ratio": 87.01,
            "inventory_turnover_ratio": null,
            "account_receivable_turnover_ratio": null,
            "reinvestment_rate": 91.18,
            "research_to_sale_ratio": null,
            "price_fair": 35.26,
            "eps_avg_yearly": 1.01,
            "eps_latest_yearly": 1.24,
            "eps_growth_yearly": 40.98
        },
        "20213": {
            "year_quarter": 20213,
            "year": 2021,
            "quarter": 3,
            "eps": 0.26,
            "eps_growth_year": -21.21,
            "eps_4q": 1.29,
            "eps_4q_growth_year": 25.13,
            "roe": 2.21,
            "roe_4q": 10.35,
            "gross_profit": null,
            "gross_margin": null,
            "gross_margin_4q_avg": 0,
            "net_income": 972820,
            "net_income_4q": null,
            "revenue": 2442489,
            "revenue_4q": null,
            "common_shares": 28964817,
            "book_valuer_per_share": 13.33,
            "book_valuer_per_share_4q_avg": 13.4,
            "equity": 43513524,
            "current_ratio": null,
            "debt_ratio": 87.1,
            "inventory_turnover_ratio": null,
            "account_receivable_turnover_ratio": null,
            "reinvestment_rate": 89.84,
            "research_to_sale_ratio": null,
            "price_fair": 35.61,
            "eps_avg_yearly": 1.02,
            "eps_latest_yearly": 1.04,
            "eps_growth_yearly": 34.45
        },
        "20214": {
            "year_quarter": 20214,
            "year": 2021,
            "quarter": 4,
            "eps": 0.27,
            "eps_growth_year": 1,
            "eps_4q": 1.3,
            "eps_4q_growth_year": 15.53,
            "roe": 2.41,
            "roe_4q": 10.58,
            "gross_profit": null,
            "gross_margin": null,
            "gross_margin_4q_avg": 0,
            "net_income": 1056871,
            "net_income_4q": null,
            "revenue": 2455762,
            "revenue_4q": null,
            "common_shares": 29975086,
            "book_valuer_per_share": 13.01,
            "book_valuer_per_share_4q_avg": 13.34,
            "equity": 44183810,
            "current_ratio": null,
            "debt_ratio": 87.37,
            "inventory_turnover_ratio": null,
            "account_receivable_turnover_ratio": null,
            "reinvestment_rate": 88.57,
            "research_to_sale_ratio": null,
            "price_fair": 35.88,
            "eps_avg_yearly": 1.03,
            "eps_latest_yearly": 1.08,
            "eps_growth_yearly": 33.14
        },
        "20221": {
            "year_quarter": 20221,
            "year": 2022,
            "quarter": 1,
            "eps": 0.14,
            "eps_growth_year": -70.21,
            "eps_4q": 0.98,
            "eps_4q_growth_year": -32.04,
            "roe": 1.18,
            "roe_4q": 8.219999999999999,
            "gross_profit": null,
            "gross_margin": null,
            "gross_margin_4q_avg": 0,
            "net_income": 515606,
            "net_income_4q": null,
            "revenue": 1582211,
            "revenue_4q": null,
            "common_shares": 29975086,
            "book_valuer_per_share": 12.53,
            "book_valuer_per_share_4q_avg": 13.15,
            "equity": 42909670,
            "current_ratio": null,
            "debt_ratio": 87.24,
            "inventory_turnover_ratio": null,
            "account_receivable_turnover_ratio": null,
            "reinvestment_rate": 88.35,
            "research_to_sale_ratio": null,
            "price_fair": 33.35,
            "eps_avg_yearly": 1.01,
            "eps_latest_yearly": 0.56,
            "eps_growth_yearly": 23.19
        },
        "20222": {
            "year_quarter": 20222,
            "year": 2022,
            "quarter": 2,
            "eps": 0.12,
            "eps_growth_year": -61.29,
            "eps_4q": 0.76,
            "eps_4q_growth_year": -45.83,
            "roe": 1.1,
            "roe_4q": 6.9,
            "gross_profit": null,
            "gross_margin": null,
            "gross_margin_4q_avg": 0,
            "net_income": 453711,
            "net_income_4q": null,
            "revenue": 1499836,
            "revenue_4q": null,
            "common_shares": 29975086,
            "book_valuer_per_share": 11.38,
            "book_valuer_per_share_4q_avg": 12.56,
            "equity": 39422335,
            "current_ratio": null,
            "debt_ratio": 88.8,
            "inventory_turnover_ratio": null,
            "account_receivable_turnover_ratio": null,
            "reinvestment_rate": 87.87,
            "research_to_sale_ratio": null,
            "price_fair": 27.84,
            "eps_avg_yearly": 0.98,
            "eps_latest_yearly": 0.48,
            "eps_growth_yearly": 18.48
        },
        "20223": {
            "year_quarter": 20223,
            "year": 2022,
            "quarter": 3,
            "eps": 0.13,
            "eps_growth_year": -50,
            "eps_4q": 0.64,
            "eps_4q_growth_year": -50.28,
            "roe": 1.38,
            "roe_4q": 6.07,
            "gross_profit": null,
            "gross_margin": null,
            "gross_margin_4q_avg": 0,
            "net_income": 532555,
            "net_income_4q": null,
            "revenue": 1592243,
            "revenue_4q": null,
            "common_shares": 31473840,
            "book_valuer_per_share": 10.4,
            "book_valuer_per_share_4q_avg": 11.83,
            "equity": 38007034,
            "current_ratio": null,
            "debt_ratio": 89.46,
            "inventory_turnover_ratio": null,
            "account_receivable_turnover_ratio": null,
            "reinvestment_rate": 85.43,
            "research_to_sale_ratio": null,
            "price_fair": 34.39,
            "eps_avg_yearly": 0.98,
            "eps_latest_yearly": 0.52,
            "eps_growth_yearly": 33.6
        },
        "20224": {
            "year_quarter": 20224,
            "year": 2022,
            "quarter": 4,
            "eps": 0.03,
            "eps_growth_year": -90.59,
            "eps_4q": 0.37,
            "eps_4q_growth_year": -71.26,
            "roe": 0.38,
            "roe_4q": 4.04,
            "gross_profit": null,
            "gross_margin": null,
            "gross_margin_4q_avg": 0,
            "net_income": 152442,
            "net_income_4q": null,
            "revenue": 1158276,
            "revenue_4q": null,
            "common_shares": 34473840,
            "book_valuer_per_share": 10.64,
            "book_valuer_per_share_4q_avg": 11.24,
            "equity": 42164674,
            "current_ratio": null,
            "debt_ratio": 88.23,
            "inventory_turnover_ratio": null,
            "account_receivable_turnover_ratio": null,
            "reinvestment_rate": 87.26,
            "research_to_sale_ratio": null,
            "price_fair": 9.48,
            "eps_avg_yearly": 0.95,
            "eps_latest_yearly": 0.12,
            "eps_growth_yearly": 0.74
        },
        "20231": {
            "year_quarter": 20231,
            "year": 2023,
            "quarter": 1,
            "eps": 0.18,
            "eps_growth_year": 28.57,
            "eps_4q": 0.43,
            "eps_4q_growth_year": -55.79,
            "roe": 1.62,
            "roe_4q": 4.48,
            "gross_profit": null,
            "gross_margin": null,
            "gross_margin_4q_avg": 0,
            "net_income": 695642,
            "net_income_4q": null,
            "revenue": 1813944,
            "revenue_4q": null,
            "common_shares": 34473840,
            "book_valuer_per_share": 11.04,
            "book_valuer_per_share_4q_avg": 10.87,
            "equity": 43634748,
            "current_ratio": null,
            "debt_ratio": 87.81,
            "inventory_turnover_ratio": null,
            "account_receivable_turnover_ratio": null,
            "reinvestment_rate": 86.34,
            "research_to_sale_ratio": null,
            "price_fair": 32.73,
            "eps_avg_yearly": 0.94,
            "eps_latest_yearly": 0.72,
            "eps_growth_yearly": 116.91
        },
        "20232": {
            "year_quarter": 20232,
            "year": 2023,
            "quarter": 2,
            "eps": 0.15,
            "eps_growth_year": 25,
            "eps_4q": 0.47,
            "eps_4q_growth_year": -37.93,
            "roe": 1.46,
            "roe_4q": 4.84,
            "gross_profit": null,
            "gross_margin": null,
            "gross_margin_4q_avg": 0,
            "net_income": 643831,
            "net_income_4q": null,
            "revenue": 1776040,
            "revenue_4q": null,
            "common_shares": 34473840,
            "book_valuer_per_share": 11.21,
            "book_valuer_per_share_4q_avg": 10.82,
            "equity": 44374941,
            "current_ratio": null,
            "debt_ratio": 87.45,
            "inventory_turnover_ratio": null,
            "account_receivable_turnover_ratio": null,
            "reinvestment_rate": 78.21,
            "research_to_sale_ratio": null,
            "price_fair": 31.76,
            "eps_avg_yearly": 0.91,
            "eps_latest_yearly": 0.6,
            "eps_growth_yearly": 109.49
        },
        "20233": {
            "year_quarter": 20233,
            "year": 2023,
            "quarter": 3,
            "eps": 0.14,
            "eps_growth_year": 7.69,
            "eps_4q": 0.49,
            "eps_4q_growth_year": -23.78,
            "roe": 1.34,
            "roe_4q": 4.8,
            "gross_profit": null,
            "gross_margin": null,
            "gross_margin_4q_avg": 0,
            "net_income": 599895,
            "net_income_4q": null,
            "revenue": 1817208,
            "revenue_4q": null,
            "common_shares": 34473840,
            "book_valuer_per_share": 11.4,
            "book_valuer_per_share_4q_avg": 11.07,
            "equity": 45476639,
            "current_ratio": null,
            "debt_ratio": 87.18,
            "inventory_turnover_ratio": null,
            "account_receivable_turnover_ratio": null,
            "reinvestment_rate": 78.2,
            "research_to_sale_ratio": null,
            "price_fair": 30.63,
            "eps_avg_yearly": 0.88,
            "eps_latest_yearly": 0.56,
            "eps_growth_yearly": 106.86
        }
    },
    "months": {
        "2002-03": {
            "month": "2002-03",
            "price": "8.38",
            "revenue": 52052
        },
        "2002-04": {
            "month": "2002-04",
            "price": "8.51",
            "revenue": 163824
        },
        "2002-05": {
            "month": "2002-05",
            "price": "7.83",
            "revenue": 92659
        },
        "2002-06": {
            "month": "2002-06",
            "price": "7.54",
            "revenue": 28812
        },
        "2002-07": {
            "month": "2002-07",
            "price": "6.96",
            "revenue": 135848
        },
        "2002-08": {
            "month": "2002-08",
            "price": "6.25",
            "revenue": 151272
        },
        "2002-09": {
            "month": "2002-09",
            "price": "5.53",
            "revenue": 44060
        },
        "2002-10": {
            "month": "2002-10",
            "price": "5.43",
            "revenue": 60448
        },
        "2002-11": {
            "month": "2002-11",
            "price": "6.16",
            "revenue": 156976
        },
        "2002-12": {
            "month": "2002-12",
            "price": "6.42",
            "revenue": -3799239
        },
        "2003-01": {
            "month": "2003-01",
            "price": "8.22",
            "revenue": 271696
        },
        "2003-02": {
            "month": "2003-02",
            "price": "7.64",
            "revenue": 192705
        },
        "2003-03": {
            "month": "2003-03",
            "price": "6.69",
            "revenue": 298852
        },
        "2003-04": {
            "month": "2003-04",
            "price": "6.99",
            "revenue": 247410
        },
        "2003-05": {
            "month": "2003-05",
            "price": "6.90",
            "revenue": 404688
        },
        "2003-06": {
            "month": "2003-06",
            "price": "8.06",
            "revenue": 664046
        },
        "2003-07": {
            "month": "2003-07",
            "price": "8.70",
            "revenue": 250932
        },
        "2003-08": {
            "month": "2003-08",
            "price": "8.63",
            "revenue": 167061
        },
        "2003-09": {
            "month": "2003-09",
            "price": "8.78",
            "revenue": 170709
        },
        "2003-10": {
            "month": "2003-10",
            "price": "9.25",
            "revenue": 121855
        },
        "2003-11": {
            "month": "2003-11",
            "price": "9.57",
            "revenue": 132562
        },
        "2003-12": {
            "month": "2003-12",
            "price": "9.67",
            "revenue": 57015
        },
        "2004-01": {
            "month": "2004-01",
            "price": "10.18",
            "revenue": 213307
        },
        "2004-02": {
            "month": "2004-02",
            "price": "11.30",
            "revenue": 237235
        },
        "2004-03": {
            "month": "2004-03",
            "price": "11.64",
            "revenue": 296261
        },
        "2004-04": {
            "month": "2004-04",
            "price": "12.93",
            "revenue": 264069
        },
        "2004-05": {
            "month": "2004-05",
            "price": "11.93",
            "revenue": 265816
        },
        "2004-06": {
            "month": "2004-06",
            "price": "11.83",
            "revenue": 235613
        },
        "2004-07": {
            "month": "2004-07",
            "price": "11.93",
            "revenue": 260713
        },
        "2004-08": {
            "month": "2004-08",
            "price": "11.49",
            "revenue": 676061
        },
        "2004-09": {
            "month": "2004-09",
            "price": "12.33",
            "revenue": 407272
        },
        "2004-10": {
            "month": "2004-10",
            "price": "12.75",
            "revenue": 204919
        },
        "2004-11": {
            "month": "2004-11",
            "price": "12.82",
            "revenue": 206583
        },
        "2004-12": {
            "month": "2004-12",
            "price": "12.55",
            "revenue": 47114
        },
        "2005-01": {
            "month": "2005-01",
            "price": "12.79",
            "revenue": 326630
        },
        "2005-02": {
            "month": "2005-02",
            "price": "12.92",
            "revenue": 305379
        },
        "2005-03": {
            "month": "2005-03",
            "price": "13.87",
            "revenue": 368001
        },
        "2005-04": {
            "month": "2005-04",
            "price": "13.70",
            "revenue": 451528
        },
        "2005-05": {
            "month": "2005-05",
            "price": "13.01",
            "revenue": 386774
        },
        "2005-06": {
            "month": "2005-06",
            "price": "13.03",
            "revenue": 220110
        },
        "2005-07": {
            "month": "2005-07",
            "price": "13.10",
            "revenue": 176472
        },
        "2005-08": {
            "month": "2005-08",
            "price": "13.04",
            "revenue": 162093
        },
        "2005-09": {
            "month": "2005-09",
            "price": "11.27",
            "revenue": 177126
        },
        "2005-10": {
            "month": "2005-10",
            "price": "11.02",
            "revenue": 139818
        },
        "2005-11": {
            "month": "2005-11",
            "price": "11.18",
            "revenue": 173229
        },
        "2005-12": {
            "month": "2005-12",
            "price": "11.16",
            "revenue": -81011
        },
        "2006-01": {
            "month": "2006-01",
            "price": "10.88",
            "revenue": 201977
        },
        "2006-02": {
            "month": "2006-02",
            "price": "10.81",
            "revenue": 130250
        },
        "2006-03": {
            "month": "2006-03",
            "price": "10.57",
            "revenue": 299991
        },
        "2006-04": {
            "month": "2006-04",
            "price": "10.87",
            "revenue": 111059
        },
        "2006-05": {
            "month": "2006-05",
            "price": "10.85",
            "revenue": 84152
        },
        "2006-06": {
            "month": "2006-06",
            "price": "10.05",
            "revenue": 194754
        },
        "2006-07": {
            "month": "2006-07",
            "price": "9.96",
            "revenue": 216827
        },
        "2006-08": {
            "month": "2006-08",
            "price": "9.40",
            "revenue": 258188
        },
        "2006-09": {
            "month": "2006-09",
            "price": "9.45",
            "revenue": 290115
        },
        "2006-10": {
            "month": "2006-10",
            "price": "9.95",
            "revenue": 136768
        },
        "2006-11": {
            "month": "2006-11",
            "price": "9.96",
            "revenue": 194639
        },
        "2006-12": {
            "month": "2006-12",
            "price": "10.34",
            "revenue": -181412
        },
        "2007-01": {
            "month": "2007-01",
            "price": "10.38",
            "revenue": 93413
        },
        "2007-02": {
            "month": "2007-02",
            "price": "10.30",
            "revenue": 130026
        },
        "2007-03": {
            "month": "2007-03",
            "price": "9.88",
            "revenue": 140752
        },
        "2007-04": {
            "month": "2007-04",
            "price": "10.32",
            "revenue": 114780
        },
        "2007-05": {
            "month": "2007-05",
            "price": "10.20",
            "revenue": 96805
        },
        "2007-06": {
            "month": "2007-06",
            "price": "10.38",
            "revenue": 234517
        },
        "2007-07": {
            "month": "2007-07",
            "price": "11.58",
            "revenue": 212559
        },
        "2007-08": {
            "month": "2007-08",
            "price": "10.58",
            "revenue": 114100
        },
        "2007-09": {
            "month": "2007-09",
            "price": "10.17",
            "revenue": 246037
        },
        "2007-10": {
            "month": "2007-10",
            "price": "10.58",
            "revenue": 108923
        },
        "2007-11": {
            "month": "2007-11",
            "price": "10.21",
            "revenue": 143488
        },
        "2007-12": {
            "month": "2007-12",
            "price": "10.22",
            "revenue": 53764
        },
        "2008-01": {
            "month": "2008-01",
            "price": "10.93",
            "revenue": 1774
        },
        "2008-02": {
            "month": "2008-02",
            "price": "11.90",
            "revenue": 160034
        },
        "2008-03": {
            "month": "2008-03",
            "price": "11.89",
            "revenue": 144936
        },
        "2008-04": {
            "month": "2008-04",
            "price": "12.27",
            "revenue": 199850
        },
        "2008-05": {
            "month": "2008-05",
            "price": "10.46",
            "revenue": 118590
        },
        "2008-06": {
            "month": "2008-06",
            "price": "9.59",
            "revenue": -15826
        },
        "2008-07": {
            "month": "2008-07",
            "price": "8.62",
            "revenue": -8663
        },
        "2008-08": {
            "month": "2008-08",
            "price": "8.99",
            "revenue": 97532
        },
        "2008-09": {
            "month": "2008-09",
            "price": "7.83",
            "revenue": 56581
        },
        "2008-10": {
            "month": "2008-10",
            "price": "5.93",
            "revenue": -2186954
        },
        "2008-11": {
            "month": "2008-11",
            "price": "5.17",
            "revenue": 275765
        },
        "2008-12": {
            "month": "2008-12",
            "price": "5.22",
            "revenue": -348397
        },
        "2009-01": {
            "month": "2009-01",
            "price": "5.10",
            "revenue": 199677
        },
        "2009-02": {
            "month": "2009-02",
            "price": "5.21",
            "revenue": 278208
        },
        "2009-03": {
            "month": "2009-03",
            "price": "6.79",
            "revenue": 337190
        },
        "2009-04": {
            "month": "2009-04",
            "price": "7.94",
            "revenue": 300159
        },
        "2009-05": {
            "month": "2009-05",
            "price": "8.85",
            "revenue": 299502
        },
        "2009-06": {
            "month": "2009-06",
            "price": "9.45",
            "revenue": 204768
        },
        "2009-07": {
            "month": "2009-07",
            "price": "9.73",
            "revenue": 293116
        },
        "2009-08": {
            "month": "2009-08",
            "price": "10.11",
            "revenue": 146083
        },
        "2009-09": {
            "month": "2009-09",
            "price": "10.40",
            "revenue": 191841
        },
        "2009-10": {
            "month": "2009-10",
            "price": "10.34",
            "revenue": 205473
        },
        "2009-11": {
            "month": "2009-11",
            "price": "10.15",
            "revenue": 237647
        },
        "2009-12": {
            "month": "2009-12",
            "price": "10.13",
            "revenue": 121320
        },
        "2010-01": {
            "month": "2010-01",
            "price": "10.49",
            "revenue": 72719
        },
        "2010-02": {
            "month": "2010-02",
            "price": "9.95",
            "revenue": 141526
        },
        "2010-03": {
            "month": "2010-03",
            "price": "10.06",
            "revenue": 169121
        },
        "2010-04": {
            "month": "2010-04",
            "price": "10.25",
            "revenue": 196236
        },
        "2010-05": {
            "month": "2010-05",
            "price": "9.73",
            "revenue": 137451
        },
        "2010-06": {
            "month": "2010-06",
            "price": "9.60",
            "revenue": 47105
        },
        "2010-07": {
            "month": "2010-07",
            "price": "9.80",
            "revenue": 241731
        },
        "2010-08": {
            "month": "2010-08",
            "price": "9.92",
            "revenue": 207580
        },
        "2010-09": {
            "month": "2010-09",
            "price": "9.55",
            "revenue": 246771
        },
        "2010-10": {
            "month": "2010-10",
            "price": "9.55",
            "revenue": 209138
        },
        "2010-11": {
            "month": "2010-11",
            "price": "9.91",
            "revenue": 200139
        },
        "2010-12": {
            "month": "2010-12",
            "price": "11.79",
            "revenue": 537221
        },
        "2011-01": {
            "month": "2011-01",
            "price": "14.22",
            "revenue": 184366
        },
        "2011-02": {
            "month": "2011-02",
            "price": "15.76",
            "revenue": 1083167
        },
        "2011-03": {
            "month": "2011-03",
            "price": "16.33",
            "revenue": 210127
        },
        "2011-04": {
            "month": "2011-04",
            "price": "14.92",
            "revenue": 150340
        },
        "2011-05": {
            "month": "2011-05",
            "price": "13.32",
            "revenue": 124933
        },
        "2011-06": {
            "month": "2011-06",
            "price": "12.95",
            "revenue": 68164
        },
        "2011-07": {
            "month": "2011-07",
            "price": "13.19",
            "revenue": 130045
        },
        "2011-08": {
            "month": "2011-08",
            "price": "12.53",
            "revenue": 292401
        },
        "2011-09": {
            "month": "2011-09",
            "price": "11.46",
            "revenue": 29571
        },
        "2011-10": {
            "month": "2011-10",
            "price": "11.48",
            "revenue": 109142
        },
        "2011-11": {
            "month": "2011-11",
            "price": "10.57",
            "revenue": 20806
        },
        "2011-12": {
            "month": "2011-12",
            "price": "9.98",
            "revenue": -694186
        },
        "2012-01": {
            "month": "2012-01",
            "price": "9.62",
            "revenue": 138477
        },
        "2012-02": {
            "month": "2012-02",
            "price": "10.38",
            "revenue": 205587
        },
        "2012-03": {
            "month": "2012-03",
            "price": "10.36",
            "revenue": 105565
        },
        "2012-04": {
            "month": "2012-04",
            "price": "10.00",
            "revenue": 439718
        },
        "2012-05": {
            "month": "2012-05",
            "price": "9.86",
            "revenue": 171513
        },
        "2012-06": {
            "month": "2012-06",
            "price": "9.82",
            "revenue": 42437
        },
        "2012-07": {
            "month": "2012-07",
            "price": "10.04",
            "revenue": 96732
        },
        "2012-08": {
            "month": "2012-08",
            "price": "9.31",
            "revenue": 134247
        },
        "2012-09": {
            "month": "2012-09",
            "price": "8.90",
            "revenue": 74971
        },
        "2012-10": {
            "month": "2012-10",
            "price": "8.81",
            "revenue": 46135
        },
        "2012-11": {
            "month": "2012-11",
            "price": "8.83",
            "revenue": 110411
        },
        "2012-12": {
            "month": "2012-12",
            "price": "9.39",
            "revenue": 21799
        },
        "2013-01": {
            "month": "2013-01",
            "price": "9.98",
            "revenue": 373050
        },
        "2013-02": {
            "month": "2013-02",
            "price": "9.94",
            "revenue": 299290
        },
        "2013-03": {
            "month": "2013-03",
            "price": "9.96",
            "revenue": 315527
        },
        "2013-04": {
            "month": "2013-04",
            "price": "10.41",
            "revenue": 398630
        },
        "2013-05": {
            "month": "2013-05",
            "price": "10.37",
            "revenue": 448366
        },
        "2013-06": {
            "month": "2013-06",
            "price": "10.07",
            "revenue": 57220
        },
        "2013-07": {
            "month": "2013-07",
            "price": "10.01",
            "revenue": 380425
        },
        "2013-08": {
            "month": "2013-08",
            "price": "9.68",
            "revenue": 350814
        },
        "2013-09": {
            "month": "2013-09",
            "price": "9.83",
            "revenue": 355962
        },
        "2013-10": {
            "month": "2013-10",
            "price": "10.08",
            "revenue": 413542
        },
        "2013-11": {
            "month": "2013-11",
            "price": "10.01",
            "revenue": 367826
        },
        "2013-12": {
            "month": "2013-12",
            "price": "9.96",
            "revenue": 539534
        },
        "2014-01": {
            "month": "2014-01",
            "price": "10.02",
            "revenue": 398427
        },
        "2014-02": {
            "month": "2014-02",
            "price": "9.81",
            "revenue": 440958
        },
        "2014-03": {
            "month": "2014-03",
            "price": "9.61",
            "revenue": 644726
        },
        "2014-04": {
            "month": "2014-04",
            "price": "9.51",
            "revenue": 351130
        },
        "2014-05": {
            "month": "2014-05",
            "price": "9.43",
            "revenue": 427743
        },
        "2014-06": {
            "month": "2014-06",
            "price": "9.48",
            "revenue": 470549
        },
        "2014-07": {
            "month": "2014-07",
            "price": "9.64",
            "revenue": 437366
        },
        "2014-08": {
            "month": "2014-08",
            "price": "9.23",
            "revenue": 425006
        },
        "2014-09": {
            "month": "2014-09",
            "price": "8.96",
            "revenue": 285987
        },
        "2014-10": {
            "month": "2014-10",
            "price": "8.47",
            "revenue": 217242
        },
        "2014-11": {
            "month": "2014-11",
            "price": "8.48",
            "revenue": 445827
        },
        "2014-12": {
            "month": "2014-12",
            "price": "8.29",
            "revenue": 384610
        },
        "2015-01": {
            "month": "2015-01",
            "price": "8.31",
            "revenue": 451086
        },
        "2015-02": {
            "month": "2015-02",
            "price": "8.41",
            "revenue": 321039
        },
        "2015-03": {
            "month": "2015-03",
            "price": "8.64",
            "revenue": 505427
        },
        "2015-04": {
            "month": "2015-04",
            "price": "8.80",
            "revenue": 445412
        },
        "2015-05": {
            "month": "2015-05",
            "price": "8.93",
            "revenue": 451478
        },
        "2015-06": {
            "month": "2015-06",
            "price": "8.69",
            "revenue": 433029
        },
        "2015-07": {
            "month": "2015-07",
            "price": "8.52",
            "revenue": 281244
        },
        "2015-08": {
            "month": "2015-08",
            "price": "7.69",
            "revenue": 359073
        },
        "2015-09": {
            "month": "2015-09",
            "price": "8.08",
            "revenue": 533576
        },
        "2015-10": {
            "month": "2015-10",
            "price": "8.20",
            "revenue": 498561
        },
        "2015-11": {
            "month": "2015-11",
            "price": "7.89",
            "revenue": 384344
        },
        "2015-12": {
            "month": "2015-12",
            "price": "7.46",
            "revenue": 320417
        },
        "2016-01": {
            "month": "2016-01",
            "price": "7.12",
            "revenue": 510829
        },
        "2016-02": {
            "month": "2016-02",
            "price": "7.33",
            "revenue": 476274
        },
        "2016-03": {
            "month": "2016-03",
            "price": "7.79",
            "revenue": 526925
        },
        "2016-04": {
            "month": "2016-04",
            "price": "8.02",
            "revenue": 391355
        },
        "2016-05": {
            "month": "2016-05",
            "price": "7.80",
            "revenue": 481956
        },
        "2016-06": {
            "month": "2016-06",
            "price": "7.95",
            "revenue": 509536
        },
        "2016-07": {
            "month": "2016-07",
            "price": "8.09",
            "revenue": 558593
        },
        "2016-08": {
            "month": "2016-08",
            "price": "8.00",
            "revenue": 556717
        },
        "2016-09": {
            "month": "2016-09",
            "price": "8.02",
            "revenue": 372922
        },
        "2016-10": {
            "month": "2016-10",
            "price": "8.01",
            "revenue": 318895
        },
        "2016-11": {
            "month": "2016-11",
            "price": "8.01",
            "revenue": 318679
        },
        "2016-12": {
            "month": "2016-12",
            "price": "8.26",
            "revenue": 301917
        },
        "2017-01": {
            "month": "2017-01",
            "price": "8.28",
            "revenue": 398706
        },
        "2017-02": {
            "month": "2017-02",
            "price": "8.63",
            "revenue": 512240
        },
        "2017-03": {
            "month": "2017-03",
            "price": "8.97",
            "revenue": 494017
        },
        "2017-04": {
            "month": "2017-04",
            "price": "9.27",
            "revenue": 439568
        },
        "2017-05": {
            "month": "2017-05",
            "price": "9.30",
            "revenue": 525946
        },
        "2017-06": {
            "month": "2017-06",
            "price": "9.36",
            "revenue": 472502
        },
        "2017-07": {
            "month": "2017-07",
            "price": "9.52",
            "revenue": 583883
        },
        "2017-08": {
            "month": "2017-08",
            "price": "9.00",
            "revenue": 554411
        },
        "2017-09": {
            "month": "2017-09",
            "price": "9.07",
            "revenue": 509806
        },
        "2017-10": {
            "month": "2017-10",
            "price": "9.15",
            "revenue": 490929
        },
        "2017-11": {
            "month": "2017-11",
            "price": "9.16",
            "revenue": 537892
        },
        "2017-12": {
            "month": "2017-12",
            "price": "9.34",
            "revenue": 832829
        },
        "2018-01": {
            "month": "2018-01",
            "price": "9.79",
            "revenue": 591400
        },
        "2018-02": {
            "month": "2018-02",
            "price": "9.84",
            "revenue": 385272
        },
        "2018-03": {
            "month": "2018-03",
            "price": "10.03",
            "revenue": 517810
        },
        "2018-04": {
            "month": "2018-04",
            "price": "10.25",
            "revenue": 412166
        },
        "2018-05": {
            "month": "2018-05",
            "price": "10.48",
            "revenue": 644608
        },
        "2018-06": {
            "month": "2018-06",
            "price": "10.72",
            "revenue": 530480
        },
        "2018-07": {
            "month": "2018-07",
            "price": "10.81",
            "revenue": 403908
        },
        "2018-08": {
            "month": "2018-08",
            "price": "10.60",
            "revenue": 428709
        },
        "2018-09": {
            "month": "2018-09",
            "price": "10.58",
            "revenue": 368060
        },
        "2018-10": {
            "month": "2018-10",
            "price": "10.19",
            "revenue": 265499
        },
        "2018-11": {
            "month": "2018-11",
            "price": "9.94",
            "revenue": 424516
        },
        "2018-12": {
            "month": "2018-12",
            "price": "9.79",
            "revenue": 564337
        },
        "2019-01": {
            "month": "2019-01",
            "price": "9.74",
            "revenue": 547933
        },
        "2019-02": {
            "month": "2019-02",
            "price": "10.00",
            "revenue": 453227
        },
        "2019-03": {
            "month": "2019-03",
            "price": "10.26",
            "revenue": 631756
        },
        "2019-04": {
            "month": "2019-04",
            "price": "10.38",
            "revenue": 476438
        },
        "2019-05": {
            "month": "2019-05",
            "price": "10.37",
            "revenue": 549310
        },
        "2019-06": {
            "month": "2019-06",
            "price": "10.54",
            "revenue": 656463
        },
        "2019-07": {
            "month": "2019-07",
            "price": "10.85",
            "revenue": 833472
        },
        "2019-08": {
            "month": "2019-08",
            "price": "10.43",
            "revenue": 561161
        },
        "2019-09": {
            "month": "2019-09",
            "price": "10.77",
            "revenue": 614184
        },
        "2019-10": {
            "month": "2019-10",
            "price": "10.79",
            "revenue": 570702
        },
        "2019-11": {
            "month": "2019-11",
            "price": "10.95",
            "revenue": 507356
        },
        "2019-12": {
            "month": "2019-12",
            "price": "10.99",
            "revenue": 573676
        },
        "2020-01": {
            "month": "2020-01",
            "price": "11.75",
            "revenue": 439339
        },
        "2020-02": {
            "month": "2020-02",
            "price": "11.66",
            "revenue": 567143
        },
        "2020-03": {
            "month": "2020-03",
            "price": "10.45",
            "revenue": 489221
        },
        "2020-04": {
            "month": "2020-04",
            "price": "10.58",
            "revenue": 749345
        },
        "2020-05": {
            "month": "2020-05",
            "price": "11.27",
            "revenue": 704112
        },
        "2020-06": {
            "month": "2020-06",
            "price": "11.76",
            "revenue": 794262
        },
        "2020-07": {
            "month": "2020-07",
            "price": "11.74",
            "revenue": 1012528
        },
        "2020-08": {
            "month": "2020-08",
            "price": "11.65",
            "revenue": 893841
        },
        "2020-09": {
            "month": "2020-09",
            "price": "11.71",
            "revenue": 633205
        },
        "2020-10": {
            "month": "2020-10",
            "price": "11.79",
            "revenue": 641385
        },
        "2020-11": {
            "month": "2020-11",
            "price": "11.97",
            "revenue": 758478
        },
        "2020-12": {
            "month": "2020-12",
            "price": "12.47",
            "revenue": 915494
        },
        "2021-01": {
            "month": "2021-01",
            "price": "12.96",
            "revenue": 1010288
        },
        "2021-02": {
            "month": "2021-02",
            "price": "13.26",
            "revenue": 1022963
        },
        "2021-03": {
            "month": "2021-03",
            "price": "15.14",
            "revenue": 870905
        },
        "2021-04": {
            "month": "2021-04",
            "price": "17.13",
            "revenue": 867174
        },
        "2021-05": {
            "month": "2021-05",
            "price": "17.02",
            "revenue": 446455
        },
        "2021-06": {
            "month": "2021-06",
            "price": "16.55",
            "revenue": 1098878
        },
        "2021-07": {
            "month": "2021-07",
            "price": "16.93",
            "revenue": 1033671
        },
        "2021-08": {
            "month": "2021-08",
            "price": "16.15",
            "revenue": 710055
        },
        "2021-09": {
            "month": "2021-09",
            "price": "15.92",
            "revenue": 701125
        },
        "2021-10": {
            "month": "2021-10",
            "price": "15.83",
            "revenue": 668721
        },
        "2021-11": {
            "month": "2021-11",
            "price": "15.94",
            "revenue": 928982
        },
        "2021-12": {
            "month": "2021-12",
            "price": "15.90",
            "revenue": 830814
        },
        "2022-01": {
            "month": "2022-01",
            "price": "16.05",
            "revenue": 610742
        },
        "2022-02": {
            "month": "2022-02",
            "price": "16.03",
            "revenue": 532090
        },
        "2022-03": {
            "month": "2022-03",
            "price": "15.94",
            "revenue": 486407
        },
        "2022-04": {
            "month": "2022-04",
            "price": "16.34",
            "revenue": 622845
        },
        "2022-05": {
            "month": "2022-05",
            "price": "15.57",
            "revenue": 551050
        },
        "2022-06": {
            "month": "2022-06",
            "price": "15.59",
            "revenue": 335303
        },
        "2022-07": {
            "month": "2022-07",
            "price": "13.38",
            "revenue": 676630
        },
        "2022-08": {
            "month": "2022-08",
            "price": "13.41",
            "revenue": 579802
        },
        "2022-09": {
            "month": "2022-09",
            "price": "12.59",
            "revenue": 316239
        },
        "2022-10": {
            "month": "2022-10",
            "price": "11.40",
            "revenue": 235745
        },
        "2022-11": {
            "month": "2022-11",
            "price": "11.33",
            "revenue": 570796
        },
        "2022-12": {
            "month": "2022-12",
            "price": "11.39",
            "revenue": 367184
        },
        "2023-01": {
            "month": "2023-01",
            "price": "11.85",
            "revenue": 551030
        },
        "2023-02": {
            "month": "2023-02",
            "price": "12.74",
            "revenue": 618982
        },
        "2023-03": {
            "month": "2023-03",
            "price": "12.79",
            "revenue": 648762
        },
        "2023-04": {
            "month": "2023-04",
            "price": "12.37",
            "revenue": 491983
        },
        "2023-05": {
            "month": "2023-05",
            "price": "12.35",
            "revenue": 564180
        },
        "2023-06": {
            "month": "2023-06",
            "price": "12.14",
            "revenue": 723449
        },
        "2023-07": {
            "month": "2023-07",
            "price": "11.86",
            "revenue": 739937
        },
        "2023-08": {
            "month": "2023-08",
            "price": "11.85",
            "revenue": 632220
        },
        "2023-09": {
            "month": "2023-09",
            "price": "11.75",
            "revenue": 447698
        },
        "2023-10": {
            "month": "2023-10",
            "price": "11.68",
            "revenue": 390164
        },
        "2023-11": {
            "month": "2023-11",
            "price": "11.58",
            "revenue": 652928
        },
        "2023-12": {
            "month": "2023-12",
            "price": "11.65",
            "revenue": 650198
        }
    }
}
