{
    "summary": {
        "stock_name": "永豐金",
        "stock_id": "2890",
        "category": "金融",
        "main_business": "本公司得投資下列事業：銀行業、票券金融業、信用卡業、信託業、<br>保險業、證券業、期貨業、創業投資事業、經主管機關核准投資之外<br>國金融機構、其他經主管機關認定與金融業相關之事業。",
        "website_url": "http://www.sinopac.com",
        "ceo": "朱士廷",
        "pe_ratio": 13,
        "report_year_from": 2002,
        "report_year_to": 2023,
        "age": 21,
        "eps_negative_percentage": 0,
        "eps_growth_avg": {
            "last_all": 7.27,
            "last_2y": 9.63,
            "last_4y": 12.21,
            "last_8y": 2.54,
            "last_12y": null,
            "last_16y": null,
            "last_20y": null,
            "at_2006_last_3y": null,
            "at_2007_last_3y": null,
            "at_2008_last_3y": null,
            "at_2009_last_3y": null,
            "at_2010_last_3y": null,
            "at_2011_last_3y": null,
            "at_2012_last_3y": null,
            "at_2013_last_3y": null,
            "at_2014_last_3y": 19.24,
            "at_2015_last_3y": 22.44,
            "at_2016_last_3y": -9.44,
            "at_2017_last_3y": -9.54,
            "at_2018_last_3y": -12.39,
            "at_2019_last_3y": 2.42,
            "at_2020_last_3y": 9.08,
            "at_2021_last_3y": 15.61,
            "at_2022_last_3y": 14.96,
            "at_2023_last_3y": 14.96,
            "at_2006_last_all": null,
            "at_2007_last_all": null,
            "at_2008_last_all": null,
            "at_2009_last_all": null,
            "at_2010_last_all": null,
            "at_2011_last_all": null,
            "at_2012_last_all": 29.45,
            "at_2013_last_all": 21.46,
            "at_2014_last_all": 19.24,
            "at_2015_last_all": 9.74,
            "at_2016_last_all": 3.53,
            "at_2017_last_all": 3.75,
            "at_2018_last_all": 3.43,
            "at_2019_last_all": 6.49,
            "at_2020_last_all": 5.75,
            "at_2021_last_all": 8.06,
            "at_2022_last_all": 7.27,
            "at_2023_last_all": 7.27
        },
        "latest_eps": 1.34,
        "latest_price": 17.25,
        "latest_roe": 9.67,
        "latest_gross_margin": null,
        "latest_equity": 173761135,
        "latest_revenue": 12818114,
        "latest_gross_profit": null,
        "latest_net_income": 4748557,
        "latest_debt_ratio": 93.53,
        "latest_current_ratio": null,
        "latest_account_receivable_turnover_ratio": null,
        "latest_inventory_turnover_ratio": null,
        "latest_reinvestment_rate": 2.09,
        "latest_research_to_sale_ratio": null
    },
    "eps_dividends": {
        "2001": {
            "cash": 0,
            "stock": 0,
            "eps": 0
        },
        "2002": {
            "cash": 0,
            "stock": 0.61,
            "eps": 0
        },
        "2003": {
            "cash": 0.65,
            "stock": 0,
            "eps": 0
        },
        "2004": {
            "cash": 0.5,
            "stock": 0.46,
            "eps": 0
        },
        "2005": {
            "cash": 0.88,
            "stock": 0,
            "eps": 0
        },
        "2006": {
            "cash": 0.71,
            "stock": 0,
            "eps": 0
        },
        "2007": {
            "cash": 0.3,
            "stock": 0,
            "eps": 0
        },
        "2008": {
            "cash": 0.13,
            "stock": 0,
            "eps": 0
        },
        "2009": {
            "cash": 0,
            "stock": 0,
            "eps": 0
        },
        "2010": {
            "cash": 0.12,
            "stock": 0,
            "eps": 0.73
        },
        "2011": {
            "cash": 0.29000000000000004,
            "stock": 0.75,
            "eps": 0.43
        },
        "2012": {
            "cash": 0,
            "stock": 0,
            "eps": 1.28
        },
        "2013": {
            "cash": 0.33,
            "stock": 0.8,
            "eps": 1.35
        },
        "2014": {
            "cash": 0.34,
            "stock": 0.81,
            "eps": 1.52
        },
        "2015": {
            "cash": 0.5,
            "stock": 0.74,
            "eps": 1.09
        },
        "2016": {
            "cash": 0.43,
            "stock": 0.5,
            "eps": 0.79
        },
        "2017": {
            "cash": 0.34,
            "stock": 0.35,
            "eps": 0.83
        },
        "2018": {
            "cash": 0.5,
            "stock": 0.2,
            "eps": 0.84
        },
        "2019": {
            "cash": 0.64,
            "stock": 0,
            "eps": 1.1
        },
        "2020": {
            "cash": 0.7,
            "stock": 0,
            "eps": 1.09
        },
        "2021": {
            "cash": 0.7,
            "stock": 0,
            "eps": 1.43
        },
        "2022": {
            "cash": 0.8,
            "stock": 0.1,
            "eps": 1.41
        },
        "2023": {
            "cash": 0.6,
            "stock": 0.2,
            "eps": 0.41
        }
    },
    "dividends": {
        "2002-06-26": {
            "cash": 0,
            "stock": 0.61
        },
        "2003-04-07": {
            "cash": 0.65,
            "stock": 0
        },
        "2004-02-23": {
            "cash": 0.5,
            "stock": 0.46
        },
        "2005-03-25": {
            "cash": 0.88,
            "stock": 0
        },
        "2006-03-21": {
            "cash": 0.71,
            "stock": 0
        },
        "2007-03-23": {
            "cash": 0.3,
            "stock": 0
        },
        "2008-03-28": {
            "cash": 0.13,
            "stock": 0
        },
        "2010-03-26": {
            "cash": 0.12,
            "stock": 0
        },
        "2011-01-01": {
            "cash": 0.14,
            "stock": 0.32
        },
        "2011-03-25": {
            "cash": 0.15,
            "stock": 0.43
        },
        "2013-03-15": {
            "cash": 0.33,
            "stock": 0.8
        },
        "2014-10-06": {
            "cash": 0.34,
            "stock": 0.81
        },
        "2015-09-17": {
            "cash": 0.5,
            "stock": 0.74
        },
        "2016-09-14": {
            "cash": 0.43,
            "stock": 0.5
        },
        "2017-10-25": {
            "cash": 0.34,
            "stock": 0.35
        },
        "2018-09-19": {
            "cash": 0.5,
            "stock": 0.2
        },
        "2019-08-15": {
            "cash": 0.64,
            "stock": 0
        },
        "2020-07-16": {
            "cash": 0.7,
            "stock": 0
        },
        "2021-09-16": {
            "cash": 0.7,
            "stock": 0
        },
        "2022-09-14": {
            "cash": 0.8,
            "stock": 0.1
        },
        "2023-03-24": {
            "cash": 0.6,
            "stock": 0.2
        }
    },
    "prices": {
        "200101": "無",
        "200102": "無",
        "200103": "無",
        "200104": "無",
        "200105": "無",
        "200106": "無",
        "200107": "無",
        "200108": "無",
        "200109": "無",
        "200110": "無",
        "200111": "無",
        "200112": "無",
        "200201": "無",
        "200202": "無",
        "200203": "無",
        "200204": "無",
        "200205": "15.62",
        "200206": "15.03",
        "200207": "14.36",
        "200208": "14.77",
        "200209": "14.32",
        "200210": "14.15",
        "200211": "14.33",
        "200212": "14.04",
        "200301": "14.79",
        "200302": "13.87",
        "200303": "12.92",
        "200304": "12.39",
        "200305": "11.83",
        "200306": "12.72",
        "200307": "12.72",
        "200308": "12.45",
        "200309": "14.62",
        "200310": "17.91",
        "200311": "18.35",
        "200312": "18.22",
        "200401": "17.41",
        "200402": "18.20",
        "200403": "18.60",
        "200404": "18.53",
        "200405": "17.34",
        "200406": "17.31",
        "200407": "17.17",
        "200408": "16.42",
        "200409": "17.47",
        "200410": "18.54",
        "200411": "18.49",
        "200412": "18.17",
        "200501": "18.40",
        "200502": "18.74",
        "200503": "18.48",
        "200504": "17.02",
        "200505": "16.80",
        "200506": "16.01",
        "200507": "16.14",
        "200508": "15.69",
        "200509": "15.53",
        "200510": "14.41",
        "200511": "14.86",
        "200512": "16.40",
        "200601": "16.42",
        "200602": "17.21",
        "200603": "15.99",
        "200604": "16.94",
        "200605": "16.62",
        "200606": "15.79",
        "200607": "15.71",
        "200608": "15.19",
        "200609": "15.07",
        "200610": "16.35",
        "200611": "17.19",
        "200612": "17.17",
        "200701": "17.05",
        "200702": "16.80",
        "200703": "15.39",
        "200704": "14.99",
        "200705": "14.53",
        "200706": "15.08",
        "200707": "17.15",
        "200708": "15.36",
        "200709": "14.88",
        "200710": "15.42",
        "200711": "13.48",
        "200712": "12.19",
        "200801": "12.47",
        "200802": "12.43",
        "200803": "13.84",
        "200804": "14.77",
        "200805": "14.46",
        "200806": "13.75",
        "200807": "12.49",
        "200808": "11.41",
        "200809": "9.73",
        "200810": "6.76",
        "200811": "6.48",
        "200812": "7.01",
        "200901": "6.34",
        "200902": "5.59",
        "200903": "6.16",
        "200904": "8.25",
        "200905": "10.02",
        "200906": "10.66",
        "200907": "11.35",
        "200908": "10.23",
        "200909": "11.86",
        "200910": "13.15",
        "200911": "12.34",
        "200912": "12.09",
        "201001": "11.88",
        "201002": "10.21",
        "201003": "10.72",
        "201004": "11.10",
        "201005": "10.05",
        "201006": "9.88",
        "201007": "10.62",
        "201008": "11.65",
        "201009": "11.59",
        "201010": "11.73",
        "201011": "11.40",
        "201012": "12.27",
        "201101": "13.54",
        "201102": "12.74",
        "201103": "12.95",
        "201104": "13.62",
        "201105": "13.52",
        "201106": "12.54",
        "201107": "12.39",
        "201108": "11.09",
        "201109": "10.20",
        "201110": "9.47",
        "201111": "8.95",
        "201112": "8.87",
        "201201": "8.93",
        "201202": "10.30",
        "201203": "10.85",
        "201204": "9.98",
        "201205": "9.93",
        "201206": "10.86",
        "201207": "11.75",
        "201208": "12.19",
        "201209": "11.97",
        "201210": "11.68",
        "201211": "11.65",
        "201212": "12.42",
        "201301": "12.71",
        "201302": "13.52",
        "201303": "14.06",
        "201304": "14.39",
        "201305": "14.90",
        "201306": "14.27",
        "201307": "14.68",
        "201308": "13.99",
        "201309": "13.53",
        "201310": "14.44",
        "201311": "14.49",
        "201312": "14.51",
        "201401": "14.47",
        "201402": "14.36",
        "201403": "14.45",
        "201404": "14.10",
        "201405": "13.24",
        "201406": "13.38",
        "201407": "14.01",
        "201408": "14.20",
        "201409": "13.57",
        "201410": "12.96",
        "201411": "13.04",
        "201412": "12.80",
        "201501": "12.82",
        "201502": "12.92",
        "201503": "12.73",
        "201504": "13.36",
        "201505": "14.04",
        "201506": "13.70",
        "201507": "13.50",
        "201508": "11.44",
        "201509": "10.74",
        "201510": "10.86",
        "201511": "10.45",
        "201512": "9.54",
        "201601": "8.57",
        "201602": "9.05",
        "201603": "9.64",
        "201604": "9.71",
        "201605": "9.28",
        "201606": "9.55",
        "201607": "10.00",
        "201608": "9.75",
        "201609": "9.30",
        "201610": "9.21",
        "201611": "8.98",
        "201612": "9.11",
        "201701": "9.14",
        "201702": "9.42",
        "201703": "9.36",
        "201704": "9.28",
        "201705": "9.28",
        "201706": "9.16",
        "201707": "9.44",
        "201708": "9.47",
        "201709": "9.41",
        "201710": "9.22",
        "201711": "9.30",
        "201712": "9.52",
        "201801": "10.00",
        "201802": "9.90",
        "201803": "10.35",
        "201804": "10.53",
        "201805": "10.74",
        "201806": "11.19",
        "201807": "11.13",
        "201808": "11.17",
        "201809": "11.12",
        "201810": "10.49",
        "201811": "10.61",
        "201812": "10.31",
        "201901": "10.34",
        "201902": "10.62",
        "201903": "11.01",
        "201904": "11.64",
        "201905": "11.95",
        "201906": "12.63",
        "201907": "12.70",
        "201908": "12.15",
        "201909": "12.33",
        "201910": "12.36",
        "201911": "12.79",
        "201912": "13.04",
        "202001": "13.10",
        "202002": "13.08",
        "202003": "11.45",
        "202004": "11.50",
        "202005": "11.68",
        "202006": "11.54",
        "202007": "10.88",
        "202008": "10.88",
        "202009": "10.84",
        "202010": "10.80",
        "202011": "11.16",
        "202012": "11.19",
        "202101": "11.32",
        "202102": "11.48",
        "202103": "12.20",
        "202104": "13.03",
        "202105": "13.31",
        "202106": "13.65",
        "202107": "14.08",
        "202108": "13.86",
        "202109": "13.99",
        "202110": "13.94",
        "202111": "14.72",
        "202112": "15.75",
        "202201": "16.54",
        "202202": "17.35",
        "202203": "17.30",
        "202204": "18.54",
        "202205": "17.50",
        "202206": "17.15",
        "202207": "16.22",
        "202208": "17.18",
        "202209": "17.60",
        "202210": "16.49",
        "202211": "16.89",
        "202212": "17.29",
        "202301": "17.23",
        "202302": "17.30",
        "202303": "16.67",
        "202304": "16.70",
        "202305": "17.15",
        "202306": "17.33"
    },
    "quarters": {
        "20011": {
            "year_quarter": 20011,
            "year": 2001,
            "quarter": 1,
            "eps": null,
            "eps_growth_year": null,
            "eps_4q": null,
            "eps_4q_growth_year": null,
            "roe": null,
            "roe_4q": 0,
            "gross_profit": null,
            "gross_margin": null,
            "gross_margin_4q_avg": 0,
            "net_income": null,
            "revenue": null,
            "common_shares": null,
            "book_valuer_per_share": null,
            "book_valuer_per_share_4q_avg": 0,
            "equity": null,
            "current_ratio": null,
            "debt_ratio": null,
            "inventory_turnover_ratio": null,
            "account_receivable_turnover_ratio": null,
            "reinvestment_rate": null,
            "research_to_sale_ratio": null,
            "price_fair": 0,
            "eps_avg_yearly": 0,
            "eps_latest_yearly": 0,
            "eps_growth_yearly": 0
        },
        "20012": {
            "year_quarter": 20012,
            "year": 2001,
            "quarter": 2,
            "eps": null,
            "eps_growth_year": null,
            "eps_4q": null,
            "eps_4q_growth_year": null,
            "roe": null,
            "roe_4q": 0,
            "gross_profit": null,
            "gross_margin": null,
            "gross_margin_4q_avg": 0,
            "net_income": null,
            "revenue": null,
            "common_shares": null,
            "book_valuer_per_share": null,
            "book_valuer_per_share_4q_avg": 0,
            "equity": null,
            "current_ratio": null,
            "debt_ratio": null,
            "inventory_turnover_ratio": null,
            "account_receivable_turnover_ratio": null,
            "reinvestment_rate": null,
            "research_to_sale_ratio": null,
            "price_fair": 0,
            "eps_avg_yearly": 0,
            "eps_latest_yearly": 0,
            "eps_growth_yearly": 0
        },
        "20013": {
            "year_quarter": 20013,
            "year": 2001,
            "quarter": 3,
            "eps": null,
            "eps_growth_year": null,
            "eps_4q": null,
            "eps_4q_growth_year": null,
            "roe": null,
            "roe_4q": 0,
            "gross_profit": null,
            "gross_margin": null,
            "gross_margin_4q_avg": 0,
            "net_income": null,
            "revenue": null,
            "common_shares": null,
            "book_valuer_per_share": null,
            "book_valuer_per_share_4q_avg": 0,
            "equity": null,
            "current_ratio": null,
            "debt_ratio": null,
            "inventory_turnover_ratio": null,
            "account_receivable_turnover_ratio": null,
            "reinvestment_rate": null,
            "research_to_sale_ratio": null,
            "price_fair": 0,
            "eps_avg_yearly": 0,
            "eps_latest_yearly": 0,
            "eps_growth_yearly": 0
        },
        "20014": {
            "year_quarter": 20014,
            "year": 2001,
            "quarter": 4,
            "eps": null,
            "eps_growth_year": null,
            "eps_4q": null,
            "eps_4q_growth_year": null,
            "roe": null,
            "roe_4q": 0,
            "gross_profit": null,
            "gross_margin": null,
            "gross_margin_4q_avg": 0,
            "net_income": null,
            "revenue": null,
            "common_shares": null,
            "book_valuer_per_share": null,
            "book_valuer_per_share_4q_avg": 0,
            "equity": null,
            "current_ratio": null,
            "debt_ratio": null,
            "inventory_turnover_ratio": null,
            "account_receivable_turnover_ratio": null,
            "reinvestment_rate": null,
            "research_to_sale_ratio": null,
            "price_fair": 0,
            "eps_avg_yearly": 0,
            "eps_latest_yearly": 0,
            "eps_growth_yearly": 0
        },
        "20021": {
            "year_quarter": 20021,
            "year": 2002,
            "quarter": 1,
            "eps": null,
            "eps_growth_year": null,
            "eps_4q": null,
            "eps_4q_growth_year": null,
            "roe": null,
            "roe_4q": 0,
            "gross_profit": null,
            "gross_margin": null,
            "gross_margin_4q_avg": 0,
            "net_income": null,
            "revenue": null,
            "common_shares": null,
            "book_valuer_per_share": null,
            "book_valuer_per_share_4q_avg": 0,
            "equity": null,
            "current_ratio": null,
            "debt_ratio": null,
            "inventory_turnover_ratio": null,
            "account_receivable_turnover_ratio": null,
            "reinvestment_rate": null,
            "research_to_sale_ratio": null,
            "price_fair": 0,
            "eps_avg_yearly": 0,
            "eps_latest_yearly": 0,
            "eps_growth_yearly": 0
        },
        "20022": {
            "year_quarter": 20022,
            "year": 2002,
            "quarter": 2,
            "eps": null,
            "eps_growth_year": null,
            "eps_4q": null,
            "eps_4q_growth_year": null,
            "roe": null,
            "roe_4q": 0,
            "gross_profit": null,
            "gross_margin": null,
            "gross_margin_4q_avg": 0,
            "net_income": null,
            "revenue": null,
            "common_shares": null,
            "book_valuer_per_share": null,
            "book_valuer_per_share_4q_avg": 0,
            "equity": null,
            "current_ratio": null,
            "debt_ratio": null,
            "inventory_turnover_ratio": null,
            "account_receivable_turnover_ratio": null,
            "reinvestment_rate": null,
            "research_to_sale_ratio": null,
            "price_fair": 0,
            "eps_avg_yearly": 0,
            "eps_latest_yearly": 0,
            "eps_growth_yearly": 0
        },
        "20023": {
            "year_quarter": 20023,
            "year": 2002,
            "quarter": 3,
            "eps": null,
            "eps_growth_year": null,
            "eps_4q": null,
            "eps_4q_growth_year": null,
            "roe": null,
            "roe_4q": 0,
            "gross_profit": null,
            "gross_margin": null,
            "gross_margin_4q_avg": 0,
            "net_income": null,
            "revenue": null,
            "common_shares": null,
            "book_valuer_per_share": null,
            "book_valuer_per_share_4q_avg": 0,
            "equity": null,
            "current_ratio": null,
            "debt_ratio": null,
            "inventory_turnover_ratio": null,
            "account_receivable_turnover_ratio": null,
            "reinvestment_rate": null,
            "research_to_sale_ratio": null,
            "price_fair": 0,
            "eps_avg_yearly": 0,
            "eps_latest_yearly": 0,
            "eps_growth_yearly": 0
        },
        "20024": {
            "year_quarter": 20024,
            "year": 2002,
            "quarter": 4,
            "eps": null,
            "eps_growth_year": null,
            "eps_4q": null,
            "eps_4q_growth_year": null,
            "roe": null,
            "roe_4q": 0,
            "gross_profit": null,
            "gross_margin": null,
            "gross_margin_4q_avg": 0,
            "net_income": null,
            "revenue": null,
            "common_shares": null,
            "book_valuer_per_share": null,
            "book_valuer_per_share_4q_avg": 0,
            "equity": null,
            "current_ratio": null,
            "debt_ratio": null,
            "inventory_turnover_ratio": null,
            "account_receivable_turnover_ratio": null,
            "reinvestment_rate": null,
            "research_to_sale_ratio": null,
            "price_fair": 0,
            "eps_avg_yearly": 0,
            "eps_latest_yearly": 0,
            "eps_growth_yearly": 0
        },
        "20031": {
            "year_quarter": 20031,
            "year": 2003,
            "quarter": 1,
            "eps": null,
            "eps_growth_year": null,
            "eps_4q": null,
            "eps_4q_growth_year": null,
            "roe": null,
            "roe_4q": 0,
            "gross_profit": null,
            "gross_margin": null,
            "gross_margin_4q_avg": 0,
            "net_income": null,
            "revenue": null,
            "common_shares": null,
            "book_valuer_per_share": null,
            "book_valuer_per_share_4q_avg": 0,
            "equity": null,
            "current_ratio": null,
            "debt_ratio": null,
            "inventory_turnover_ratio": null,
            "account_receivable_turnover_ratio": null,
            "reinvestment_rate": null,
            "research_to_sale_ratio": null,
            "price_fair": 0,
            "eps_avg_yearly": 0,
            "eps_latest_yearly": 0,
            "eps_growth_yearly": 0
        },
        "20032": {
            "year_quarter": 20032,
            "year": 2003,
            "quarter": 2,
            "eps": null,
            "eps_growth_year": null,
            "eps_4q": null,
            "eps_4q_growth_year": null,
            "roe": null,
            "roe_4q": 0,
            "gross_profit": null,
            "gross_margin": null,
            "gross_margin_4q_avg": 0,
            "net_income": null,
            "revenue": null,
            "common_shares": null,
            "book_valuer_per_share": null,
            "book_valuer_per_share_4q_avg": 0,
            "equity": null,
            "current_ratio": null,
            "debt_ratio": null,
            "inventory_turnover_ratio": null,
            "account_receivable_turnover_ratio": null,
            "reinvestment_rate": null,
            "research_to_sale_ratio": null,
            "price_fair": 0,
            "eps_avg_yearly": 0,
            "eps_latest_yearly": 0,
            "eps_growth_yearly": 0
        },
        "20033": {
            "year_quarter": 20033,
            "year": 2003,
            "quarter": 3,
            "eps": null,
            "eps_growth_year": null,
            "eps_4q": null,
            "eps_4q_growth_year": null,
            "roe": null,
            "roe_4q": 0,
            "gross_profit": null,
            "gross_margin": null,
            "gross_margin_4q_avg": 0,
            "net_income": null,
            "revenue": null,
            "common_shares": null,
            "book_valuer_per_share": null,
            "book_valuer_per_share_4q_avg": 0,
            "equity": null,
            "current_ratio": null,
            "debt_ratio": null,
            "inventory_turnover_ratio": null,
            "account_receivable_turnover_ratio": null,
            "reinvestment_rate": null,
            "research_to_sale_ratio": null,
            "price_fair": 0,
            "eps_avg_yearly": 0,
            "eps_latest_yearly": 0,
            "eps_growth_yearly": 0
        },
        "20034": {
            "year_quarter": 20034,
            "year": 2003,
            "quarter": 4,
            "eps": null,
            "eps_growth_year": null,
            "eps_4q": null,
            "eps_4q_growth_year": null,
            "roe": null,
            "roe_4q": 0,
            "gross_profit": null,
            "gross_margin": null,
            "gross_margin_4q_avg": 0,
            "net_income": null,
            "revenue": null,
            "common_shares": null,
            "book_valuer_per_share": null,
            "book_valuer_per_share_4q_avg": 0,
            "equity": null,
            "current_ratio": null,
            "debt_ratio": null,
            "inventory_turnover_ratio": null,
            "account_receivable_turnover_ratio": null,
            "reinvestment_rate": null,
            "research_to_sale_ratio": null,
            "price_fair": 0,
            "eps_avg_yearly": 0,
            "eps_latest_yearly": 0,
            "eps_growth_yearly": 0
        },
        "20041": {
            "year_quarter": 20041,
            "year": 2004,
            "quarter": 1,
            "eps": null,
            "eps_growth_year": null,
            "eps_4q": null,
            "eps_4q_growth_year": null,
            "roe": null,
            "roe_4q": 0,
            "gross_profit": null,
            "gross_margin": null,
            "gross_margin_4q_avg": 0,
            "net_income": null,
            "revenue": null,
            "common_shares": null,
            "book_valuer_per_share": null,
            "book_valuer_per_share_4q_avg": 0,
            "equity": null,
            "current_ratio": null,
            "debt_ratio": null,
            "inventory_turnover_ratio": null,
            "account_receivable_turnover_ratio": null,
            "reinvestment_rate": null,
            "research_to_sale_ratio": null,
            "price_fair": 0,
            "eps_avg_yearly": 0,
            "eps_latest_yearly": 0,
            "eps_growth_yearly": 0
        },
        "20042": {
            "year_quarter": 20042,
            "year": 2004,
            "quarter": 2,
            "eps": null,
            "eps_growth_year": null,
            "eps_4q": null,
            "eps_4q_growth_year": null,
            "roe": null,
            "roe_4q": 0,
            "gross_profit": null,
            "gross_margin": null,
            "gross_margin_4q_avg": 0,
            "net_income": null,
            "revenue": null,
            "common_shares": null,
            "book_valuer_per_share": null,
            "book_valuer_per_share_4q_avg": 0,
            "equity": null,
            "current_ratio": null,
            "debt_ratio": null,
            "inventory_turnover_ratio": null,
            "account_receivable_turnover_ratio": null,
            "reinvestment_rate": null,
            "research_to_sale_ratio": null,
            "price_fair": 0,
            "eps_avg_yearly": 0,
            "eps_latest_yearly": 0,
            "eps_growth_yearly": 0
        },
        "20043": {
            "year_quarter": 20043,
            "year": 2004,
            "quarter": 3,
            "eps": null,
            "eps_growth_year": null,
            "eps_4q": null,
            "eps_4q_growth_year": null,
            "roe": null,
            "roe_4q": 0,
            "gross_profit": null,
            "gross_margin": null,
            "gross_margin_4q_avg": 0,
            "net_income": null,
            "revenue": null,
            "common_shares": null,
            "book_valuer_per_share": null,
            "book_valuer_per_share_4q_avg": 0,
            "equity": null,
            "current_ratio": null,
            "debt_ratio": null,
            "inventory_turnover_ratio": null,
            "account_receivable_turnover_ratio": null,
            "reinvestment_rate": null,
            "research_to_sale_ratio": null,
            "price_fair": 0,
            "eps_avg_yearly": 0,
            "eps_latest_yearly": 0,
            "eps_growth_yearly": 0
        },
        "20044": {
            "year_quarter": 20044,
            "year": 2004,
            "quarter": 4,
            "eps": null,
            "eps_growth_year": null,
            "eps_4q": null,
            "eps_4q_growth_year": null,
            "roe": null,
            "roe_4q": 0,
            "gross_profit": null,
            "gross_margin": null,
            "gross_margin_4q_avg": 0,
            "net_income": null,
            "revenue": null,
            "common_shares": null,
            "book_valuer_per_share": null,
            "book_valuer_per_share_4q_avg": 0,
            "equity": null,
            "current_ratio": null,
            "debt_ratio": null,
            "inventory_turnover_ratio": null,
            "account_receivable_turnover_ratio": null,
            "reinvestment_rate": null,
            "research_to_sale_ratio": null,
            "price_fair": 0,
            "eps_avg_yearly": 0,
            "eps_latest_yearly": 0,
            "eps_growth_yearly": 0
        },
        "20051": {
            "year_quarter": 20051,
            "year": 2005,
            "quarter": 1,
            "eps": null,
            "eps_growth_year": null,
            "eps_4q": null,
            "eps_4q_growth_year": null,
            "roe": null,
            "roe_4q": 0,
            "gross_profit": null,
            "gross_margin": null,
            "gross_margin_4q_avg": 0,
            "net_income": null,
            "revenue": null,
            "common_shares": null,
            "book_valuer_per_share": null,
            "book_valuer_per_share_4q_avg": 0,
            "equity": null,
            "current_ratio": null,
            "debt_ratio": null,
            "inventory_turnover_ratio": null,
            "account_receivable_turnover_ratio": null,
            "reinvestment_rate": null,
            "research_to_sale_ratio": null,
            "price_fair": 0,
            "eps_avg_yearly": 0,
            "eps_latest_yearly": 0,
            "eps_growth_yearly": 0
        },
        "20052": {
            "year_quarter": 20052,
            "year": 2005,
            "quarter": 2,
            "eps": null,
            "eps_growth_year": null,
            "eps_4q": null,
            "eps_4q_growth_year": null,
            "roe": null,
            "roe_4q": 0,
            "gross_profit": null,
            "gross_margin": null,
            "gross_margin_4q_avg": 0,
            "net_income": null,
            "revenue": null,
            "common_shares": null,
            "book_valuer_per_share": null,
            "book_valuer_per_share_4q_avg": 0,
            "equity": null,
            "current_ratio": null,
            "debt_ratio": null,
            "inventory_turnover_ratio": null,
            "account_receivable_turnover_ratio": null,
            "reinvestment_rate": null,
            "research_to_sale_ratio": null,
            "price_fair": 0,
            "eps_avg_yearly": 0,
            "eps_latest_yearly": 0,
            "eps_growth_yearly": 0
        },
        "20053": {
            "year_quarter": 20053,
            "year": 2005,
            "quarter": 3,
            "eps": null,
            "eps_growth_year": null,
            "eps_4q": null,
            "eps_4q_growth_year": null,
            "roe": null,
            "roe_4q": 0,
            "gross_profit": null,
            "gross_margin": null,
            "gross_margin_4q_avg": 0,
            "net_income": null,
            "revenue": null,
            "common_shares": null,
            "book_valuer_per_share": null,
            "book_valuer_per_share_4q_avg": 0,
            "equity": null,
            "current_ratio": null,
            "debt_ratio": null,
            "inventory_turnover_ratio": null,
            "account_receivable_turnover_ratio": null,
            "reinvestment_rate": null,
            "research_to_sale_ratio": null,
            "price_fair": 0,
            "eps_avg_yearly": 0,
            "eps_latest_yearly": 0,
            "eps_growth_yearly": 0
        },
        "20054": {
            "year_quarter": 20054,
            "year": 2005,
            "quarter": 4,
            "eps": null,
            "eps_growth_year": null,
            "eps_4q": null,
            "eps_4q_growth_year": null,
            "roe": null,
            "roe_4q": 0,
            "gross_profit": null,
            "gross_margin": null,
            "gross_margin_4q_avg": 0,
            "net_income": null,
            "revenue": null,
            "common_shares": null,
            "book_valuer_per_share": null,
            "book_valuer_per_share_4q_avg": 0,
            "equity": null,
            "current_ratio": null,
            "debt_ratio": null,
            "inventory_turnover_ratio": null,
            "account_receivable_turnover_ratio": null,
            "reinvestment_rate": null,
            "research_to_sale_ratio": null,
            "price_fair": 0,
            "eps_avg_yearly": 0,
            "eps_latest_yearly": 0,
            "eps_growth_yearly": 0
        },
        "20061": {
            "year_quarter": 20061,
            "year": 2006,
            "quarter": 1,
            "eps": null,
            "eps_growth_year": null,
            "eps_4q": null,
            "eps_4q_growth_year": null,
            "roe": null,
            "roe_4q": 0,
            "gross_profit": null,
            "gross_margin": null,
            "gross_margin_4q_avg": 0,
            "net_income": null,
            "revenue": null,
            "common_shares": null,
            "book_valuer_per_share": null,
            "book_valuer_per_share_4q_avg": 0,
            "equity": null,
            "current_ratio": null,
            "debt_ratio": null,
            "inventory_turnover_ratio": null,
            "account_receivable_turnover_ratio": null,
            "reinvestment_rate": null,
            "research_to_sale_ratio": null,
            "price_fair": 0,
            "eps_avg_yearly": 0,
            "eps_latest_yearly": 0,
            "eps_growth_yearly": 0
        },
        "20062": {
            "year_quarter": 20062,
            "year": 2006,
            "quarter": 2,
            "eps": null,
            "eps_growth_year": null,
            "eps_4q": null,
            "eps_4q_growth_year": null,
            "roe": null,
            "roe_4q": 0,
            "gross_profit": null,
            "gross_margin": null,
            "gross_margin_4q_avg": 0,
            "net_income": null,
            "revenue": null,
            "common_shares": null,
            "book_valuer_per_share": null,
            "book_valuer_per_share_4q_avg": 0,
            "equity": null,
            "current_ratio": null,
            "debt_ratio": null,
            "inventory_turnover_ratio": null,
            "account_receivable_turnover_ratio": null,
            "reinvestment_rate": null,
            "research_to_sale_ratio": null,
            "price_fair": 0,
            "eps_avg_yearly": 0,
            "eps_latest_yearly": 0,
            "eps_growth_yearly": 0
        },
        "20063": {
            "year_quarter": 20063,
            "year": 2006,
            "quarter": 3,
            "eps": null,
            "eps_growth_year": null,
            "eps_4q": null,
            "eps_4q_growth_year": null,
            "roe": null,
            "roe_4q": 0,
            "gross_profit": null,
            "gross_margin": null,
            "gross_margin_4q_avg": 0,
            "net_income": null,
            "revenue": null,
            "common_shares": null,
            "book_valuer_per_share": null,
            "book_valuer_per_share_4q_avg": 0,
            "equity": null,
            "current_ratio": null,
            "debt_ratio": null,
            "inventory_turnover_ratio": null,
            "account_receivable_turnover_ratio": null,
            "reinvestment_rate": null,
            "research_to_sale_ratio": null,
            "price_fair": 0,
            "eps_avg_yearly": 0,
            "eps_latest_yearly": 0,
            "eps_growth_yearly": 0
        },
        "20064": {
            "year_quarter": 20064,
            "year": 2006,
            "quarter": 4,
            "eps": null,
            "eps_growth_year": null,
            "eps_4q": null,
            "eps_4q_growth_year": null,
            "roe": null,
            "roe_4q": 0,
            "gross_profit": null,
            "gross_margin": null,
            "gross_margin_4q_avg": 0,
            "net_income": null,
            "revenue": null,
            "common_shares": null,
            "book_valuer_per_share": null,
            "book_valuer_per_share_4q_avg": 0,
            "equity": null,
            "current_ratio": null,
            "debt_ratio": null,
            "inventory_turnover_ratio": null,
            "account_receivable_turnover_ratio": null,
            "reinvestment_rate": null,
            "research_to_sale_ratio": null,
            "price_fair": 0,
            "eps_avg_yearly": 0,
            "eps_latest_yearly": 0,
            "eps_growth_yearly": 0
        },
        "20071": {
            "year_quarter": 20071,
            "year": 2007,
            "quarter": 1,
            "eps": null,
            "eps_growth_year": null,
            "eps_4q": null,
            "eps_4q_growth_year": null,
            "roe": null,
            "roe_4q": 0,
            "gross_profit": null,
            "gross_margin": null,
            "gross_margin_4q_avg": 0,
            "net_income": null,
            "revenue": null,
            "common_shares": null,
            "book_valuer_per_share": null,
            "book_valuer_per_share_4q_avg": 0,
            "equity": null,
            "current_ratio": null,
            "debt_ratio": null,
            "inventory_turnover_ratio": null,
            "account_receivable_turnover_ratio": null,
            "reinvestment_rate": null,
            "research_to_sale_ratio": null,
            "price_fair": 0,
            "eps_avg_yearly": 0,
            "eps_latest_yearly": 0,
            "eps_growth_yearly": 0
        },
        "20072": {
            "year_quarter": 20072,
            "year": 2007,
            "quarter": 2,
            "eps": null,
            "eps_growth_year": null,
            "eps_4q": null,
            "eps_4q_growth_year": null,
            "roe": null,
            "roe_4q": 0,
            "gross_profit": null,
            "gross_margin": null,
            "gross_margin_4q_avg": 0,
            "net_income": null,
            "revenue": null,
            "common_shares": null,
            "book_valuer_per_share": null,
            "book_valuer_per_share_4q_avg": 0,
            "equity": null,
            "current_ratio": null,
            "debt_ratio": null,
            "inventory_turnover_ratio": null,
            "account_receivable_turnover_ratio": null,
            "reinvestment_rate": null,
            "research_to_sale_ratio": null,
            "price_fair": 0,
            "eps_avg_yearly": 0,
            "eps_latest_yearly": 0,
            "eps_growth_yearly": 0
        },
        "20073": {
            "year_quarter": 20073,
            "year": 2007,
            "quarter": 3,
            "eps": null,
            "eps_growth_year": null,
            "eps_4q": null,
            "eps_4q_growth_year": null,
            "roe": null,
            "roe_4q": 0,
            "gross_profit": null,
            "gross_margin": null,
            "gross_margin_4q_avg": 0,
            "net_income": null,
            "revenue": null,
            "common_shares": null,
            "book_valuer_per_share": null,
            "book_valuer_per_share_4q_avg": 0,
            "equity": null,
            "current_ratio": null,
            "debt_ratio": null,
            "inventory_turnover_ratio": null,
            "account_receivable_turnover_ratio": null,
            "reinvestment_rate": null,
            "research_to_sale_ratio": null,
            "price_fair": 0,
            "eps_avg_yearly": 0,
            "eps_latest_yearly": 0,
            "eps_growth_yearly": 0
        },
        "20074": {
            "year_quarter": 20074,
            "year": 2007,
            "quarter": 4,
            "eps": null,
            "eps_growth_year": null,
            "eps_4q": null,
            "eps_4q_growth_year": null,
            "roe": null,
            "roe_4q": 0,
            "gross_profit": null,
            "gross_margin": null,
            "gross_margin_4q_avg": 0,
            "net_income": null,
            "revenue": null,
            "common_shares": null,
            "book_valuer_per_share": null,
            "book_valuer_per_share_4q_avg": 0,
            "equity": null,
            "current_ratio": null,
            "debt_ratio": null,
            "inventory_turnover_ratio": null,
            "account_receivable_turnover_ratio": null,
            "reinvestment_rate": null,
            "research_to_sale_ratio": null,
            "price_fair": 0,
            "eps_avg_yearly": 0,
            "eps_latest_yearly": 0,
            "eps_growth_yearly": 0
        },
        "20081": {
            "year_quarter": 20081,
            "year": 2008,
            "quarter": 1,
            "eps": null,
            "eps_growth_year": null,
            "eps_4q": null,
            "eps_4q_growth_year": null,
            "roe": null,
            "roe_4q": 0,
            "gross_profit": null,
            "gross_margin": null,
            "gross_margin_4q_avg": 0,
            "net_income": null,
            "revenue": null,
            "common_shares": null,
            "book_valuer_per_share": null,
            "book_valuer_per_share_4q_avg": 0,
            "equity": null,
            "current_ratio": null,
            "debt_ratio": null,
            "inventory_turnover_ratio": null,
            "account_receivable_turnover_ratio": null,
            "reinvestment_rate": null,
            "research_to_sale_ratio": null,
            "price_fair": 0,
            "eps_avg_yearly": 0,
            "eps_latest_yearly": 0,
            "eps_growth_yearly": 0
        },
        "20082": {
            "year_quarter": 20082,
            "year": 2008,
            "quarter": 2,
            "eps": null,
            "eps_growth_year": null,
            "eps_4q": null,
            "eps_4q_growth_year": null,
            "roe": null,
            "roe_4q": 0,
            "gross_profit": null,
            "gross_margin": null,
            "gross_margin_4q_avg": 0,
            "net_income": null,
            "revenue": null,
            "common_shares": null,
            "book_valuer_per_share": null,
            "book_valuer_per_share_4q_avg": 0,
            "equity": null,
            "current_ratio": null,
            "debt_ratio": null,
            "inventory_turnover_ratio": null,
            "account_receivable_turnover_ratio": null,
            "reinvestment_rate": null,
            "research_to_sale_ratio": null,
            "price_fair": 0,
            "eps_avg_yearly": 0,
            "eps_latest_yearly": 0,
            "eps_growth_yearly": 0
        },
        "20083": {
            "year_quarter": 20083,
            "year": 2008,
            "quarter": 3,
            "eps": null,
            "eps_growth_year": null,
            "eps_4q": null,
            "eps_4q_growth_year": null,
            "roe": null,
            "roe_4q": 0,
            "gross_profit": null,
            "gross_margin": null,
            "gross_margin_4q_avg": 0,
            "net_income": null,
            "revenue": null,
            "common_shares": null,
            "book_valuer_per_share": null,
            "book_valuer_per_share_4q_avg": 0,
            "equity": null,
            "current_ratio": null,
            "debt_ratio": null,
            "inventory_turnover_ratio": null,
            "account_receivable_turnover_ratio": null,
            "reinvestment_rate": null,
            "research_to_sale_ratio": null,
            "price_fair": 0,
            "eps_avg_yearly": 0,
            "eps_latest_yearly": 0,
            "eps_growth_yearly": 0
        },
        "20084": {
            "year_quarter": 20084,
            "year": 2008,
            "quarter": 4,
            "eps": null,
            "eps_growth_year": null,
            "eps_4q": null,
            "eps_4q_growth_year": null,
            "roe": null,
            "roe_4q": 0,
            "gross_profit": null,
            "gross_margin": null,
            "gross_margin_4q_avg": 0,
            "net_income": null,
            "revenue": null,
            "common_shares": 69880178,
            "book_valuer_per_share": null,
            "book_valuer_per_share_4q_avg": 0,
            "equity": 81688013,
            "current_ratio": null,
            "debt_ratio": null,
            "inventory_turnover_ratio": null,
            "account_receivable_turnover_ratio": null,
            "reinvestment_rate": null,
            "research_to_sale_ratio": null,
            "price_fair": 0,
            "eps_avg_yearly": 0,
            "eps_latest_yearly": 0,
            "eps_growth_yearly": 0
        },
        "20091": {
            "year_quarter": 20091,
            "year": 2009,
            "quarter": 1,
            "eps": null,
            "eps_growth_year": null,
            "eps_4q": null,
            "eps_4q_growth_year": null,
            "roe": null,
            "roe_4q": 0,
            "gross_profit": null,
            "gross_margin": null,
            "gross_margin_4q_avg": 0,
            "net_income": 567317,
            "revenue": 5480538,
            "common_shares": 69880178,
            "book_valuer_per_share": null,
            "book_valuer_per_share_4q_avg": 0,
            "equity": 82359857,
            "current_ratio": null,
            "debt_ratio": null,
            "inventory_turnover_ratio": null,
            "account_receivable_turnover_ratio": null,
            "reinvestment_rate": null,
            "research_to_sale_ratio": null,
            "price_fair": 0,
            "eps_avg_yearly": 0,
            "eps_latest_yearly": 0,
            "eps_growth_yearly": 0
        },
        "20092": {
            "year_quarter": 20092,
            "year": 2009,
            "quarter": 2,
            "eps": null,
            "eps_growth_year": null,
            "eps_4q": null,
            "eps_4q_growth_year": null,
            "roe": null,
            "roe_4q": 0,
            "gross_profit": null,
            "gross_margin": null,
            "gross_margin_4q_avg": 0,
            "net_income": -1088732,
            "revenue": 4968124,
            "common_shares": 69880178,
            "book_valuer_per_share": null,
            "book_valuer_per_share_4q_avg": 0,
            "equity": 81317372,
            "current_ratio": null,
            "debt_ratio": null,
            "inventory_turnover_ratio": null,
            "account_receivable_turnover_ratio": null,
            "reinvestment_rate": null,
            "research_to_sale_ratio": null,
            "price_fair": 0,
            "eps_avg_yearly": 0,
            "eps_latest_yearly": 0,
            "eps_growth_yearly": 0
        },
        "20093": {
            "year_quarter": 20093,
            "year": 2009,
            "quarter": 3,
            "eps": null,
            "eps_growth_year": null,
            "eps_4q": null,
            "eps_4q_growth_year": null,
            "roe": null,
            "roe_4q": 0,
            "gross_profit": null,
            "gross_margin": null,
            "gross_margin_4q_avg": 0,
            "net_income": 1451130,
            "revenue": 6798566,
            "common_shares": 69911511,
            "book_valuer_per_share": null,
            "book_valuer_per_share_4q_avg": 0,
            "equity": 82856581,
            "current_ratio": null,
            "debt_ratio": null,
            "inventory_turnover_ratio": null,
            "account_receivable_turnover_ratio": null,
            "reinvestment_rate": null,
            "research_to_sale_ratio": null,
            "price_fair": 0,
            "eps_avg_yearly": 0,
            "eps_latest_yearly": 0,
            "eps_growth_yearly": 0
        },
        "20094": {
            "year_quarter": 20094,
            "year": 2009,
            "quarter": 4,
            "eps": null,
            "eps_growth_year": null,
            "eps_4q": null,
            "eps_4q_growth_year": null,
            "roe": null,
            "roe_4q": 0,
            "gross_profit": null,
            "gross_margin": null,
            "gross_margin_4q_avg": 0,
            "net_income": -26274,
            "revenue": 5656977,
            "common_shares": 69965051,
            "book_valuer_per_share": 11.84,
            "book_valuer_per_share_4q_avg": 2.96,
            "equity": 82863003,
            "current_ratio": null,
            "debt_ratio": 92.65,
            "inventory_turnover_ratio": null,
            "account_receivable_turnover_ratio": null,
            "reinvestment_rate": null,
            "research_to_sale_ratio": null,
            "price_fair": 0,
            "eps_avg_yearly": 0,
            "eps_latest_yearly": 0,
            "eps_growth_yearly": 0
        },
        "20101": {
            "year_quarter": 20101,
            "year": 2010,
            "quarter": 1,
            "eps": 0.14,
            "eps_growth_year": null,
            "eps_4q": 0.14,
            "eps_4q_growth_year": null,
            "roe": 1.17,
            "roe_4q": 1.17,
            "gross_profit": null,
            "gross_margin": null,
            "gross_margin_4q_avg": 0,
            "net_income": 979799,
            "revenue": 5844226,
            "common_shares": 70000930,
            "book_valuer_per_share": 11.99,
            "book_valuer_per_share_4q_avg": 5.96,
            "equity": 83985582,
            "current_ratio": null,
            "debt_ratio": 92.65,
            "inventory_turnover_ratio": null,
            "account_receivable_turnover_ratio": null,
            "reinvestment_rate": null,
            "research_to_sale_ratio": null,
            "price_fair": 0,
            "eps_avg_yearly": 0,
            "eps_latest_yearly": 0,
            "eps_growth_yearly": 0
        },
        "20102": {
            "year_quarter": 20102,
            "year": 2010,
            "quarter": 2,
            "eps": 0.12,
            "eps_growth_year": null,
            "eps_4q": 0.26,
            "eps_4q_growth_year": null,
            "roe": 0.97,
            "roe_4q": 2.1399999999999997,
            "gross_profit": null,
            "gross_margin": null,
            "gross_margin_4q_avg": 0,
            "net_income": 816160,
            "revenue": 6206993,
            "common_shares": 70000930,
            "book_valuer_per_share": 12,
            "book_valuer_per_share_4q_avg": 8.96,
            "equity": 84038439,
            "current_ratio": null,
            "debt_ratio": 92.82,
            "inventory_turnover_ratio": null,
            "account_receivable_turnover_ratio": null,
            "reinvestment_rate": null,
            "research_to_sale_ratio": null,
            "price_fair": 1.44,
            "eps_avg_yearly": 0.48,
            "eps_latest_yearly": 0.48,
            "eps_growth_yearly": -57.14
        },
        "20103": {
            "year_quarter": 20103,
            "year": 2010,
            "quarter": 3,
            "eps": 0.31,
            "eps_growth_year": null,
            "eps_4q": 0.57,
            "eps_4q_growth_year": null,
            "roe": 2.54,
            "roe_4q": 4.68,
            "gross_profit": null,
            "gross_margin": null,
            "gross_margin_4q_avg": 0,
            "net_income": 2164958,
            "revenue": 7318620,
            "common_shares": 70017671,
            "book_valuer_per_share": 12.31,
            "book_valuer_per_share_4q_avg": 12.04,
            "equity": 86265933,
            "current_ratio": null,
            "debt_ratio": 92.77,
            "inventory_turnover_ratio": null,
            "account_receivable_turnover_ratio": null,
            "reinvestment_rate": null,
            "research_to_sale_ratio": null,
            "price_fair": 30.1,
            "eps_avg_yearly": 0.86,
            "eps_latest_yearly": 1.24,
            "eps_growth_yearly": 288.1
        },
        "20104": {
            "year_quarter": 20104,
            "year": 2010,
            "quarter": 4,
            "eps": 0.16,
            "eps_growth_year": null,
            "eps_4q": 0.73,
            "eps_4q_growth_year": null,
            "roe": 1.33,
            "roe_4q": 6.01,
            "gross_profit": null,
            "gross_margin": null,
            "gross_margin_4q_avg": 0,
            "net_income": 1148419,
            "revenue": 6647402,
            "common_shares": 70098167,
            "book_valuer_per_share": 12.37,
            "book_valuer_per_share_4q_avg": 12.17,
            "equity": 86744989,
            "current_ratio": null,
            "debt_ratio": 92.95,
            "inventory_turnover_ratio": null,
            "account_receivable_turnover_ratio": null,
            "reinvestment_rate": null,
            "research_to_sale_ratio": null,
            "price_fair": 27.53,
            "eps_avg_yearly": 0.79,
            "eps_latest_yearly": 0.64,
            "eps_growth_yearly": 127.55
        },
        "20111": {
            "year_quarter": 20111,
            "year": 2011,
            "quarter": 1,
            "eps": 0.21,
            "eps_growth_year": 50,
            "eps_4q": 0.8,
            "eps_4q_growth_year": 473.23,
            "roe": 1.7,
            "roe_4q": 6.54,
            "gross_profit": null,
            "gross_margin": null,
            "gross_margin_4q_avg": 0,
            "net_income": 1493448,
            "revenue": 6198602,
            "common_shares": 70098167,
            "book_valuer_per_share": 12.64,
            "book_valuer_per_share_4q_avg": 12.33,
            "equity": 88627380,
            "current_ratio": null,
            "debt_ratio": 92.85,
            "inventory_turnover_ratio": null,
            "account_receivable_turnover_ratio": null,
            "reinvestment_rate": null,
            "research_to_sale_ratio": null,
            "price_fair": 28,
            "eps_avg_yearly": 0.8,
            "eps_latest_yearly": 0.84,
            "eps_growth_yearly": 126.91
        },
        "20112": {
            "year_quarter": 20112,
            "year": 2011,
            "quarter": 2,
            "eps": 0.25,
            "eps_growth_year": 115.53,
            "eps_4q": 0.91,
            "eps_4q_growth_year": 254.27,
            "roe": 2.06,
            "roe_4q": 7.63,
            "gross_profit": null,
            "gross_margin": null,
            "gross_margin_4q_avg": 0,
            "net_income": 1836860,
            "revenue": 6283017,
            "common_shares": 70098167,
            "book_valuer_per_share": 12.75,
            "book_valuer_per_share_4q_avg": 12.52,
            "equity": 89343763,
            "current_ratio": null,
            "debt_ratio": 92.91,
            "inventory_turnover_ratio": null,
            "account_receivable_turnover_ratio": null,
            "reinvestment_rate": null,
            "research_to_sale_ratio": null,
            "price_fair": 29.4,
            "eps_avg_yearly": 0.84,
            "eps_latest_yearly": 1,
            "eps_growth_yearly": 116.77
        },
        "20113": {
            "year_quarter": 20113,
            "year": 2011,
            "quarter": 3,
            "eps": 0.11,
            "eps_growth_year": -64.94,
            "eps_4q": 0.72,
            "eps_4q_growth_year": 27.57,
            "roe": 0.88,
            "roe_4q": 5.97,
            "gross_profit": null,
            "gross_margin": null,
            "gross_margin_4q_avg": 0,
            "net_income": 791621,
            "revenue": 5988742,
            "common_shares": 73112388,
            "book_valuer_per_share": 12.36,
            "book_valuer_per_share_4q_avg": 12.53,
            "equity": 90387386,
            "current_ratio": null,
            "debt_ratio": 92.96,
            "inventory_turnover_ratio": null,
            "account_receivable_turnover_ratio": null,
            "reinvestment_rate": null,
            "research_to_sale_ratio": null,
            "price_fair": 27.07,
            "eps_avg_yearly": 0.77,
            "eps_latest_yearly": 0.44,
            "eps_growth_yearly": 59.97
        },
        "20114": {
            "year_quarter": 20114,
            "year": 2011,
            "quarter": 4,
            "eps": -0.14,
            "eps_growth_year": -187.91,
            "eps_4q": 0.42,
            "eps_4q_growth_year": -42.41,
            "roe": -1.17,
            "roe_4q": 3.4699999999999998,
            "gross_profit": null,
            "gross_margin": null,
            "gross_margin_4q_avg": 0,
            "net_income": -1052989,
            "revenue": 5963853,
            "common_shares": 73112388,
            "book_valuer_per_share": 12.32,
            "book_valuer_per_share_4q_avg": 12.52,
            "equity": 90089357,
            "current_ratio": null,
            "debt_ratio": 93.07,
            "inventory_turnover_ratio": null,
            "account_receivable_turnover_ratio": null,
            "reinvestment_rate": null,
            "research_to_sale_ratio": null,
            "price_fair": 27.07,
            "eps_avg_yearly": 0.77,
            "eps_latest_yearly": 0.44,
            "eps_growth_yearly": 59.97
        },
        "20121": {
            "year_quarter": 20121,
            "year": 2012,
            "quarter": 1,
            "eps": 0.37,
            "eps_growth_year": 76.19,
            "eps_4q": 0.59,
            "eps_4q_growth_year": -27.03,
            "roe": 2.96,
            "roe_4q": 4.73,
            "gross_profit": null,
            "gross_margin": null,
            "gross_margin_4q_avg": 0,
            "net_income": 2704016,
            "revenue": 7586348,
            "common_shares": 73112388,
            "book_valuer_per_share": 12.69,
            "book_valuer_per_share_4q_avg": 12.53,
            "equity": 92793734,
            "current_ratio": null,
            "debt_ratio": 92.84,
            "inventory_turnover_ratio": null,
            "account_receivable_turnover_ratio": null,
            "reinvestment_rate": null,
            "research_to_sale_ratio": null,
            "price_fair": 27.07,
            "eps_avg_yearly": 0.77,
            "eps_latest_yearly": 0.44,
            "eps_growth_yearly": 59.97
        },
        "20122": {
            "year_quarter": 20122,
            "year": 2012,
            "quarter": 2,
            "eps": 0.29,
            "eps_growth_year": 13.77,
            "eps_4q": 0.61,
            "eps_4q_growth_year": -32.9,
            "roe": 2.31,
            "roe_4q": 4.9799999999999995,
            "gross_profit": null,
            "gross_margin": null,
            "gross_margin_4q_avg": 0,
            "net_income": 2155843,
            "revenue": 6938820,
            "common_shares": 73112388,
            "book_valuer_per_share": 12.85,
            "book_valuer_per_share_4q_avg": 12.56,
            "equity": 93975249,
            "current_ratio": null,
            "debt_ratio": 92.9,
            "inventory_turnover_ratio": null,
            "account_receivable_turnover_ratio": null,
            "reinvestment_rate": null,
            "research_to_sale_ratio": null,
            "price_fair": 29,
            "eps_avg_yearly": 0.83,
            "eps_latest_yearly": 1.16,
            "eps_growth_yearly": 39.05
        },
        "20123": {
            "year_quarter": 20123,
            "year": 2012,
            "quarter": 3,
            "eps": 0.34,
            "eps_growth_year": 216.2,
            "eps_4q": 0.85,
            "eps_4q_growth_year": 17.48,
            "roe": 2.71,
            "roe_4q": 6.81,
            "gross_profit": null,
            "gross_margin": null,
            "gross_margin_4q_avg": 0,
            "net_income": 2583308,
            "revenue": 7285337,
            "common_shares": 75422739,
            "book_valuer_per_share": 12.81,
            "book_valuer_per_share_4q_avg": 12.67,
            "equity": 96591130,
            "current_ratio": null,
            "debt_ratio": 92.74,
            "inventory_turnover_ratio": null,
            "account_receivable_turnover_ratio": null,
            "reinvestment_rate": null,
            "research_to_sale_ratio": null,
            "price_fair": 31.33,
            "eps_avg_yearly": 0.9,
            "eps_latest_yearly": 1.36,
            "eps_growth_yearly": 42.79
        },
        "20124": {
            "year_quarter": 20124,
            "year": 2012,
            "quarter": 4,
            "eps": 0.28,
            "eps_growth_year": null,
            "eps_4q": 1.26,
            "eps_4q_growth_year": 200.41,
            "roe": 2.15,
            "roe_4q": 10.129999999999999,
            "gross_profit": null,
            "gross_margin": null,
            "gross_margin_4q_avg": 0,
            "net_income": 2100276,
            "revenue": 6698219,
            "common_shares": 75422739,
            "book_valuer_per_share": 13.08,
            "book_valuer_per_share_4q_avg": 12.86,
            "equity": 98676236,
            "current_ratio": null,
            "debt_ratio": 92.73,
            "inventory_turnover_ratio": null,
            "account_receivable_turnover_ratio": null,
            "reinvestment_rate": 65.07,
            "research_to_sale_ratio": null,
            "price_fair": 32.2,
            "eps_avg_yearly": 0.92,
            "eps_latest_yearly": 1.12,
            "eps_growth_yearly": 30.19
        },
        "20131": {
            "year_quarter": 20131,
            "year": 2013,
            "quarter": 1,
            "eps": 0.38,
            "eps_growth_year": 2.7,
            "eps_4q": 1.28,
            "eps_4q_growth_year": 119.25,
            "roe": 2.87,
            "roe_4q": 10.04,
            "gross_profit": null,
            "gross_margin": null,
            "gross_margin_4q_avg": 0,
            "net_income": 2873171,
            "revenue": 7866687,
            "common_shares": 75682739,
            "book_valuer_per_share": 13.41,
            "book_valuer_per_share_4q_avg": 13.04,
            "equity": 101512769,
            "current_ratio": null,
            "debt_ratio": 92.72,
            "inventory_turnover_ratio": null,
            "account_receivable_turnover_ratio": null,
            "reinvestment_rate": 68.01,
            "research_to_sale_ratio": null,
            "price_fair": 34.3,
            "eps_avg_yearly": 0.98,
            "eps_latest_yearly": 1.52,
            "eps_growth_yearly": 41.46
        },
        "20132": {
            "year_quarter": 20132,
            "year": 2013,
            "quarter": 2,
            "eps": 0.37,
            "eps_growth_year": 29.44,
            "eps_4q": 1.29,
            "eps_4q_growth_year": 110.91,
            "roe": 2.95,
            "roe_4q": 10.68,
            "gross_profit": null,
            "gross_margin": null,
            "gross_margin_4q_avg": 0,
            "net_income": 2997581,
            "revenue": 8135125,
            "common_shares": 76022739,
            "book_valuer_per_share": 13.39,
            "book_valuer_per_share_4q_avg": 13.17,
            "equity": 101824355,
            "current_ratio": null,
            "debt_ratio": 92.86,
            "inventory_turnover_ratio": null,
            "account_receivable_turnover_ratio": null,
            "reinvestment_rate": 56.56,
            "research_to_sale_ratio": null,
            "price_fair": 35.89,
            "eps_avg_yearly": 1.03,
            "eps_latest_yearly": 1.48,
            "eps_growth_yearly": 36.73
        },
        "20133": {
            "year_quarter": 20133,
            "year": 2013,
            "quarter": 3,
            "eps": 0.3,
            "eps_growth_year": -12.37,
            "eps_4q": 1.27,
            "eps_4q_growth_year": 50.1,
            "roe": 2.38,
            "roe_4q": 10.35,
            "gross_profit": null,
            "gross_margin": null,
            "gross_margin_4q_avg": 0,
            "net_income": 2462412,
            "revenue": 8210213,
            "common_shares": 82077358,
            "book_valuer_per_share": 12.83,
            "book_valuer_per_share_4q_avg": 13.18,
            "equity": 105393430,
            "current_ratio": null,
            "debt_ratio": 92.62,
            "inventory_turnover_ratio": null,
            "account_receivable_turnover_ratio": null,
            "reinvestment_rate": 54.25,
            "research_to_sale_ratio": null,
            "price_fair": 36.4,
            "eps_avg_yearly": 1.04,
            "eps_latest_yearly": 1.2,
            "eps_growth_yearly": 27.36
        },
        "20134": {
            "year_quarter": 20134,
            "year": 2013,
            "quarter": 4,
            "eps": 0.3,
            "eps_growth_year": 7.91,
            "eps_4q": 1.31,
            "eps_4q_growth_year": 4.26,
            "roe": 2.3,
            "roe_4q": 10.5,
            "gross_profit": null,
            "gross_margin": null,
            "gross_margin_4q_avg": 0,
            "net_income": 2457704,
            "revenue": 8719817,
            "common_shares": 82077358,
            "book_valuer_per_share": 13.21,
            "book_valuer_per_share_4q_avg": 13.21,
            "equity": 108506899,
            "current_ratio": null,
            "debt_ratio": 92.6,
            "inventory_turnover_ratio": null,
            "account_receivable_turnover_ratio": null,
            "reinvestment_rate": 7.41,
            "research_to_sale_ratio": null,
            "price_fair": 36.83,
            "eps_avg_yearly": 1.05,
            "eps_latest_yearly": 1.2,
            "eps_growth_yearly": 25.26
        },
        "20141": {
            "year_quarter": 20141,
            "year": 2014,
            "quarter": 1,
            "eps": 0.36,
            "eps_growth_year": -5.26,
            "eps_4q": 1.32,
            "eps_4q_growth_year": 3.23,
            "roe": 2.69,
            "roe_4q": 10.32,
            "gross_profit": null,
            "gross_margin": null,
            "gross_margin_4q_avg": 0,
            "net_income": 2955266,
            "revenue": 9344919,
            "common_shares": 82077358,
            "book_valuer_per_share": 13.56,
            "book_valuer_per_share_4q_avg": 13.25,
            "equity": 111389871,
            "current_ratio": null,
            "debt_ratio": 92.8,
            "inventory_turnover_ratio": null,
            "account_receivable_turnover_ratio": null,
            "reinvestment_rate": 8.46,
            "research_to_sale_ratio": null,
            "price_fair": 37.8,
            "eps_avg_yearly": 1.08,
            "eps_latest_yearly": 1.44,
            "eps_growth_yearly": 29.17
        },
        "20142": {
            "year_quarter": 20142,
            "year": 2014,
            "quarter": 2,
            "eps": 0.52,
            "eps_growth_year": 40.54,
            "eps_4q": 1.37,
            "eps_4q_growth_year": 6.25,
            "roe": 3.79,
            "roe_4q": 11.16,
            "gross_profit": null,
            "gross_margin": null,
            "gross_margin_4q_avg": 0,
            "net_income": 4244976,
            "revenue": 12320867,
            "common_shares": 82077358,
            "book_valuer_per_share": 13.73,
            "book_valuer_per_share_4q_avg": 13.33,
            "equity": 112717603,
            "current_ratio": null,
            "debt_ratio": 92.6,
            "inventory_turnover_ratio": null,
            "account_receivable_turnover_ratio": null,
            "reinvestment_rate": 7.36,
            "research_to_sale_ratio": null,
            "price_fair": 41.8,
            "eps_avg_yearly": 1.19,
            "eps_latest_yearly": 2.08,
            "eps_growth_yearly": 45.95
        },
        "20143": {
            "year_quarter": 20143,
            "year": 2014,
            "quarter": 3,
            "eps": 0.46,
            "eps_growth_year": 53.33,
            "eps_4q": 1.55,
            "eps_4q_growth_year": 21.92,
            "roe": 3.57,
            "roe_4q": 12.349999999999998,
            "gross_profit": null,
            "gross_margin": null,
            "gross_margin_4q_avg": 0,
            "net_income": 4089852,
            "revenue": 8747664,
            "common_shares": 88709209,
            "book_valuer_per_share": 13.15,
            "book_valuer_per_share_4q_avg": 13.41,
            "equity": 116675470,
            "current_ratio": null,
            "debt_ratio": 92.27,
            "inventory_turnover_ratio": null,
            "account_receivable_turnover_ratio": null,
            "reinvestment_rate": 6.91,
            "research_to_sale_ratio": null,
            "price_fair": 3.71,
            "eps_avg_yearly": 1.24,
            "eps_latest_yearly": 1.84,
            "eps_growth_yearly": -2.58
        },
        "20144": {
            "year_quarter": 20144,
            "year": 2014,
            "quarter": 4,
            "eps": 0.18,
            "eps_growth_year": -40.08,
            "eps_4q": 1.37,
            "eps_4q_growth_year": 4.32,
            "roe": 1.4,
            "roe_4q": 11.45,
            "gross_profit": null,
            "gross_margin": null,
            "gross_margin_4q_avg": 0,
            "net_income": 1699164,
            "revenue": 8079947,
            "common_shares": 94709209,
            "book_valuer_per_share": 13.26,
            "book_valuer_per_share_4q_avg": 13.43,
            "equity": 125608507,
            "current_ratio": null,
            "debt_ratio": 91.89,
            "inventory_turnover_ratio": null,
            "account_receivable_turnover_ratio": null,
            "reinvestment_rate": 6.98,
            "research_to_sale_ratio": null,
            "price_fair": 3.73,
            "eps_avg_yearly": 1.24,
            "eps_latest_yearly": 0.72,
            "eps_growth_yearly": -6.15
        },
        "20151": {
            "year_quarter": 20151,
            "year": 2015,
            "quarter": 1,
            "eps": 0.38,
            "eps_growth_year": 5.56,
            "eps_4q": 1.44,
            "eps_4q_growth_year": 8.91,
            "roe": 2.86,
            "roe_4q": 11.620000000000001,
            "gross_profit": null,
            "gross_margin": null,
            "gross_margin_4q_avg": 0,
            "net_income": 3630448,
            "revenue": 8354922,
            "common_shares": 94709209,
            "book_valuer_per_share": 13.57,
            "book_valuer_per_share_4q_avg": 13.43,
            "equity": 128580454,
            "current_ratio": null,
            "debt_ratio": 91.77,
            "inventory_turnover_ratio": null,
            "account_receivable_turnover_ratio": null,
            "reinvestment_rate": 6.56,
            "research_to_sale_ratio": null,
            "price_fair": 34.44,
            "eps_avg_yearly": 1.29,
            "eps_latest_yearly": 1.52,
            "eps_growth_yearly": 16.67
        },
        "20152": {
            "year_quarter": 20152,
            "year": 2015,
            "quarter": 2,
            "eps": 0.29,
            "eps_growth_year": -44.23,
            "eps_4q": 1.21,
            "eps_4q_growth_year": -11.22,
            "roe": 2.29,
            "roe_4q": 10.120000000000001,
            "gross_profit": null,
            "gross_margin": null,
            "gross_margin_4q_avg": 0,
            "net_income": 2914560,
            "revenue": 8258840,
            "common_shares": 94709209,
            "book_valuer_per_share": 13.32,
            "book_valuer_per_share_4q_avg": 13.33,
            "equity": 126228702,
            "current_ratio": null,
            "debt_ratio": 91.85,
            "inventory_turnover_ratio": null,
            "account_receivable_turnover_ratio": null,
            "reinvestment_rate": 5.84,
            "research_to_sale_ratio": null,
            "price_fair": 18.84,
            "eps_avg_yearly": 1.3,
            "eps_latest_yearly": 1.16,
            "eps_growth_yearly": 4.46
        },
        "20153": {
            "year_quarter": 20153,
            "year": 2015,
            "quarter": 3,
            "eps": 0.24,
            "eps_growth_year": -47.83,
            "eps_4q": 1.05,
            "eps_4q_growth_year": -32.01,
            "roe": 1.93,
            "roe_4q": 8.48,
            "gross_profit": null,
            "gross_margin": null,
            "gross_margin_4q_avg": 0,
            "net_income": 2469562,
            "revenue": 7792282,
            "common_shares": 101679807,
            "book_valuer_per_share": 12.77,
            "book_valuer_per_share_4q_avg": 13.23,
            "equity": 129895746,
            "current_ratio": null,
            "debt_ratio": 91.87,
            "inventory_turnover_ratio": null,
            "account_receivable_turnover_ratio": null,
            "reinvestment_rate": 5.64,
            "research_to_sale_ratio": null,
            "price_fair": 34.21,
            "eps_avg_yearly": 1.34,
            "eps_latest_yearly": 0.96,
            "eps_growth_yearly": 15.53
        },
        "20154": {
            "year_quarter": 20154,
            "year": 2015,
            "quarter": 4,
            "eps": 0.18,
            "eps_growth_year": 0.99,
            "eps_4q": 1.07,
            "eps_4q_growth_year": -22.15,
            "roe": 1.41,
            "roe_4q": 8.49,
            "gross_profit": null,
            "gross_margin": null,
            "gross_margin_4q_avg": 0,
            "net_income": 1841872,
            "revenue": 8160297,
            "common_shares": 101679807,
            "book_valuer_per_share": 12.95,
            "book_valuer_per_share_4q_avg": 13.15,
            "equity": 131714827,
            "current_ratio": null,
            "debt_ratio": 91.7,
            "inventory_turnover_ratio": null,
            "account_receivable_turnover_ratio": null,
            "reinvestment_rate": 2.41,
            "research_to_sale_ratio": null,
            "price_fair": 23.15,
            "eps_avg_yearly": 1.3,
            "eps_latest_yearly": 0.72,
            "eps_growth_yearly": 7.83
        },
        "20161": {
            "year_quarter": 20161,
            "year": 2016,
            "quarter": 1,
            "eps": 0.27,
            "eps_growth_year": -28.95,
            "eps_4q": 0.98,
            "eps_4q_growth_year": -32.17,
            "roe": 2.05,
            "roe_4q": 7.68,
            "gross_profit": null,
            "gross_margin": null,
            "gross_margin_4q_avg": 0,
            "net_income": 2724369,
            "revenue": 8043181,
            "common_shares": 101679807,
            "book_valuer_per_share": 13.16,
            "book_valuer_per_share_4q_avg": 13.05,
            "equity": 133831742,
            "current_ratio": null,
            "debt_ratio": 91.64,
            "inventory_turnover_ratio": null,
            "account_receivable_turnover_ratio": null,
            "reinvestment_rate": 2.04,
            "research_to_sale_ratio": null,
            "price_fair": 38.34,
            "eps_avg_yearly": 1.29,
            "eps_latest_yearly": 1.08,
            "eps_growth_yearly": 19.84
        },
        "20162": {
            "year_quarter": 20162,
            "year": 2016,
            "quarter": 2,
            "eps": 0.21,
            "eps_growth_year": -27.59,
            "eps_4q": 0.87,
            "eps_4q_growth_year": -28.23,
            "roe": 1.7,
            "roe_4q": 7.09,
            "gross_profit": null,
            "gross_margin": null,
            "gross_margin_4q_avg": 0,
            "net_income": 2257938,
            "revenue": 7620430,
            "common_shares": 101679807,
            "book_valuer_per_share": 12.97,
            "book_valuer_per_share_4q_avg": 12.96,
            "equity": 131985356,
            "current_ratio": null,
            "debt_ratio": 91.79,
            "inventory_turnover_ratio": null,
            "account_receivable_turnover_ratio": null,
            "reinvestment_rate": 1.95,
            "research_to_sale_ratio": null,
            "price_fair": 37.56,
            "eps_avg_yearly": 1.27,
            "eps_latest_yearly": 0.84,
            "eps_growth_yearly": 19.69
        },
        "20163": {
            "year_quarter": 20163,
            "year": 2016,
            "quarter": 3,
            "eps": 0.19,
            "eps_growth_year": -20.83,
            "eps_4q": 0.83,
            "eps_4q_growth_year": -21.47,
            "roe": 1.51,
            "roe_4q": 6.67,
            "gross_profit": null,
            "gross_margin": null,
            "gross_margin_4q_avg": 0,
            "net_income": 2007166,
            "revenue": 7921405,
            "common_shares": 106763797,
            "book_valuer_per_share": 12.51,
            "book_valuer_per_share_4q_avg": 12.9,
            "equity": 133568767,
            "current_ratio": null,
            "debt_ratio": 91.81,
            "inventory_turnover_ratio": null,
            "account_receivable_turnover_ratio": null,
            "reinvestment_rate": 1.58,
            "research_to_sale_ratio": null,
            "price_fair": 28.23,
            "eps_avg_yearly": 1.23,
            "eps_latest_yearly": 0.76,
            "eps_growth_yearly": 13
        },
        "20164": {
            "year_quarter": 20164,
            "year": 2016,
            "quarter": 4,
            "eps": 0.12,
            "eps_growth_year": -33.21,
            "eps_4q": 0.78,
            "eps_4q_growth_year": -27.34,
            "roe": 0.97,
            "roe_4q": 6.2299999999999995,
            "gross_profit": null,
            "gross_margin": null,
            "gross_margin_4q_avg": 0,
            "net_income": 1292075,
            "revenue": 7235171,
            "common_shares": 106763797,
            "book_valuer_per_share": 12.54,
            "book_valuer_per_share_4q_avg": 12.8,
            "equity": 133897953,
            "current_ratio": null,
            "debt_ratio": 92.02,
            "inventory_turnover_ratio": null,
            "account_receivable_turnover_ratio": null,
            "reinvestment_rate": 2.01,
            "research_to_sale_ratio": null,
            "price_fair": 21.61,
            "eps_avg_yearly": 1.19,
            "eps_latest_yearly": 0.48,
            "eps_growth_yearly": 8.2
        },
        "20171": {
            "year_quarter": 20171,
            "year": 2017,
            "quarter": 1,
            "eps": 0.22,
            "eps_growth_year": -18.52,
            "eps_4q": 0.74,
            "eps_4q_growth_year": -24.17,
            "roe": 1.76,
            "roe_4q": 5.94,
            "gross_profit": null,
            "gross_margin": null,
            "gross_margin_4q_avg": 0,
            "net_income": 2363849,
            "revenue": 8101547,
            "common_shares": 106763797,
            "book_valuer_per_share": 12.66,
            "book_valuer_per_share_4q_avg": 12.67,
            "equity": 135244467,
            "current_ratio": null,
            "debt_ratio": 91.94,
            "inventory_turnover_ratio": null,
            "account_receivable_turnover_ratio": null,
            "reinvestment_rate": -3.16,
            "research_to_sale_ratio": null,
            "price_fair": 34.54,
            "eps_avg_yearly": 1.15,
            "eps_latest_yearly": 0.88,
            "eps_growth_yearly": 20.1
        },
        "20172": {
            "year_quarter": 20172,
            "year": 2017,
            "quarter": 2,
            "eps": 0.18,
            "eps_growth_year": -14.29,
            "eps_4q": 0.69,
            "eps_4q_growth_year": -20.73,
            "roe": 1.46,
            "roe_4q": 5.699999999999999,
            "gross_profit": null,
            "gross_margin": null,
            "gross_margin_4q_avg": 0,
            "net_income": 1960555,
            "revenue": 8599698,
            "common_shares": 106763797,
            "book_valuer_per_share": 12.55,
            "book_valuer_per_share_4q_avg": 12.57,
            "equity": 133969695,
            "current_ratio": null,
            "debt_ratio": 92.01,
            "inventory_turnover_ratio": null,
            "account_receivable_turnover_ratio": null,
            "reinvestment_rate": -3.09,
            "research_to_sale_ratio": null,
            "price_fair": 28.84,
            "eps_avg_yearly": 1.1,
            "eps_latest_yearly": 0.72,
            "eps_growth_yearly": 16.22
        },
        "20173": {
            "year_quarter": 20173,
            "year": 2017,
            "quarter": 3,
            "eps": 0.23,
            "eps_growth_year": 21.05,
            "eps_4q": 0.74,
            "eps_4q_growth_year": -11.03,
            "roe": 1.86,
            "roe_4q": 6.05,
            "gross_profit": null,
            "gross_margin": null,
            "gross_margin_4q_avg": 0,
            "net_income": 2516433,
            "revenue": 7803438,
            "common_shares": 110500530,
            "book_valuer_per_share": 12.37,
            "book_valuer_per_share_4q_avg": 12.53,
            "equity": 136711401,
            "current_ratio": null,
            "debt_ratio": 91.6,
            "inventory_turnover_ratio": null,
            "account_receivable_turnover_ratio": null,
            "reinvestment_rate": -3.34,
            "research_to_sale_ratio": null,
            "price_fair": 37.89,
            "eps_avg_yearly": 1.08,
            "eps_latest_yearly": 0.92,
            "eps_growth_yearly": 27.89
        },
        "20174": {
            "year_quarter": 20174,
            "year": 2017,
            "quarter": 4,
            "eps": 0.2,
            "eps_growth_year": 67.77,
            "eps_4q": 0.82,
            "eps_4q_growth_year": 5.98,
            "roe": 1.63,
            "roe_4q": 6.71,
            "gross_profit": null,
            "gross_margin": null,
            "gross_margin_4q_avg": 0,
            "net_income": 2243582,
            "revenue": 8001268,
            "common_shares": 110500530,
            "book_valuer_per_share": 12.51,
            "book_valuer_per_share_4q_avg": 12.52,
            "equity": 138259703,
            "current_ratio": null,
            "debt_ratio": 91.35,
            "inventory_turnover_ratio": null,
            "account_receivable_turnover_ratio": null,
            "reinvestment_rate": -3.33,
            "research_to_sale_ratio": null,
            "price_fair": 36.62,
            "eps_avg_yearly": 1.06,
            "eps_latest_yearly": 0.8,
            "eps_growth_yearly": 24.63
        },
        "20181": {
            "year_quarter": 20181,
            "year": 2018,
            "quarter": 1,
            "eps": 0.24,
            "eps_growth_year": 9.09,
            "eps_4q": 0.85,
            "eps_4q_growth_year": 14.13,
            "roe": 1.89,
            "roe_4q": 6.84,
            "gross_profit": null,
            "gross_margin": null,
            "gross_margin_4q_avg": 0,
            "net_income": 2639324,
            "revenue": 8132469,
            "common_shares": 110500530,
            "book_valuer_per_share": 12.77,
            "book_valuer_per_share_4q_avg": 12.55,
            "equity": 141125472,
            "current_ratio": null,
            "debt_ratio": 91.31,
            "inventory_turnover_ratio": null,
            "account_receivable_turnover_ratio": null,
            "reinvestment_rate": -3.45,
            "research_to_sale_ratio": null,
            "price_fair": 35.58,
            "eps_avg_yearly": 1.03,
            "eps_latest_yearly": 0.96,
            "eps_growth_yearly": 24.63
        },
        "20182": {
            "year_quarter": 20182,
            "year": 2018,
            "quarter": 2,
            "eps": 0.19,
            "eps_growth_year": 5.56,
            "eps_4q": 0.84,
            "eps_4q_growth_year": 22.39,
            "roe": 1.52,
            "roe_4q": 6.9,
            "gross_profit": null,
            "gross_margin": null,
            "gross_margin_4q_avg": 0,
            "net_income": 2120166,
            "revenue": 8066082,
            "common_shares": 110500530,
            "book_valuer_per_share": 12.5,
            "book_valuer_per_share_4q_avg": 12.54,
            "equity": 138110991,
            "current_ratio": null,
            "debt_ratio": 91.45,
            "inventory_turnover_ratio": null,
            "account_receivable_turnover_ratio": null,
            "reinvestment_rate": -3.44,
            "research_to_sale_ratio": null,
            "price_fair": 17.3,
            "eps_avg_yearly": 0.95,
            "eps_latest_yearly": 0.76,
            "eps_growth_yearly": 8.31
        },
        "20183": {
            "year_quarter": 20183,
            "year": 2018,
            "quarter": 3,
            "eps": 0.28,
            "eps_growth_year": 21.74,
            "eps_4q": 0.9,
            "eps_4q_growth_year": 22.52,
            "roe": 2.27,
            "roe_4q": 7.31,
            "gross_profit": null,
            "gross_margin": null,
            "gross_margin_4q_avg": 0,
            "net_income": 3161943,
            "revenue": 8889849,
            "common_shares": 112710541,
            "book_valuer_per_share": 12.49,
            "book_valuer_per_share_4q_avg": 12.57,
            "equity": 140774009,
            "current_ratio": null,
            "debt_ratio": 91.25,
            "inventory_turnover_ratio": null,
            "account_receivable_turnover_ratio": null,
            "reinvestment_rate": -3.36,
            "research_to_sale_ratio": null,
            "price_fair": 29.73,
            "eps_avg_yearly": 0.9,
            "eps_latest_yearly": 1.12,
            "eps_growth_yearly": 23.04
        },
        "20184": {
            "year_quarter": 20184,
            "year": 2018,
            "quarter": 4,
            "eps": 0.13,
            "eps_growth_year": -34.15,
            "eps_4q": 0.84,
            "eps_4q_growth_year": 1.74,
            "roe": 1.07,
            "roe_4q": 6.749999999999999,
            "gross_profit": null,
            "gross_margin": null,
            "gross_margin_4q_avg": 0,
            "net_income": 1506892,
            "revenue": 7024556,
            "common_shares": 112710541,
            "book_valuer_per_share": 12.58,
            "book_valuer_per_share_4q_avg": 12.59,
            "equity": 141821397,
            "current_ratio": null,
            "debt_ratio": 91.16,
            "inventory_turnover_ratio": null,
            "account_receivable_turnover_ratio": null,
            "reinvestment_rate": -3.24,
            "research_to_sale_ratio": null,
            "price_fair": 30.94,
            "eps_avg_yearly": 0.89,
            "eps_latest_yearly": 0.52,
            "eps_growth_yearly": 24.86
        },
        "20191": {
            "year_quarter": 20191,
            "year": 2019,
            "quarter": 1,
            "eps": 0.33,
            "eps_growth_year": 37.5,
            "eps_4q": 0.94,
            "eps_4q_growth_year": 10.45,
            "roe": 2.6,
            "roe_4q": 7.459999999999999,
            "gross_profit": null,
            "gross_margin": null,
            "gross_margin_4q_avg": 0,
            "net_income": 3755077,
            "revenue": 9785426,
            "common_shares": 112710541,
            "book_valuer_per_share": 13.02,
            "book_valuer_per_share_4q_avg": 12.65,
            "equity": 146734527,
            "current_ratio": null,
            "debt_ratio": 91.41,
            "inventory_turnover_ratio": null,
            "account_receivable_turnover_ratio": null,
            "reinvestment_rate": -2.98,
            "research_to_sale_ratio": null,
            "price_fair": 30.63,
            "eps_avg_yearly": 0.88,
            "eps_latest_yearly": 1.32,
            "eps_growth_yearly": 35.55
        },
        "20192": {
            "year_quarter": 20192,
            "year": 2019,
            "quarter": 2,
            "eps": 0.25,
            "eps_growth_year": 31.58,
            "eps_4q": 1,
            "eps_4q_growth_year": 17.88,
            "roe": 1.93,
            "roe_4q": 7.870000000000001,
            "gross_profit": null,
            "gross_margin": null,
            "gross_margin_4q_avg": 0,
            "net_income": 2797946,
            "revenue": 9000032,
            "common_shares": 112710541,
            "book_valuer_per_share": 12.69,
            "book_valuer_per_share_4q_avg": 12.7,
            "equity": 143062655,
            "current_ratio": null,
            "debt_ratio": 91.95,
            "inventory_turnover_ratio": null,
            "account_receivable_turnover_ratio": null,
            "reinvestment_rate": -2.44,
            "research_to_sale_ratio": null,
            "price_fair": 30.28,
            "eps_avg_yearly": 0.87,
            "eps_latest_yearly": 1,
            "eps_growth_yearly": 35.41
        },
        "20193": {
            "year_quarter": 20193,
            "year": 2019,
            "quarter": 3,
            "eps": 0.26,
            "eps_growth_year": -7.14,
            "eps_4q": 0.98,
            "eps_4q_growth_year": 8.41,
            "roe": 2.05,
            "roe_4q": 7.65,
            "gross_profit": null,
            "gross_margin": null,
            "gross_margin_4q_avg": 0,
            "net_income": 2960329,
            "revenue": 9139977,
            "common_shares": 112710541,
            "book_valuer_per_share": 12.93,
            "book_valuer_per_share_4q_avg": 12.81,
            "equity": 145775440,
            "current_ratio": null,
            "debt_ratio": 92.01,
            "inventory_turnover_ratio": null,
            "account_receivable_turnover_ratio": null,
            "reinvestment_rate": -2.29,
            "research_to_sale_ratio": null,
            "price_fair": 30.45,
            "eps_avg_yearly": 0.87,
            "eps_latest_yearly": 1.04,
            "eps_growth_yearly": 40.72
        },
        "20194": {
            "year_quarter": 20194,
            "year": 2019,
            "quarter": 4,
            "eps": 0.26,
            "eps_growth_year": 96.67,
            "eps_4q": 1.11,
            "eps_4q_growth_year": 32.33,
            "roe": 2.02,
            "roe_4q": 8.6,
            "gross_profit": null,
            "gross_margin": null,
            "gross_margin_4q_avg": 0,
            "net_income": 2963637,
            "revenue": 8404448,
            "common_shares": 112710541,
            "book_valuer_per_share": 13.16,
            "book_valuer_per_share_4q_avg": 12.95,
            "equity": 148365764,
            "current_ratio": null,
            "debt_ratio": 91.91,
            "inventory_turnover_ratio": null,
            "account_receivable_turnover_ratio": null,
            "reinvestment_rate": -0.24,
            "research_to_sale_ratio": null,
            "price_fair": 31.15,
            "eps_avg_yearly": 0.89,
            "eps_latest_yearly": 1.04,
            "eps_growth_yearly": 46.97
        },
        "20201": {
            "year_quarter": 20201,
            "year": 2020,
            "quarter": 1,
            "eps": 0.21,
            "eps_growth_year": -36.36,
            "eps_4q": 0.98,
            "eps_4q_growth_year": 5.05,
            "roe": 1.6,
            "roe_4q": 7.6,
            "gross_profit": null,
            "gross_margin": null,
            "gross_margin_4q_avg": 0,
            "net_income": 2354354,
            "revenue": 8782690,
            "common_shares": 112710541,
            "book_valuer_per_share": 12.95,
            "book_valuer_per_share_4q_avg": 12.93,
            "equity": 145974363,
            "current_ratio": null,
            "debt_ratio": 92.38,
            "inventory_turnover_ratio": null,
            "account_receivable_turnover_ratio": null,
            "reinvestment_rate": 0.18,
            "research_to_sale_ratio": null,
            "price_fair": 30.63,
            "eps_avg_yearly": 0.88,
            "eps_latest_yearly": 0.84,
            "eps_growth_yearly": 29.66
        },
        "20202": {
            "year_quarter": 20202,
            "year": 2020,
            "quarter": 2,
            "eps": 0.29,
            "eps_growth_year": 16,
            "eps_4q": 1.03,
            "eps_4q_growth_year": 3.12,
            "roe": 2.25,
            "roe_4q": 7.92,
            "gross_profit": null,
            "gross_margin": null,
            "gross_margin_4q_avg": 0,
            "net_income": 3293275,
            "revenue": 9787755,
            "common_shares": 112710541,
            "book_valuer_per_share": 12.98,
            "book_valuer_per_share_4q_avg": 13.01,
            "equity": 146292220,
            "current_ratio": null,
            "debt_ratio": 92.62,
            "inventory_turnover_ratio": null,
            "account_receivable_turnover_ratio": null,
            "reinvestment_rate": 0.63,
            "research_to_sale_ratio": null,
            "price_fair": 31.33,
            "eps_avg_yearly": 0.9,
            "eps_latest_yearly": 1.16,
            "eps_growth_yearly": 44.74
        },
        "20203": {
            "year_quarter": 20203,
            "year": 2020,
            "quarter": 3,
            "eps": 0.32,
            "eps_growth_year": 23.08,
            "eps_4q": 1.08,
            "eps_4q_growth_year": 10.7,
            "roe": 2.42,
            "roe_4q": 8.29,
            "gross_profit": null,
            "gross_margin": null,
            "gross_margin_4q_avg": 0,
            "net_income": 3588461,
            "revenue": 10807112,
            "common_shares": 112710541,
            "book_valuer_per_share": 13.38,
            "book_valuer_per_share_4q_avg": 13.12,
            "equity": 150776993,
            "current_ratio": null,
            "debt_ratio": 92.59,
            "inventory_turnover_ratio": null,
            "account_receivable_turnover_ratio": null,
            "reinvestment_rate": 1.01,
            "research_to_sale_ratio": null,
            "price_fair": 32.46,
            "eps_avg_yearly": 0.93,
            "eps_latest_yearly": 1.28,
            "eps_growth_yearly": 49.71
        },
        "20204": {
            "year_quarter": 20204,
            "year": 2020,
            "quarter": 4,
            "eps": 0.27,
            "eps_growth_year": 1.4,
            "eps_4q": 1.09,
            "eps_4q_growth_year": -1.89,
            "roe": 1.96,
            "roe_4q": 8.23,
            "gross_profit": null,
            "gross_margin": null,
            "gross_margin_4q_avg": 0,
            "net_income": 3005264,
            "revenue": 9613196,
            "common_shares": 112710541,
            "book_valuer_per_share": 13.83,
            "book_valuer_per_share_4q_avg": 13.29,
            "equity": 155869732,
            "current_ratio": null,
            "debt_ratio": 92.73,
            "inventory_turnover_ratio": null,
            "account_receivable_turnover_ratio": null,
            "reinvestment_rate": 1.9,
            "research_to_sale_ratio": null,
            "price_fair": 33.78,
            "eps_avg_yearly": 0.97,
            "eps_latest_yearly": 1.08,
            "eps_growth_yearly": 55.01
        },
        "20211": {
            "year_quarter": 20211,
            "year": 2021,
            "quarter": 1,
            "eps": 0.39,
            "eps_growth_year": 85.71,
            "eps_4q": 1.27,
            "eps_4q_growth_year": 29.09,
            "roe": 2.8,
            "roe_4q": 9.43,
            "gross_profit": null,
            "gross_margin": null,
            "gross_margin_4q_avg": 0,
            "net_income": 4411003,
            "revenue": 11749216,
            "common_shares": 112710541,
            "book_valuer_per_share": 14.09,
            "book_valuer_per_share_4q_avg": 13.57,
            "equity": 158784387,
            "current_ratio": null,
            "debt_ratio": 92.83,
            "inventory_turnover_ratio": null,
            "account_receivable_turnover_ratio": null,
            "reinvestment_rate": 1.82,
            "research_to_sale_ratio": null,
            "price_fair": 35.26,
            "eps_avg_yearly": 1.01,
            "eps_latest_yearly": 1.56,
            "eps_growth_yearly": 45.29
        },
        "20212": {
            "year_quarter": 20212,
            "year": 2021,
            "quarter": 2,
            "eps": 0.37,
            "eps_growth_year": 27.59,
            "eps_4q": 1.35,
            "eps_4q_growth_year": 31.2,
            "roe": 2.59,
            "roe_4q": 9.77,
            "gross_profit": null,
            "gross_margin": null,
            "gross_margin_4q_avg": 0,
            "net_income": 4177006,
            "revenue": 11154145,
            "common_shares": 112710541,
            "book_valuer_per_share": 14.56,
            "book_valuer_per_share_4q_avg": 13.97,
            "equity": 164132305,
            "current_ratio": null,
            "debt_ratio": 92.81,
            "inventory_turnover_ratio": null,
            "account_receivable_turnover_ratio": null,
            "reinvestment_rate": 1.97,
            "research_to_sale_ratio": null,
            "price_fair": 36.93,
            "eps_avg_yearly": 1.06,
            "eps_latest_yearly": 1.48,
            "eps_growth_yearly": 48.55
        },
        "20213": {
            "year_quarter": 20213,
            "year": 2021,
            "quarter": 3,
            "eps": 0.37,
            "eps_growth_year": 15.62,
            "eps_4q": 1.4,
            "eps_4q_growth_year": 29.51,
            "roe": 2.6,
            "roe_4q": 9.95,
            "gross_profit": null,
            "gross_margin": null,
            "gross_margin_4q_avg": 0,
            "net_income": 4206107,
            "revenue": 12243980,
            "common_shares": 112710541,
            "book_valuer_per_share": 14.16,
            "book_valuer_per_share_4q_avg": 14.16,
            "equity": 159646258,
            "current_ratio": null,
            "debt_ratio": 92.96,
            "inventory_turnover_ratio": null,
            "account_receivable_turnover_ratio": null,
            "reinvestment_rate": 2.44,
            "research_to_sale_ratio": null,
            "price_fair": 38.15,
            "eps_avg_yearly": 1.09,
            "eps_latest_yearly": 1.48,
            "eps_growth_yearly": 41.61
        },
        "20214": {
            "year_quarter": 20214,
            "year": 2021,
            "quarter": 4,
            "eps": 0.3,
            "eps_growth_year": 13.7,
            "eps_4q": 1.44,
            "eps_4q_growth_year": 32.43,
            "roe": 2.12,
            "roe_4q": 10.11,
            "gross_profit": null,
            "gross_margin": null,
            "gross_margin_4q_avg": 0,
            "net_income": 3416889,
            "revenue": 10555901,
            "common_shares": 112710541,
            "book_valuer_per_share": 14.44,
            "book_valuer_per_share_4q_avg": 14.31,
            "equity": 162803852,
            "current_ratio": null,
            "debt_ratio": 93.17,
            "inventory_turnover_ratio": null,
            "account_receivable_turnover_ratio": null,
            "reinvestment_rate": 2.9,
            "research_to_sale_ratio": null,
            "price_fair": 39.03,
            "eps_avg_yearly": 1.12,
            "eps_latest_yearly": 1.2,
            "eps_growth_yearly": 40.14
        },
        "20221": {
            "year_quarter": 20221,
            "year": 2022,
            "quarter": 1,
            "eps": 0.39,
            "eps_growth_year": 0,
            "eps_4q": 1.44,
            "eps_4q_growth_year": 13.37,
            "roe": 2.7,
            "roe_4q": 10.01,
            "gross_profit": null,
            "gross_margin": null,
            "gross_margin_4q_avg": 0,
            "net_income": 4408960,
            "revenue": 12510080,
            "common_shares": 112710541,
            "book_valuer_per_share": 14.49,
            "book_valuer_per_share_4q_avg": 14.41,
            "equity": 163345407,
            "current_ratio": null,
            "debt_ratio": 93.26,
            "inventory_turnover_ratio": null,
            "account_receivable_turnover_ratio": null,
            "reinvestment_rate": 2.24,
            "research_to_sale_ratio": null,
            "price_fair": 40.34,
            "eps_avg_yearly": 1.15,
            "eps_latest_yearly": 1.56,
            "eps_growth_yearly": 42.64
        },
        "20222": {
            "year_quarter": 20222,
            "year": 2022,
            "quarter": 2,
            "eps": 0.34,
            "eps_growth_year": -8.11,
            "eps_4q": 1.39,
            "eps_4q_growth_year": 3.37,
            "roe": 2.45,
            "roe_4q": 9.870000000000001,
            "gross_profit": null,
            "gross_margin": null,
            "gross_margin_4q_avg": 0,
            "net_income": 3818867,
            "revenue": 11597711,
            "common_shares": 112710541,
            "book_valuer_per_share": 13.15,
            "book_valuer_per_share_4q_avg": 14.06,
            "equity": 148223247,
            "current_ratio": null,
            "debt_ratio": 93.79,
            "inventory_turnover_ratio": null,
            "account_receivable_turnover_ratio": null,
            "reinvestment_rate": 2.28,
            "research_to_sale_ratio": null,
            "price_fair": 41.65,
            "eps_avg_yearly": 1.19,
            "eps_latest_yearly": 1.36,
            "eps_growth_yearly": 44.64
        },
        "20223": {
            "year_quarter": 20223,
            "year": 2022,
            "quarter": 3,
            "eps": 0.41,
            "eps_growth_year": 10.81,
            "eps_4q": 1.44,
            "eps_4q_growth_year": 2.48,
            "roe": 3.18,
            "roe_4q": 10.450000000000003,
            "gross_profit": null,
            "gross_margin": null,
            "gross_margin_4q_avg": 0,
            "net_income": 4708097,
            "revenue": 12928309,
            "common_shares": 113837646,
            "book_valuer_per_share": 12.97,
            "book_valuer_per_share_4q_avg": 13.76,
            "equity": 147697581,
            "current_ratio": null,
            "debt_ratio": 94.11,
            "inventory_turnover_ratio": null,
            "account_receivable_turnover_ratio": null,
            "reinvestment_rate": 2.33,
            "research_to_sale_ratio": null,
            "price_fair": 42.79,
            "eps_avg_yearly": 1.22,
            "eps_latest_yearly": 1.64,
            "eps_growth_yearly": 37.95
        },
        "20224": {
            "year_quarter": 20224,
            "year": 2022,
            "quarter": 4,
            "eps": 0.27,
            "eps_growth_year": -12.34,
            "eps_4q": 1.4,
            "eps_4q_growth_year": -2.52,
            "roe": 2.01,
            "roe_4q": 10.34,
            "gross_profit": null,
            "gross_margin": null,
            "gross_margin_4q_avg": 0,
            "net_income": 3025076,
            "revenue": 10209656,
            "common_shares": 113837646,
            "book_valuer_per_share": 13.53,
            "book_valuer_per_share_4q_avg": 13.54,
            "equity": 154018737,
            "current_ratio": null,
            "debt_ratio": 94.05,
            "inventory_turnover_ratio": null,
            "account_receivable_turnover_ratio": null,
            "reinvestment_rate": 2.18,
            "research_to_sale_ratio": null,
            "price_fair": 44.01,
            "eps_avg_yearly": 1.26,
            "eps_latest_yearly": 1.08,
            "eps_growth_yearly": 42.8
        },
        "20231": {
            "year_quarter": 20231,
            "year": 2023,
            "quarter": 1,
            "eps": 0.41,
            "eps_growth_year": 5.13,
            "eps_4q": 1.34,
            "eps_4q_growth_year": -6.58,
            "roe": 2.9,
            "roe_4q": 10.54,
            "gross_profit": null,
            "gross_margin": null,
            "gross_margin_4q_avg": 0,
            "net_income": 4748557,
            "revenue": 12818114,
            "common_shares": 121337646,
            "book_valuer_per_share": 14.32,
            "book_valuer_per_share_4q_avg": 13.49,
            "equity": 173761135,
            "current_ratio": null,
            "debt_ratio": 93.53,
            "inventory_turnover_ratio": null,
            "account_receivable_turnover_ratio": null,
            "reinvestment_rate": 2.09,
            "research_to_sale_ratio": null,
            "price_fair": 34.88,
            "eps_avg_yearly": 1.28,
            "eps_latest_yearly": 1.64,
            "eps_growth_yearly": 17.3
        }
    },
    "months": {
        "2002-05": {
            "month": "2002-05",
            "price": "15.62",
            "revenue": 203064
        },
        "2002-06": {
            "month": "2002-06",
            "price": "15.03",
            "revenue": 261110
        },
        "2002-07": {
            "month": "2002-07",
            "price": "14.36",
            "revenue": 279563
        },
        "2002-08": {
            "month": "2002-08",
            "price": "14.77",
            "revenue": 350182
        },
        "2002-09": {
            "month": "2002-09",
            "price": "14.32",
            "revenue": 189068
        },
        "2002-10": {
            "month": "2002-10",
            "price": "14.15",
            "revenue": 276064
        },
        "2002-11": {
            "month": "2002-11",
            "price": "14.33",
            "revenue": 314609
        },
        "2002-12": {
            "month": "2002-12",
            "price": "14.04",
            "revenue": 86331
        },
        "2003-01": {
            "month": "2003-01",
            "price": "14.79",
            "revenue": 404908
        },
        "2003-02": {
            "month": "2003-02",
            "price": "13.87",
            "revenue": 176669
        },
        "2003-03": {
            "month": "2003-03",
            "price": "12.92",
            "revenue": 152050
        },
        "2003-04": {
            "month": "2003-04",
            "price": "12.39",
            "revenue": 163802
        },
        "2003-05": {
            "month": "2003-05",
            "price": "11.83",
            "revenue": 348491
        },
        "2003-06": {
            "month": "2003-06",
            "price": "12.72",
            "revenue": 755776
        },
        "2003-07": {
            "month": "2003-07",
            "price": "12.72",
            "revenue": 681790
        },
        "2003-08": {
            "month": "2003-08",
            "price": "12.45",
            "revenue": 568169
        },
        "2003-09": {
            "month": "2003-09",
            "price": "14.62",
            "revenue": 536575
        },
        "2003-10": {
            "month": "2003-10",
            "price": "17.91",
            "revenue": 524384
        },
        "2003-11": {
            "month": "2003-11",
            "price": "18.35",
            "revenue": 340516
        },
        "2003-12": {
            "month": "2003-12",
            "price": "18.22",
            "revenue": 249137
        },
        "2004-01": {
            "month": "2004-01",
            "price": "17.41",
            "revenue": 550376
        },
        "2004-02": {
            "month": "2004-02",
            "price": "18.20",
            "revenue": 621047
        },
        "2004-03": {
            "month": "2004-03",
            "price": "18.60",
            "revenue": 596616
        },
        "2004-04": {
            "month": "2004-04",
            "price": "18.53",
            "revenue": 796472
        },
        "2004-05": {
            "month": "2004-05",
            "price": "17.34",
            "revenue": 578210
        },
        "2004-06": {
            "month": "2004-06",
            "price": "17.31",
            "revenue": -29742
        },
        "2004-07": {
            "month": "2004-07",
            "price": "17.17",
            "revenue": 402639
        },
        "2004-08": {
            "month": "2004-08",
            "price": "16.42",
            "revenue": 353536
        },
        "2004-09": {
            "month": "2004-09",
            "price": "17.47",
            "revenue": 307399
        },
        "2004-10": {
            "month": "2004-10",
            "price": "18.54",
            "revenue": 284430
        },
        "2004-11": {
            "month": "2004-11",
            "price": "18.49",
            "revenue": 346136
        },
        "2004-12": {
            "month": "2004-12",
            "price": "18.17",
            "revenue": 183460
        },
        "2005-01": {
            "month": "2005-01",
            "price": "18.40",
            "revenue": 295163
        },
        "2005-02": {
            "month": "2005-02",
            "price": "18.74",
            "revenue": 323364
        },
        "2005-03": {
            "month": "2005-03",
            "price": "18.48",
            "revenue": 453848
        },
        "2005-04": {
            "month": "2005-04",
            "price": "17.02",
            "revenue": 191554
        },
        "2005-05": {
            "month": "2005-05",
            "price": "16.80",
            "revenue": 261144
        },
        "2005-06": {
            "month": "2005-06",
            "price": "16.01",
            "revenue": 547926
        },
        "2005-07": {
            "month": "2005-07",
            "price": "16.14",
            "revenue": 619494
        },
        "2005-08": {
            "month": "2005-08",
            "price": "15.69",
            "revenue": 567450
        },
        "2005-09": {
            "month": "2005-09",
            "price": "15.53",
            "revenue": 360527
        },
        "2005-10": {
            "month": "2005-10",
            "price": "14.41",
            "revenue": 264420
        },
        "2005-11": {
            "month": "2005-11",
            "price": "14.86",
            "revenue": 333829
        },
        "2005-12": {
            "month": "2005-12",
            "price": "16.40",
            "revenue": -711253
        },
        "2006-01": {
            "month": "2006-01",
            "price": "16.42",
            "revenue": 1042452
        },
        "2006-02": {
            "month": "2006-02",
            "price": "17.21",
            "revenue": 722437
        },
        "2006-03": {
            "month": "2006-03",
            "price": "15.99",
            "revenue": 210488
        },
        "2006-04": {
            "month": "2006-04",
            "price": "16.94",
            "revenue": 840168
        },
        "2006-05": {
            "month": "2006-05",
            "price": "16.62",
            "revenue": 555770
        },
        "2006-06": {
            "month": "2006-06",
            "price": "15.79",
            "revenue": -891750
        },
        "2006-07": {
            "month": "2006-07",
            "price": "15.71",
            "revenue": 365558
        },
        "2006-08": {
            "month": "2006-08",
            "price": "15.19",
            "revenue": 848484
        },
        "2006-09": {
            "month": "2006-09",
            "price": "15.07",
            "revenue": 775748
        },
        "2006-10": {
            "month": "2006-10",
            "price": "16.35",
            "revenue": 519063
        },
        "2006-11": {
            "month": "2006-11",
            "price": "17.19",
            "revenue": -2453302
        },
        "2006-12": {
            "month": "2006-12",
            "price": "17.17",
            "revenue": 464032
        },
        "2007-01": {
            "month": "2007-01",
            "price": "17.05",
            "revenue": 710048
        },
        "2007-02": {
            "month": "2007-02",
            "price": "16.80",
            "revenue": 837336
        },
        "2007-03": {
            "month": "2007-03",
            "price": "15.39",
            "revenue": 628445
        },
        "2007-04": {
            "month": "2007-04",
            "price": "14.99",
            "revenue": 527612
        },
        "2007-05": {
            "month": "2007-05",
            "price": "14.53",
            "revenue": 1142697
        },
        "2007-06": {
            "month": "2007-06",
            "price": "15.08",
            "revenue": 914962
        },
        "2007-07": {
            "month": "2007-07",
            "price": "17.15",
            "revenue": 1360389
        },
        "2007-08": {
            "month": "2007-08",
            "price": "15.36",
            "revenue": 90321
        },
        "2007-09": {
            "month": "2007-09",
            "price": "14.88",
            "revenue": 475596
        },
        "2007-10": {
            "month": "2007-10",
            "price": "15.42",
            "revenue": -855827
        },
        "2007-11": {
            "month": "2007-11",
            "price": "13.48",
            "revenue": -591237
        },
        "2007-12": {
            "month": "2007-12",
            "price": "12.19",
            "revenue": -2186302
        },
        "2008-01": {
            "month": "2008-01",
            "price": "12.47",
            "revenue": -145406
        },
        "2008-02": {
            "month": "2008-02",
            "price": "12.43",
            "revenue": 351194
        },
        "2008-03": {
            "month": "2008-03",
            "price": "13.84",
            "revenue": -2594701
        },
        "2008-04": {
            "month": "2008-04",
            "price": "14.77",
            "revenue": 856249
        },
        "2008-05": {
            "month": "2008-05",
            "price": "14.46",
            "revenue": 432971
        },
        "2008-06": {
            "month": "2008-06",
            "price": "13.75",
            "revenue": -517229
        },
        "2008-07": {
            "month": "2008-07",
            "price": "12.49",
            "revenue": 96340
        },
        "2008-08": {
            "month": "2008-08",
            "price": "11.41",
            "revenue": -52604
        },
        "2008-09": {
            "month": "2008-09",
            "price": "9.73",
            "revenue": -679270
        },
        "2008-10": {
            "month": "2008-10",
            "price": "6.76",
            "revenue": -500639
        },
        "2008-11": {
            "month": "2008-11",
            "price": "6.48",
            "revenue": 79588
        },
        "2008-12": {
            "month": "2008-12",
            "price": "7.01",
            "revenue": -1161242
        },
        "2009-01": {
            "month": "2009-01",
            "price": "6.34",
            "revenue": 226890
        },
        "2009-02": {
            "month": "2009-02",
            "price": "5.59",
            "revenue": 206399
        },
        "2009-03": {
            "month": "2009-03",
            "price": "6.16",
            "revenue": 196501
        },
        "2009-04": {
            "month": "2009-04",
            "price": "8.25",
            "revenue": 147582
        },
        "2009-05": {
            "month": "2009-05",
            "price": "10.02",
            "revenue": 130740
        },
        "2009-06": {
            "month": "2009-06",
            "price": "10.66",
            "revenue": -1113679
        },
        "2009-07": {
            "month": "2009-07",
            "price": "11.35",
            "revenue": 459811
        },
        "2009-08": {
            "month": "2009-08",
            "price": "10.23",
            "revenue": 451373
        },
        "2009-09": {
            "month": "2009-09",
            "price": "11.86",
            "revenue": 626517
        },
        "2009-10": {
            "month": "2009-10",
            "price": "13.15",
            "revenue": 465189
        },
        "2009-11": {
            "month": "2009-11",
            "price": "12.34",
            "revenue": 1176754
        },
        "2009-12": {
            "month": "2009-12",
            "price": "12.09",
            "revenue": -1498859
        },
        "2010-01": {
            "month": "2010-01",
            "price": "11.88",
            "revenue": 44843
        },
        "2010-02": {
            "month": "2010-02",
            "price": "10.21",
            "revenue": 269891
        },
        "2010-03": {
            "month": "2010-03",
            "price": "10.72",
            "revenue": 726421
        },
        "2010-04": {
            "month": "2010-04",
            "price": "11.10",
            "revenue": 692794
        },
        "2010-05": {
            "month": "2010-05",
            "price": "10.05",
            "revenue": 33398
        },
        "2010-06": {
            "month": "2010-06",
            "price": "9.88",
            "revenue": 203173
        },
        "2010-07": {
            "month": "2010-07",
            "price": "10.62",
            "revenue": 823452
        },
        "2010-08": {
            "month": "2010-08",
            "price": "11.65",
            "revenue": 484427
        },
        "2010-09": {
            "month": "2010-09",
            "price": "11.59",
            "revenue": 903004
        },
        "2010-10": {
            "month": "2010-10",
            "price": "11.73",
            "revenue": 483641
        },
        "2010-11": {
            "month": "2010-11",
            "price": "11.40",
            "revenue": 357778
        },
        "2010-12": {
            "month": "2010-12",
            "price": "12.27",
            "revenue": 312064
        },
        "2011-01": {
            "month": "2011-01",
            "price": "13.54",
            "revenue": 623608
        },
        "2011-02": {
            "month": "2011-02",
            "price": "12.74",
            "revenue": 440619
        },
        "2011-03": {
            "month": "2011-03",
            "price": "12.95",
            "revenue": 515118
        },
        "2011-04": {
            "month": "2011-04",
            "price": "13.62",
            "revenue": 994515
        },
        "2011-05": {
            "month": "2011-05",
            "price": "13.52",
            "revenue": 795072
        },
        "2011-06": {
            "month": "2011-06",
            "price": "12.54",
            "revenue": 177722
        },
        "2011-07": {
            "month": "2011-07",
            "price": "12.39",
            "revenue": 749081
        },
        "2011-08": {
            "month": "2011-08",
            "price": "11.09",
            "revenue": 52175
        },
        "2011-09": {
            "month": "2011-09",
            "price": "10.20",
            "revenue": 67483
        },
        "2011-10": {
            "month": "2011-10",
            "price": "9.47",
            "revenue": 121419
        },
        "2011-11": {
            "month": "2011-11",
            "price": "8.95",
            "revenue": 113289
        },
        "2011-12": {
            "month": "2011-12",
            "price": "8.87",
            "revenue": -1350265
        },
        "2012-01": {
            "month": "2012-01",
            "price": "8.93",
            "revenue": 970859
        },
        "2012-02": {
            "month": "2012-02",
            "price": "10.30",
            "revenue": 907165
        },
        "2012-03": {
            "month": "2012-03",
            "price": "10.85",
            "revenue": 898227
        },
        "2012-04": {
            "month": "2012-04",
            "price": "9.98",
            "revenue": 737849
        },
        "2012-05": {
            "month": "2012-05",
            "price": "9.93",
            "revenue": 748107
        },
        "2012-06": {
            "month": "2012-06",
            "price": "10.86",
            "revenue": 833229
        },
        "2012-07": {
            "month": "2012-07",
            "price": "11.75",
            "revenue": 885082
        },
        "2012-08": {
            "month": "2012-08",
            "price": "12.19",
            "revenue": 823862
        },
        "2012-09": {
            "month": "2012-09",
            "price": "11.97",
            "revenue": 965979
        },
        "2012-10": {
            "month": "2012-10",
            "price": "11.68",
            "revenue": 753314
        },
        "2012-11": {
            "month": "2012-11",
            "price": "11.65",
            "revenue": 714003
        },
        "2012-12": {
            "month": "2012-12",
            "price": "12.42",
            "revenue": 549248
        },
        "2013-01": {
            "month": "2013-01",
            "price": "12.71",
            "revenue": 2890446
        },
        "2013-02": {
            "month": "2013-02",
            "price": "13.52",
            "revenue": 2336286
        },
        "2013-03": {
            "month": "2013-03",
            "price": "14.06",
            "revenue": 2695289
        },
        "2013-04": {
            "month": "2013-04",
            "price": "14.39",
            "revenue": 2655033
        },
        "2013-05": {
            "month": "2013-05",
            "price": "14.90",
            "revenue": 3103468
        },
        "2013-06": {
            "month": "2013-06",
            "price": "14.27",
            "revenue": 2341091
        },
        "2013-07": {
            "month": "2013-07",
            "price": "14.68",
            "revenue": 2901512
        },
        "2013-08": {
            "month": "2013-08",
            "price": "13.99",
            "revenue": 2558089
        },
        "2013-09": {
            "month": "2013-09",
            "price": "13.53",
            "revenue": 2662127
        },
        "2013-10": {
            "month": "2013-10",
            "price": "14.44",
            "revenue": 2928537
        },
        "2013-11": {
            "month": "2013-11",
            "price": "14.49",
            "revenue": 2824448
        },
        "2013-12": {
            "month": "2013-12",
            "price": "14.51",
            "revenue": 3022096
        },
        "2014-01": {
            "month": "2014-01",
            "price": "14.47",
            "revenue": 3774916
        },
        "2014-02": {
            "month": "2014-02",
            "price": "14.36",
            "revenue": 2731487
        },
        "2014-03": {
            "month": "2014-03",
            "price": "14.45",
            "revenue": 2810404
        },
        "2014-04": {
            "month": "2014-04",
            "price": "14.10",
            "revenue": 2452973
        },
        "2014-05": {
            "month": "2014-05",
            "price": "13.24",
            "revenue": 3265422
        },
        "2014-06": {
            "month": "2014-06",
            "price": "13.38",
            "revenue": 6645523
        },
        "2014-07": {
            "month": "2014-07",
            "price": "14.01",
            "revenue": 2863907
        },
        "2014-08": {
            "month": "2014-08",
            "price": "14.20",
            "revenue": 2705921
        },
        "2014-09": {
            "month": "2014-09",
            "price": "13.57",
            "revenue": 3044665
        },
        "2014-10": {
            "month": "2014-10",
            "price": "12.96",
            "revenue": 2942120
        },
        "2014-11": {
            "month": "2014-11",
            "price": "13.04",
            "revenue": 2536057
        },
        "2014-12": {
            "month": "2014-12",
            "price": "12.80",
            "revenue": 2723064
        },
        "2015-01": {
            "month": "2015-01",
            "price": "12.82",
            "revenue": 2731691
        },
        "2015-02": {
            "month": "2015-02",
            "price": "12.92",
            "revenue": 2538942
        },
        "2015-03": {
            "month": "2015-03",
            "price": "12.73",
            "revenue": 3032383
        },
        "2015-04": {
            "month": "2015-04",
            "price": "13.36",
            "revenue": 2759455
        },
        "2015-05": {
            "month": "2015-05",
            "price": "14.04",
            "revenue": 2779089
        },
        "2015-06": {
            "month": "2015-06",
            "price": "13.70",
            "revenue": 2786067
        },
        "2015-07": {
            "month": "2015-07",
            "price": "13.50",
            "revenue": 2623452
        },
        "2015-08": {
            "month": "2015-08",
            "price": "11.44",
            "revenue": 2478996
        },
        "2015-09": {
            "month": "2015-09",
            "price": "10.74",
            "revenue": 2598809
        },
        "2015-10": {
            "month": "2015-10",
            "price": "10.86",
            "revenue": 3012580
        },
        "2015-11": {
            "month": "2015-11",
            "price": "10.45",
            "revenue": 2661305
        },
        "2015-12": {
            "month": "2015-12",
            "price": "9.54",
            "revenue": 2585329
        },
        "2016-01": {
            "month": "2016-01",
            "price": "8.57",
            "revenue": 2686327
        },
        "2016-02": {
            "month": "2016-02",
            "price": "9.05",
            "revenue": 2327313
        },
        "2016-03": {
            "month": "2016-03",
            "price": "9.64",
            "revenue": 2956951
        },
        "2016-04": {
            "month": "2016-04",
            "price": "9.71",
            "revenue": 2782291
        },
        "2016-05": {
            "month": "2016-05",
            "price": "9.28",
            "revenue": 2503164
        },
        "2016-06": {
            "month": "2016-06",
            "price": "9.55",
            "revenue": 2479091
        },
        "2016-07": {
            "month": "2016-07",
            "price": "10.00",
            "revenue": 2834576
        },
        "2016-08": {
            "month": "2016-08",
            "price": "9.75",
            "revenue": 2654616
        },
        "2016-09": {
            "month": "2016-09",
            "price": "9.30",
            "revenue": 2297351
        },
        "2016-10": {
            "month": "2016-10",
            "price": "9.21",
            "revenue": 2301877
        },
        "2016-11": {
            "month": "2016-11",
            "price": "8.98",
            "revenue": 2061616
        },
        "2016-12": {
            "month": "2016-12",
            "price": "9.11",
            "revenue": 2821138
        },
        "2017-01": {
            "month": "2017-01",
            "price": "9.14",
            "revenue": 2881367
        },
        "2017-02": {
            "month": "2017-02",
            "price": "9.42",
            "revenue": 2569258
        },
        "2017-03": {
            "month": "2017-03",
            "price": "9.36",
            "revenue": 2628563
        },
        "2017-04": {
            "month": "2017-04",
            "price": "9.28",
            "revenue": 2348094
        },
        "2017-05": {
            "month": "2017-05",
            "price": "9.28",
            "revenue": 2856380
        },
        "2017-06": {
            "month": "2017-06",
            "price": "9.16",
            "revenue": 3473067
        },
        "2017-07": {
            "month": "2017-07",
            "price": "9.44",
            "revenue": 1972201
        },
        "2017-08": {
            "month": "2017-08",
            "price": "9.47",
            "revenue": 2770156
        },
        "2017-09": {
            "month": "2017-09",
            "price": "9.41",
            "revenue": 3026187
        },
        "2017-10": {
            "month": "2017-10",
            "price": "9.22",
            "revenue": 2697913
        },
        "2017-11": {
            "month": "2017-11",
            "price": "9.30",
            "revenue": 2744987
        },
        "2017-12": {
            "month": "2017-12",
            "price": "9.52",
            "revenue": 2558085
        },
        "2018-01": {
            "month": "2018-01",
            "price": "10.00",
            "revenue": 3660405
        },
        "2018-02": {
            "month": "2018-02",
            "price": "9.90",
            "revenue": 1874946
        },
        "2018-03": {
            "month": "2018-03",
            "price": "10.35",
            "revenue": 2588830
        },
        "2018-04": {
            "month": "2018-04",
            "price": "10.53",
            "revenue": 2746914
        },
        "2018-05": {
            "month": "2018-05",
            "price": "10.74",
            "revenue": 2663303
        },
        "2018-06": {
            "month": "2018-06",
            "price": "11.19",
            "revenue": 2681323
        },
        "2018-07": {
            "month": "2018-07",
            "price": "11.13",
            "revenue": 3833911
        },
        "2018-08": {
            "month": "2018-08",
            "price": "11.17",
            "revenue": 2719222
        },
        "2018-09": {
            "month": "2018-09",
            "price": "11.12",
            "revenue": 2263606
        },
        "2018-10": {
            "month": "2018-10",
            "price": "10.49",
            "revenue": 2268772
        },
        "2018-11": {
            "month": "2018-11",
            "price": "10.61",
            "revenue": 2521982
        },
        "2018-12": {
            "month": "2018-12",
            "price": "10.31",
            "revenue": 2300555
        },
        "2019-01": {
            "month": "2019-01",
            "price": "10.34",
            "revenue": 4055469
        },
        "2019-02": {
            "month": "2019-02",
            "price": "10.62",
            "revenue": 2596705
        },
        "2019-03": {
            "month": "2019-03",
            "price": "11.01",
            "revenue": 3105586
        },
        "2019-04": {
            "month": "2019-04",
            "price": "11.64",
            "revenue": 2804741
        },
        "2019-05": {
            "month": "2019-05",
            "price": "11.95",
            "revenue": 3245190
        },
        "2019-06": {
            "month": "2019-06",
            "price": "12.63",
            "revenue": 2886160
        },
        "2019-07": {
            "month": "2019-07",
            "price": "12.70",
            "revenue": 3656539
        },
        "2019-08": {
            "month": "2019-08",
            "price": "12.15",
            "revenue": 3250645
        },
        "2019-09": {
            "month": "2019-09",
            "price": "12.33",
            "revenue": 2252377
        },
        "2019-10": {
            "month": "2019-10",
            "price": "12.36",
            "revenue": 3153541
        },
        "2019-11": {
            "month": "2019-11",
            "price": "12.79",
            "revenue": 2712613
        },
        "2019-12": {
            "month": "2019-12",
            "price": "13.04",
            "revenue": 2610143
        },
        "2020-01": {
            "month": "2020-01",
            "price": "13.10",
            "revenue": 4140388
        },
        "2020-02": {
            "month": "2020-02",
            "price": "13.08",
            "revenue": 2771129
        },
        "2020-03": {
            "month": "2020-03",
            "price": "11.45",
            "revenue": 1911147
        },
        "2020-04": {
            "month": "2020-04",
            "price": "11.50",
            "revenue": 3296553
        },
        "2020-05": {
            "month": "2020-05",
            "price": "11.68",
            "revenue": 3284046
        },
        "2020-06": {
            "month": "2020-06",
            "price": "11.54",
            "revenue": 3167196
        },
        "2020-07": {
            "month": "2020-07",
            "price": "10.88",
            "revenue": 4153212
        },
        "2020-08": {
            "month": "2020-08",
            "price": "10.88",
            "revenue": 3486240
        },
        "2020-09": {
            "month": "2020-09",
            "price": "10.84",
            "revenue": 3170790
        },
        "2020-10": {
            "month": "2020-10",
            "price": "10.80",
            "revenue": 3052721
        },
        "2020-11": {
            "month": "2020-11",
            "price": "11.16",
            "revenue": 3208118
        },
        "2020-12": {
            "month": "2020-12",
            "price": "11.19",
            "revenue": 3364577
        },
        "2021-01": {
            "month": "2021-01",
            "price": "11.32",
            "revenue": 4383117
        },
        "2021-02": {
            "month": "2021-02",
            "price": "11.48",
            "revenue": 3188253
        },
        "2021-03": {
            "month": "2021-03",
            "price": "12.20",
            "revenue": 4190714
        },
        "2021-04": {
            "month": "2021-04",
            "price": "13.03",
            "revenue": 3581133
        },
        "2021-05": {
            "month": "2021-05",
            "price": "13.31",
            "revenue": 3415773
        },
        "2021-06": {
            "month": "2021-06",
            "price": "13.65",
            "revenue": 4117704
        },
        "2021-07": {
            "month": "2021-07",
            "price": "14.08",
            "revenue": 4649607
        },
        "2021-08": {
            "month": "2021-08",
            "price": "13.86",
            "revenue": 4008782
        },
        "2021-09": {
            "month": "2021-09",
            "price": "13.99",
            "revenue": 3604781
        },
        "2021-10": {
            "month": "2021-10",
            "price": "13.94",
            "revenue": 3276786
        },
        "2021-11": {
            "month": "2021-11",
            "price": "14.72",
            "revenue": 3813522
        },
        "2021-12": {
            "month": "2021-12",
            "price": "15.75",
            "revenue": 3458391
        },
        "2022-01": {
            "month": "2022-01",
            "price": "16.54",
            "revenue": 4542091
        },
        "2022-02": {
            "month": "2022-02",
            "price": "17.35",
            "revenue": 3464425
        },
        "2022-03": {
            "month": "2022-03",
            "price": "17.30",
            "revenue": 4473021
        },
        "2022-04": {
            "month": "2022-04",
            "price": "18.54",
            "revenue": 3858249
        },
        "2022-05": {
            "month": "2022-05",
            "price": "17.50",
            "revenue": 3611435
        },
        "2022-06": {
            "month": "2022-06",
            "price": "17.15",
            "revenue": 4141309
        },
        "2022-07": {
            "month": "2022-07",
            "price": "16.22",
            "revenue": 4728509
        },
        "2022-08": {
            "month": "2022-08",
            "price": "17.18",
            "revenue": 4313423
        },
        "2022-09": {
            "month": "2022-09",
            "price": "17.60",
            "revenue": 3898356
        },
        "2022-10": {
            "month": "2022-10",
            "price": "16.49",
            "revenue": 3436145
        },
        "2022-11": {
            "month": "2022-11",
            "price": "16.89",
            "revenue": 3220328
        },
        "2022-12": {
            "month": "2022-12",
            "price": "17.29",
            "revenue": 3530111
        },
        "2023-01": {
            "month": "2023-01",
            "price": "17.23",
            "revenue": 4259606
        },
        "2023-02": {
            "month": "2023-02",
            "price": "17.30",
            "revenue": 3979488
        },
        "2023-03": {
            "month": "2023-03",
            "price": "16.67",
            "revenue": 4554641
        },
        "2023-04": {
            "month": "2023-04",
            "price": "16.70",
            "revenue": 4187641
        },
        "2023-05": {
            "month": "2023-05",
            "price": "17.15",
            "revenue": 4198973
        }
    }
}
