{
    "summary": {
        "stock_name": "中信金",
        "stock_id": "2891",
        "category": "金融",
        "main_business": "投資金融相關事業<br>經主管機關核准辦理之其他有關業務",
        "website_url": "https://www.ctbcholding.com",
        "ceo": "陳佳文",
        "pe_ratio": 12,
        "report_year_from": 2002,
        "report_year_to": 2023,
        "age": 22,
        "eps_negative_percentage": 0,
        "eps_growth_avg": {
            "last_all": 8.49,
            "last_2y": 13.42,
            "last_4y": 11.19,
            "last_8y": 3.34,
            "last_12y": 8.49,
            "last_16y": null,
            "last_20y": null,
            "at_2006_last_3y": null,
            "at_2007_last_3y": null,
            "at_2008_last_3y": null,
            "at_2009_last_3y": null,
            "at_2010_last_3y": null,
            "at_2011_last_3y": null,
            "at_2012_last_3y": null,
            "at_2013_last_3y": null,
            "at_2014_last_3y": 20.05,
            "at_2015_last_3y": 9.71,
            "at_2016_last_3y": 2.29,
            "at_2017_last_3y": 10.5,
            "at_2018_last_3y": -6.46,
            "at_2019_last_3y": 2.46,
            "at_2020_last_3y": 9.47,
            "at_2021_last_3y": 9.89,
            "at_2022_last_3y": -0.21,
            "at_2023_last_3y": 9.95,
            "at_2024_last_3y": 9.95,
            "at_2006_last_all": null,
            "at_2007_last_all": null,
            "at_2008_last_all": null,
            "at_2009_last_all": null,
            "at_2010_last_all": null,
            "at_2011_last_all": null,
            "at_2012_last_all": 11.49,
            "at_2013_last_all": 5,
            "at_2014_last_all": 20.05,
            "at_2015_last_all": 12.13,
            "at_2016_last_all": 5.36,
            "at_2017_last_all": 8.14,
            "at_2018_last_all": 6.8,
            "at_2019_last_all": 7.83,
            "at_2020_last_all": 7,
            "at_2021_last_all": 8.78,
            "at_2022_last_all": 4.46,
            "at_2023_last_all": 8.49,
            "at_2024_last_all": 8.49
        },
        "latest_eps": 2.43,
        "latest_price": 29.5,
        "latest_roe": 12.53,
        "latest_gross_margin": null,
        "latest_equity": 436338646,
        "latest_revenue": 44392978,
        "latest_gross_profit": null,
        "latest_net_income": 20096494,
        "latest_debt_ratio": 94.67,
        "latest_current_ratio": null,
        "latest_account_receivable_turnover_ratio": null,
        "latest_inventory_turnover_ratio": null,
        "latest_reinvestment_rate": -13.43,
        "latest_research_to_sale_ratio": null
    },
    "eps_dividends": {
        "2001": {
            "cash": 0,
            "stock": 0,
            "eps": 0
        },
        "2002": {
            "cash": 0,
            "stock": 0,
            "eps": 0
        },
        "2003": {
            "cash": 1,
            "stock": 1.1,
            "eps": 0
        },
        "2004": {
            "cash": 1.1,
            "stock": 0.6,
            "eps": 0
        },
        "2005": {
            "cash": 1,
            "stock": 2,
            "eps": 0
        },
        "2006": {
            "cash": 0.5,
            "stock": 1.2,
            "eps": 0
        },
        "2007": {
            "cash": 0,
            "stock": 0,
            "eps": 0
        },
        "2008": {
            "cash": 0.2,
            "stock": 0.8,
            "eps": 0
        },
        "2009": {
            "cash": 0.18,
            "stock": 0.32,
            "eps": 0
        },
        "2010": {
            "cash": 0.64,
            "stock": 0.64,
            "eps": 1.42
        },
        "2011": {
            "cash": 1.13,
            "stock": 1.6,
            "eps": 1.73
        },
        "2012": {
            "cash": 0,
            "stock": 0,
            "eps": 1.75
        },
        "2013": {
            "cash": 0.71,
            "stock": 0.7,
            "eps": 1.61
        },
        "2014": {
            "cash": 0.38,
            "stock": 0.37,
            "eps": 2.66
        },
        "2015": {
            "cash": 0.81,
            "stock": 0.81,
            "eps": 2.14
        },
        "2016": {
            "cash": 0.81,
            "stock": 0.8,
            "eps": 1.53
        },
        "2017": {
            "cash": 1,
            "stock": 0,
            "eps": 1.91
        },
        "2018": {
            "cash": 1.08,
            "stock": 0,
            "eps": 1.86
        },
        "2019": {
            "cash": 1,
            "stock": 0,
            "eps": 2.16
        },
        "2020": {
            "cash": 1,
            "stock": 0,
            "eps": 2.15
        },
        "2021": {
            "cash": 1.05,
            "stock": 0,
            "eps": 2.72
        },
        "2022": {
            "cash": 1.25,
            "stock": 0,
            "eps": 1.55
        },
        "2023": {
            "cash": 1,
            "stock": 0,
            "eps": 2.43
        }
    },
    "dividends": {
        "2003-04-17": {
            "cash": 1,
            "stock": 1.1
        },
        "2004-04-20": {
            "cash": 1.1,
            "stock": 0.6
        },
        "2005-04-28": {
            "cash": 1,
            "stock": 2
        },
        "2006-04-26": {
            "cash": 0.5,
            "stock": 1.2
        },
        "2008-04-28": {
            "cash": 0.2,
            "stock": 0.8
        },
        "2009-04-29": {
            "cash": 0.18,
            "stock": 0.32
        },
        "2010-04-28": {
            "cash": 0.64,
            "stock": 0.64
        },
        "2011-01-01": {
            "cash": 0.4,
            "stock": 0.88
        },
        "2011-04-25": {
            "cash": 0.73,
            "stock": 0.72
        },
        "2013-04-26": {
            "cash": 0.71,
            "stock": 0.7
        },
        "2014-06-20": {
            "cash": 0.38,
            "stock": 0.37
        },
        "2015-08-31": {
            "cash": 0.81,
            "stock": 0.81
        },
        "2016-08-26": {
            "cash": 0.81,
            "stock": 0.8
        },
        "2017-08-11": {
            "cash": 1,
            "stock": 0
        },
        "2018-08-03": {
            "cash": 1.08,
            "stock": 0
        },
        "2019-08-09": {
            "cash": 1,
            "stock": 0
        },
        "2020-08-07": {
            "cash": 1,
            "stock": 0
        },
        "2021-09-10": {
            "cash": 1.05,
            "stock": 0
        },
        "2022-08-12": {
            "cash": 1.25,
            "stock": 0
        },
        "2023-08-31": {
            "cash": 1,
            "stock": 0
        }
    },
    "prices": {
        "200101": "無",
        "200102": "無",
        "200103": "無",
        "200104": "無",
        "200105": "無",
        "200106": "無",
        "200107": "無",
        "200108": "無",
        "200109": "無",
        "200110": "無",
        "200111": "無",
        "200112": "無",
        "200201": "無",
        "200202": "無",
        "200203": "無",
        "200204": "無",
        "200205": "30.29",
        "200206": "30.42",
        "200207": "29.86",
        "200208": "28.65",
        "200209": "25.39",
        "200210": "25.66",
        "200211": "27.65",
        "200212": "27.18",
        "200301": "30.12",
        "200302": "28.65",
        "200303": "28.19",
        "200304": "28.18",
        "200305": "27.40",
        "200306": "27.85",
        "200307": "27.19",
        "200308": "27.44",
        "200309": "28.78",
        "200310": "32.81",
        "200311": "34.00",
        "200312": "34.41",
        "200401": "36.85",
        "200402": "39.38",
        "200403": "38.74",
        "200404": "38.43",
        "200405": "35.44",
        "200406": "36.78",
        "200407": "35.25",
        "200408": "34.90",
        "200409": "36.70",
        "200410": "37.64",
        "200411": "37.72",
        "200412": "37.35",
        "200501": "36.53",
        "200502": "36.76",
        "200503": "36.45",
        "200504": "34.82",
        "200505": "35.33",
        "200506": "34.69",
        "200507": "34.25",
        "200508": "32.96",
        "200509": "29.24",
        "200510": "27.23",
        "200511": "26.58",
        "200512": "26.31",
        "200601": "26.15",
        "200602": "27.16",
        "200603": "24.36",
        "200604": "24.76",
        "200605": "27.00",
        "200606": "26.32",
        "200607": "25.51",
        "200608": "23.07",
        "200609": "23.48",
        "200610": "25.16",
        "200611": "25.48",
        "200612": "27.32",
        "200701": "27.51",
        "200702": "27.37",
        "200703": "25.21",
        "200704": "26.24",
        "200705": "26.28",
        "200706": "25.34",
        "200707": "27.24",
        "200708": "23.71",
        "200709": "23.77",
        "200710": "24.33",
        "200711": "22.58",
        "200712": "22.49",
        "200801": "24.74",
        "200802": "27.29",
        "200803": "27.98",
        "200804": "30.85",
        "200805": "30.72",
        "200806": "29.39",
        "200807": "23.66",
        "200808": "20.77",
        "200809": "17.32",
        "200810": "12.21",
        "200811": "10.45",
        "200812": "12.93",
        "200901": "12.09",
        "200902": "10.53",
        "200903": "11.45",
        "200904": "14.91",
        "200905": "19.69",
        "200906": "20.03",
        "200907": "21.34",
        "200908": "19.32",
        "200909": "20.28",
        "200910": "21.53",
        "200911": "20.14",
        "200912": "19.41",
        "201001": "19.33",
        "201002": "16.96",
        "201003": "18.14",
        "201004": "18.00",
        "201005": "16.80",
        "201006": "17.14",
        "201007": "19.11",
        "201008": "19.57",
        "201009": "19.33",
        "201010": "19.92",
        "201011": "19.19",
        "201012": "20.11",
        "201101": "22.79",
        "201102": "23.17",
        "201103": "24.14",
        "201104": "24.66",
        "201105": "25.30",
        "201106": "24.79",
        "201107": "26.18",
        "201108": "23.75",
        "201109": "19.46",
        "201110": "18.87",
        "201111": "17.58",
        "201112": "18.02",
        "201201": "18.84",
        "201202": "19.90",
        "201203": "19.25",
        "201204": "18.06",
        "201205": "17.60",
        "201206": "16.72",
        "201207": "17.50",
        "201208": "17.93",
        "201209": "17.90",
        "201210": "16.89",
        "201211": "16.01",
        "201212": "17.44",
        "201301": "16.75",
        "201302": "17.67",
        "201303": "17.80",
        "201304": "17.87",
        "201305": "18.46",
        "201306": "18.48",
        "201307": "19.06",
        "201308": "19.11",
        "201309": "19.51",
        "201310": "19.83",
        "201311": "19.00",
        "201312": "19.67",
        "201401": "20.09",
        "201402": "19.61",
        "201403": "19.25",
        "201404": "18.95",
        "201405": "18.65",
        "201406": "19.50",
        "201407": "20.86",
        "201408": "21.20",
        "201409": "21.34",
        "201410": "20.63",
        "201411": "21.06",
        "201412": "20.36",
        "201501": "20.29",
        "201502": "20.59",
        "201503": "20.65",
        "201504": "22.41",
        "201505": "23.06",
        "201506": "23.82",
        "201507": "23.69",
        "201508": "20.08",
        "201509": "18.54",
        "201510": "17.92",
        "201511": "17.66",
        "201512": "16.86",
        "201601": "15.39",
        "201602": "15.60",
        "201603": "16.75",
        "201604": "16.37",
        "201605": "16.45",
        "201606": "16.75",
        "201607": "17.71",
        "201608": "18.22",
        "201609": "18.43",
        "201610": "17.50",
        "201611": "17.11",
        "201612": "17.72",
        "201701": "17.82",
        "201702": "18.38",
        "201703": "18.77",
        "201704": "18.61",
        "201705": "19.23",
        "201706": "19.48",
        "201707": "19.86",
        "201708": "19.40",
        "201709": "19.29",
        "201710": "19.35",
        "201711": "19.66",
        "201712": "20.33",
        "201801": "21.40",
        "201802": "20.87",
        "201803": "21.44",
        "201804": "21.32",
        "201805": "21.78",
        "201806": "22.00",
        "201807": "20.80",
        "201808": "21.30",
        "201809": "21.76",
        "201810": "21.37",
        "201811": "20.80",
        "201812": "20.12",
        "201901": "20.22",
        "201902": "20.62",
        "201903": "20.63",
        "201904": "20.52",
        "201905": "21.04",
        "201906": "21.18",
        "201907": "21.00",
        "201908": "20.21",
        "201909": "20.79",
        "201910": "20.92",
        "201911": "21.92",
        "201912": "22.22",
        "202001": "22.41",
        "202002": "22.74",
        "202003": "19.43",
        "202004": "18.88",
        "202005": "19.75",
        "202006": "20.48",
        "202007": "20.13",
        "202008": "19.26",
        "202009": "18.55",
        "202010": "18.13",
        "202011": "19.27",
        "202012": "19.40",
        "202101": "19.55",
        "202102": "19.93",
        "202103": "21.30",
        "202104": "22.44",
        "202105": "22.65",
        "202106": "22.56",
        "202107": "22.75",
        "202108": "22.46",
        "202109": "22.90",
        "202110": "23.03",
        "202111": "23.97",
        "202112": "25.66",
        "202201": "27.15",
        "202202": "28.24",
        "202203": "27.76",
        "202204": "29.59",
        "202205": "26.57",
        "202206": "26.14",
        "202207": "23.11",
        "202208": "23.62",
        "202209": "22.01",
        "202210": "20.12",
        "202211": "21.71",
        "202212": "22.39",
        "202301": "22.85",
        "202302": "22.62",
        "202303": "21.83",
        "202304": "22.24",
        "202305": "23.75",
        "202306": "24.76",
        "202307": "25.63",
        "202308": "24.23",
        "202309": "24.38",
        "202310": "24.61",
        "202311": "26.17",
        "202312": "27.72"
    },
    "quarters": {
        "20011": {
            "year_quarter": 20011,
            "year": 2001,
            "quarter": 1,
            "eps": null,
            "eps_growth_year": null,
            "eps_4q": null,
            "eps_4q_growth_year": null,
            "roe": null,
            "roe_4q": 0,
            "gross_profit": null,
            "gross_margin": null,
            "gross_margin_4q_avg": 0,
            "net_income": null,
            "net_income_4q": null,
            "revenue": null,
            "revenue_4q": null,
            "common_shares": null,
            "book_valuer_per_share": null,
            "book_valuer_per_share_4q_avg": 0,
            "equity": null,
            "current_ratio": null,
            "debt_ratio": null,
            "inventory_turnover_ratio": null,
            "account_receivable_turnover_ratio": null,
            "reinvestment_rate": null,
            "research_to_sale_ratio": null,
            "price_fair": 0,
            "eps_avg_yearly": 0,
            "eps_latest_yearly": 0,
            "eps_growth_yearly": 0
        },
        "20012": {
            "year_quarter": 20012,
            "year": 2001,
            "quarter": 2,
            "eps": null,
            "eps_growth_year": null,
            "eps_4q": null,
            "eps_4q_growth_year": null,
            "roe": null,
            "roe_4q": 0,
            "gross_profit": null,
            "gross_margin": null,
            "gross_margin_4q_avg": 0,
            "net_income": null,
            "net_income_4q": null,
            "revenue": null,
            "revenue_4q": null,
            "common_shares": null,
            "book_valuer_per_share": null,
            "book_valuer_per_share_4q_avg": 0,
            "equity": null,
            "current_ratio": null,
            "debt_ratio": null,
            "inventory_turnover_ratio": null,
            "account_receivable_turnover_ratio": null,
            "reinvestment_rate": null,
            "research_to_sale_ratio": null,
            "price_fair": 0,
            "eps_avg_yearly": 0,
            "eps_latest_yearly": 0,
            "eps_growth_yearly": 0
        },
        "20013": {
            "year_quarter": 20013,
            "year": 2001,
            "quarter": 3,
            "eps": null,
            "eps_growth_year": null,
            "eps_4q": null,
            "eps_4q_growth_year": null,
            "roe": null,
            "roe_4q": 0,
            "gross_profit": null,
            "gross_margin": null,
            "gross_margin_4q_avg": 0,
            "net_income": null,
            "net_income_4q": null,
            "revenue": null,
            "revenue_4q": null,
            "common_shares": null,
            "book_valuer_per_share": null,
            "book_valuer_per_share_4q_avg": 0,
            "equity": null,
            "current_ratio": null,
            "debt_ratio": null,
            "inventory_turnover_ratio": null,
            "account_receivable_turnover_ratio": null,
            "reinvestment_rate": null,
            "research_to_sale_ratio": null,
            "price_fair": 0,
            "eps_avg_yearly": 0,
            "eps_latest_yearly": 0,
            "eps_growth_yearly": 0
        },
        "20014": {
            "year_quarter": 20014,
            "year": 2001,
            "quarter": 4,
            "eps": null,
            "eps_growth_year": null,
            "eps_4q": null,
            "eps_4q_growth_year": null,
            "roe": null,
            "roe_4q": 0,
            "gross_profit": null,
            "gross_margin": null,
            "gross_margin_4q_avg": 0,
            "net_income": null,
            "net_income_4q": null,
            "revenue": null,
            "revenue_4q": null,
            "common_shares": null,
            "book_valuer_per_share": null,
            "book_valuer_per_share_4q_avg": 0,
            "equity": null,
            "current_ratio": null,
            "debt_ratio": null,
            "inventory_turnover_ratio": null,
            "account_receivable_turnover_ratio": null,
            "reinvestment_rate": null,
            "research_to_sale_ratio": null,
            "price_fair": 0,
            "eps_avg_yearly": 0,
            "eps_latest_yearly": 0,
            "eps_growth_yearly": 0
        },
        "20021": {
            "year_quarter": 20021,
            "year": 2002,
            "quarter": 1,
            "eps": null,
            "eps_growth_year": null,
            "eps_4q": null,
            "eps_4q_growth_year": null,
            "roe": null,
            "roe_4q": 0,
            "gross_profit": null,
            "gross_margin": null,
            "gross_margin_4q_avg": 0,
            "net_income": null,
            "net_income_4q": null,
            "revenue": null,
            "revenue_4q": null,
            "common_shares": null,
            "book_valuer_per_share": null,
            "book_valuer_per_share_4q_avg": 0,
            "equity": null,
            "current_ratio": null,
            "debt_ratio": null,
            "inventory_turnover_ratio": null,
            "account_receivable_turnover_ratio": null,
            "reinvestment_rate": null,
            "research_to_sale_ratio": null,
            "price_fair": 0,
            "eps_avg_yearly": 0,
            "eps_latest_yearly": 0,
            "eps_growth_yearly": 0
        },
        "20022": {
            "year_quarter": 20022,
            "year": 2002,
            "quarter": 2,
            "eps": null,
            "eps_growth_year": null,
            "eps_4q": null,
            "eps_4q_growth_year": null,
            "roe": null,
            "roe_4q": 0,
            "gross_profit": null,
            "gross_margin": null,
            "gross_margin_4q_avg": 0,
            "net_income": null,
            "net_income_4q": null,
            "revenue": null,
            "revenue_4q": null,
            "common_shares": null,
            "book_valuer_per_share": null,
            "book_valuer_per_share_4q_avg": 0,
            "equity": null,
            "current_ratio": null,
            "debt_ratio": null,
            "inventory_turnover_ratio": null,
            "account_receivable_turnover_ratio": null,
            "reinvestment_rate": null,
            "research_to_sale_ratio": null,
            "price_fair": 0,
            "eps_avg_yearly": 0,
            "eps_latest_yearly": 0,
            "eps_growth_yearly": 0
        },
        "20023": {
            "year_quarter": 20023,
            "year": 2002,
            "quarter": 3,
            "eps": null,
            "eps_growth_year": null,
            "eps_4q": null,
            "eps_4q_growth_year": null,
            "roe": null,
            "roe_4q": 0,
            "gross_profit": null,
            "gross_margin": null,
            "gross_margin_4q_avg": 0,
            "net_income": null,
            "net_income_4q": null,
            "revenue": null,
            "revenue_4q": null,
            "common_shares": null,
            "book_valuer_per_share": null,
            "book_valuer_per_share_4q_avg": 0,
            "equity": null,
            "current_ratio": null,
            "debt_ratio": null,
            "inventory_turnover_ratio": null,
            "account_receivable_turnover_ratio": null,
            "reinvestment_rate": null,
            "research_to_sale_ratio": null,
            "price_fair": 0,
            "eps_avg_yearly": 0,
            "eps_latest_yearly": 0,
            "eps_growth_yearly": 0
        },
        "20024": {
            "year_quarter": 20024,
            "year": 2002,
            "quarter": 4,
            "eps": null,
            "eps_growth_year": null,
            "eps_4q": null,
            "eps_4q_growth_year": null,
            "roe": null,
            "roe_4q": 0,
            "gross_profit": null,
            "gross_margin": null,
            "gross_margin_4q_avg": 0,
            "net_income": null,
            "net_income_4q": null,
            "revenue": null,
            "revenue_4q": null,
            "common_shares": null,
            "book_valuer_per_share": null,
            "book_valuer_per_share_4q_avg": 0,
            "equity": null,
            "current_ratio": null,
            "debt_ratio": null,
            "inventory_turnover_ratio": null,
            "account_receivable_turnover_ratio": null,
            "reinvestment_rate": null,
            "research_to_sale_ratio": null,
            "price_fair": 0,
            "eps_avg_yearly": 0,
            "eps_latest_yearly": 0,
            "eps_growth_yearly": 0
        },
        "20031": {
            "year_quarter": 20031,
            "year": 2003,
            "quarter": 1,
            "eps": null,
            "eps_growth_year": null,
            "eps_4q": null,
            "eps_4q_growth_year": null,
            "roe": null,
            "roe_4q": 0,
            "gross_profit": null,
            "gross_margin": null,
            "gross_margin_4q_avg": 0,
            "net_income": null,
            "net_income_4q": null,
            "revenue": null,
            "revenue_4q": null,
            "common_shares": null,
            "book_valuer_per_share": null,
            "book_valuer_per_share_4q_avg": 0,
            "equity": null,
            "current_ratio": null,
            "debt_ratio": null,
            "inventory_turnover_ratio": null,
            "account_receivable_turnover_ratio": null,
            "reinvestment_rate": null,
            "research_to_sale_ratio": null,
            "price_fair": 0,
            "eps_avg_yearly": 0,
            "eps_latest_yearly": 0,
            "eps_growth_yearly": 0
        },
        "20032": {
            "year_quarter": 20032,
            "year": 2003,
            "quarter": 2,
            "eps": null,
            "eps_growth_year": null,
            "eps_4q": null,
            "eps_4q_growth_year": null,
            "roe": null,
            "roe_4q": 0,
            "gross_profit": null,
            "gross_margin": null,
            "gross_margin_4q_avg": 0,
            "net_income": null,
            "net_income_4q": null,
            "revenue": null,
            "revenue_4q": null,
            "common_shares": null,
            "book_valuer_per_share": null,
            "book_valuer_per_share_4q_avg": 0,
            "equity": null,
            "current_ratio": null,
            "debt_ratio": null,
            "inventory_turnover_ratio": null,
            "account_receivable_turnover_ratio": null,
            "reinvestment_rate": null,
            "research_to_sale_ratio": null,
            "price_fair": 0,
            "eps_avg_yearly": 0,
            "eps_latest_yearly": 0,
            "eps_growth_yearly": 0
        },
        "20033": {
            "year_quarter": 20033,
            "year": 2003,
            "quarter": 3,
            "eps": null,
            "eps_growth_year": null,
            "eps_4q": null,
            "eps_4q_growth_year": null,
            "roe": null,
            "roe_4q": 0,
            "gross_profit": null,
            "gross_margin": null,
            "gross_margin_4q_avg": 0,
            "net_income": null,
            "net_income_4q": null,
            "revenue": null,
            "revenue_4q": null,
            "common_shares": null,
            "book_valuer_per_share": null,
            "book_valuer_per_share_4q_avg": 0,
            "equity": null,
            "current_ratio": null,
            "debt_ratio": null,
            "inventory_turnover_ratio": null,
            "account_receivable_turnover_ratio": null,
            "reinvestment_rate": null,
            "research_to_sale_ratio": null,
            "price_fair": 0,
            "eps_avg_yearly": 0,
            "eps_latest_yearly": 0,
            "eps_growth_yearly": 0
        },
        "20034": {
            "year_quarter": 20034,
            "year": 2003,
            "quarter": 4,
            "eps": null,
            "eps_growth_year": null,
            "eps_4q": null,
            "eps_4q_growth_year": null,
            "roe": null,
            "roe_4q": 0,
            "gross_profit": null,
            "gross_margin": null,
            "gross_margin_4q_avg": 0,
            "net_income": null,
            "net_income_4q": null,
            "revenue": null,
            "revenue_4q": null,
            "common_shares": null,
            "book_valuer_per_share": null,
            "book_valuer_per_share_4q_avg": 0,
            "equity": null,
            "current_ratio": null,
            "debt_ratio": null,
            "inventory_turnover_ratio": null,
            "account_receivable_turnover_ratio": null,
            "reinvestment_rate": null,
            "research_to_sale_ratio": null,
            "price_fair": 0,
            "eps_avg_yearly": 0,
            "eps_latest_yearly": 0,
            "eps_growth_yearly": 0
        },
        "20041": {
            "year_quarter": 20041,
            "year": 2004,
            "quarter": 1,
            "eps": null,
            "eps_growth_year": null,
            "eps_4q": null,
            "eps_4q_growth_year": null,
            "roe": null,
            "roe_4q": 0,
            "gross_profit": null,
            "gross_margin": null,
            "gross_margin_4q_avg": 0,
            "net_income": null,
            "net_income_4q": null,
            "revenue": null,
            "revenue_4q": null,
            "common_shares": null,
            "book_valuer_per_share": null,
            "book_valuer_per_share_4q_avg": 0,
            "equity": null,
            "current_ratio": null,
            "debt_ratio": null,
            "inventory_turnover_ratio": null,
            "account_receivable_turnover_ratio": null,
            "reinvestment_rate": null,
            "research_to_sale_ratio": null,
            "price_fair": 0,
            "eps_avg_yearly": 0,
            "eps_latest_yearly": 0,
            "eps_growth_yearly": 0
        },
        "20042": {
            "year_quarter": 20042,
            "year": 2004,
            "quarter": 2,
            "eps": null,
            "eps_growth_year": null,
            "eps_4q": null,
            "eps_4q_growth_year": null,
            "roe": null,
            "roe_4q": 0,
            "gross_profit": null,
            "gross_margin": null,
            "gross_margin_4q_avg": 0,
            "net_income": null,
            "net_income_4q": null,
            "revenue": null,
            "revenue_4q": null,
            "common_shares": null,
            "book_valuer_per_share": null,
            "book_valuer_per_share_4q_avg": 0,
            "equity": null,
            "current_ratio": null,
            "debt_ratio": null,
            "inventory_turnover_ratio": null,
            "account_receivable_turnover_ratio": null,
            "reinvestment_rate": null,
            "research_to_sale_ratio": null,
            "price_fair": 0,
            "eps_avg_yearly": 0,
            "eps_latest_yearly": 0,
            "eps_growth_yearly": 0
        },
        "20043": {
            "year_quarter": 20043,
            "year": 2004,
            "quarter": 3,
            "eps": null,
            "eps_growth_year": null,
            "eps_4q": null,
            "eps_4q_growth_year": null,
            "roe": null,
            "roe_4q": 0,
            "gross_profit": null,
            "gross_margin": null,
            "gross_margin_4q_avg": 0,
            "net_income": null,
            "net_income_4q": null,
            "revenue": null,
            "revenue_4q": null,
            "common_shares": null,
            "book_valuer_per_share": null,
            "book_valuer_per_share_4q_avg": 0,
            "equity": null,
            "current_ratio": null,
            "debt_ratio": null,
            "inventory_turnover_ratio": null,
            "account_receivable_turnover_ratio": null,
            "reinvestment_rate": null,
            "research_to_sale_ratio": null,
            "price_fair": 0,
            "eps_avg_yearly": 0,
            "eps_latest_yearly": 0,
            "eps_growth_yearly": 0
        },
        "20044": {
            "year_quarter": 20044,
            "year": 2004,
            "quarter": 4,
            "eps": null,
            "eps_growth_year": null,
            "eps_4q": null,
            "eps_4q_growth_year": null,
            "roe": null,
            "roe_4q": 0,
            "gross_profit": null,
            "gross_margin": null,
            "gross_margin_4q_avg": 0,
            "net_income": null,
            "net_income_4q": null,
            "revenue": null,
            "revenue_4q": null,
            "common_shares": null,
            "book_valuer_per_share": null,
            "book_valuer_per_share_4q_avg": 0,
            "equity": null,
            "current_ratio": null,
            "debt_ratio": null,
            "inventory_turnover_ratio": null,
            "account_receivable_turnover_ratio": null,
            "reinvestment_rate": null,
            "research_to_sale_ratio": null,
            "price_fair": 0,
            "eps_avg_yearly": 0,
            "eps_latest_yearly": 0,
            "eps_growth_yearly": 0
        },
        "20051": {
            "year_quarter": 20051,
            "year": 2005,
            "quarter": 1,
            "eps": null,
            "eps_growth_year": null,
            "eps_4q": null,
            "eps_4q_growth_year": null,
            "roe": null,
            "roe_4q": 0,
            "gross_profit": null,
            "gross_margin": null,
            "gross_margin_4q_avg": 0,
            "net_income": null,
            "net_income_4q": null,
            "revenue": null,
            "revenue_4q": null,
            "common_shares": null,
            "book_valuer_per_share": null,
            "book_valuer_per_share_4q_avg": 0,
            "equity": null,
            "current_ratio": null,
            "debt_ratio": null,
            "inventory_turnover_ratio": null,
            "account_receivable_turnover_ratio": null,
            "reinvestment_rate": null,
            "research_to_sale_ratio": null,
            "price_fair": 0,
            "eps_avg_yearly": 0,
            "eps_latest_yearly": 0,
            "eps_growth_yearly": 0
        },
        "20052": {
            "year_quarter": 20052,
            "year": 2005,
            "quarter": 2,
            "eps": null,
            "eps_growth_year": null,
            "eps_4q": null,
            "eps_4q_growth_year": null,
            "roe": null,
            "roe_4q": 0,
            "gross_profit": null,
            "gross_margin": null,
            "gross_margin_4q_avg": 0,
            "net_income": null,
            "net_income_4q": null,
            "revenue": null,
            "revenue_4q": null,
            "common_shares": null,
            "book_valuer_per_share": null,
            "book_valuer_per_share_4q_avg": 0,
            "equity": null,
            "current_ratio": null,
            "debt_ratio": null,
            "inventory_turnover_ratio": null,
            "account_receivable_turnover_ratio": null,
            "reinvestment_rate": null,
            "research_to_sale_ratio": null,
            "price_fair": 0,
            "eps_avg_yearly": 0,
            "eps_latest_yearly": 0,
            "eps_growth_yearly": 0
        },
        "20053": {
            "year_quarter": 20053,
            "year": 2005,
            "quarter": 3,
            "eps": null,
            "eps_growth_year": null,
            "eps_4q": null,
            "eps_4q_growth_year": null,
            "roe": null,
            "roe_4q": 0,
            "gross_profit": null,
            "gross_margin": null,
            "gross_margin_4q_avg": 0,
            "net_income": null,
            "net_income_4q": null,
            "revenue": null,
            "revenue_4q": null,
            "common_shares": null,
            "book_valuer_per_share": null,
            "book_valuer_per_share_4q_avg": 0,
            "equity": null,
            "current_ratio": null,
            "debt_ratio": null,
            "inventory_turnover_ratio": null,
            "account_receivable_turnover_ratio": null,
            "reinvestment_rate": null,
            "research_to_sale_ratio": null,
            "price_fair": 0,
            "eps_avg_yearly": 0,
            "eps_latest_yearly": 0,
            "eps_growth_yearly": 0
        },
        "20054": {
            "year_quarter": 20054,
            "year": 2005,
            "quarter": 4,
            "eps": null,
            "eps_growth_year": null,
            "eps_4q": null,
            "eps_4q_growth_year": null,
            "roe": null,
            "roe_4q": 0,
            "gross_profit": null,
            "gross_margin": null,
            "gross_margin_4q_avg": 0,
            "net_income": null,
            "net_income_4q": null,
            "revenue": null,
            "revenue_4q": null,
            "common_shares": null,
            "book_valuer_per_share": null,
            "book_valuer_per_share_4q_avg": 0,
            "equity": null,
            "current_ratio": null,
            "debt_ratio": null,
            "inventory_turnover_ratio": null,
            "account_receivable_turnover_ratio": null,
            "reinvestment_rate": null,
            "research_to_sale_ratio": null,
            "price_fair": 0,
            "eps_avg_yearly": 0,
            "eps_latest_yearly": 0,
            "eps_growth_yearly": 0
        },
        "20061": {
            "year_quarter": 20061,
            "year": 2006,
            "quarter": 1,
            "eps": null,
            "eps_growth_year": null,
            "eps_4q": null,
            "eps_4q_growth_year": null,
            "roe": null,
            "roe_4q": 0,
            "gross_profit": null,
            "gross_margin": null,
            "gross_margin_4q_avg": 0,
            "net_income": null,
            "net_income_4q": null,
            "revenue": null,
            "revenue_4q": null,
            "common_shares": null,
            "book_valuer_per_share": null,
            "book_valuer_per_share_4q_avg": 0,
            "equity": null,
            "current_ratio": null,
            "debt_ratio": null,
            "inventory_turnover_ratio": null,
            "account_receivable_turnover_ratio": null,
            "reinvestment_rate": null,
            "research_to_sale_ratio": null,
            "price_fair": 0,
            "eps_avg_yearly": 0,
            "eps_latest_yearly": 0,
            "eps_growth_yearly": 0
        },
        "20062": {
            "year_quarter": 20062,
            "year": 2006,
            "quarter": 2,
            "eps": null,
            "eps_growth_year": null,
            "eps_4q": null,
            "eps_4q_growth_year": null,
            "roe": null,
            "roe_4q": 0,
            "gross_profit": null,
            "gross_margin": null,
            "gross_margin_4q_avg": 0,
            "net_income": null,
            "net_income_4q": null,
            "revenue": null,
            "revenue_4q": null,
            "common_shares": null,
            "book_valuer_per_share": null,
            "book_valuer_per_share_4q_avg": 0,
            "equity": null,
            "current_ratio": null,
            "debt_ratio": null,
            "inventory_turnover_ratio": null,
            "account_receivable_turnover_ratio": null,
            "reinvestment_rate": null,
            "research_to_sale_ratio": null,
            "price_fair": 0,
            "eps_avg_yearly": 0,
            "eps_latest_yearly": 0,
            "eps_growth_yearly": 0
        },
        "20063": {
            "year_quarter": 20063,
            "year": 2006,
            "quarter": 3,
            "eps": null,
            "eps_growth_year": null,
            "eps_4q": null,
            "eps_4q_growth_year": null,
            "roe": null,
            "roe_4q": 0,
            "gross_profit": null,
            "gross_margin": null,
            "gross_margin_4q_avg": 0,
            "net_income": null,
            "net_income_4q": null,
            "revenue": null,
            "revenue_4q": null,
            "common_shares": null,
            "book_valuer_per_share": null,
            "book_valuer_per_share_4q_avg": 0,
            "equity": null,
            "current_ratio": null,
            "debt_ratio": null,
            "inventory_turnover_ratio": null,
            "account_receivable_turnover_ratio": null,
            "reinvestment_rate": null,
            "research_to_sale_ratio": null,
            "price_fair": 0,
            "eps_avg_yearly": 0,
            "eps_latest_yearly": 0,
            "eps_growth_yearly": 0
        },
        "20064": {
            "year_quarter": 20064,
            "year": 2006,
            "quarter": 4,
            "eps": null,
            "eps_growth_year": null,
            "eps_4q": null,
            "eps_4q_growth_year": null,
            "roe": null,
            "roe_4q": 0,
            "gross_profit": null,
            "gross_margin": null,
            "gross_margin_4q_avg": 0,
            "net_income": null,
            "net_income_4q": null,
            "revenue": null,
            "revenue_4q": null,
            "common_shares": null,
            "book_valuer_per_share": null,
            "book_valuer_per_share_4q_avg": 0,
            "equity": null,
            "current_ratio": null,
            "debt_ratio": null,
            "inventory_turnover_ratio": null,
            "account_receivable_turnover_ratio": null,
            "reinvestment_rate": null,
            "research_to_sale_ratio": null,
            "price_fair": 0,
            "eps_avg_yearly": 0,
            "eps_latest_yearly": 0,
            "eps_growth_yearly": 0
        },
        "20071": {
            "year_quarter": 20071,
            "year": 2007,
            "quarter": 1,
            "eps": null,
            "eps_growth_year": null,
            "eps_4q": null,
            "eps_4q_growth_year": null,
            "roe": null,
            "roe_4q": 0,
            "gross_profit": null,
            "gross_margin": null,
            "gross_margin_4q_avg": 0,
            "net_income": null,
            "net_income_4q": null,
            "revenue": null,
            "revenue_4q": null,
            "common_shares": null,
            "book_valuer_per_share": null,
            "book_valuer_per_share_4q_avg": 0,
            "equity": null,
            "current_ratio": null,
            "debt_ratio": null,
            "inventory_turnover_ratio": null,
            "account_receivable_turnover_ratio": null,
            "reinvestment_rate": null,
            "research_to_sale_ratio": null,
            "price_fair": 0,
            "eps_avg_yearly": 0,
            "eps_latest_yearly": 0,
            "eps_growth_yearly": 0
        },
        "20072": {
            "year_quarter": 20072,
            "year": 2007,
            "quarter": 2,
            "eps": null,
            "eps_growth_year": null,
            "eps_4q": null,
            "eps_4q_growth_year": null,
            "roe": null,
            "roe_4q": 0,
            "gross_profit": null,
            "gross_margin": null,
            "gross_margin_4q_avg": 0,
            "net_income": null,
            "net_income_4q": null,
            "revenue": null,
            "revenue_4q": null,
            "common_shares": null,
            "book_valuer_per_share": null,
            "book_valuer_per_share_4q_avg": 0,
            "equity": null,
            "current_ratio": null,
            "debt_ratio": null,
            "inventory_turnover_ratio": null,
            "account_receivable_turnover_ratio": null,
            "reinvestment_rate": null,
            "research_to_sale_ratio": null,
            "price_fair": 0,
            "eps_avg_yearly": 0,
            "eps_latest_yearly": 0,
            "eps_growth_yearly": 0
        },
        "20073": {
            "year_quarter": 20073,
            "year": 2007,
            "quarter": 3,
            "eps": null,
            "eps_growth_year": null,
            "eps_4q": null,
            "eps_4q_growth_year": null,
            "roe": null,
            "roe_4q": 0,
            "gross_profit": null,
            "gross_margin": null,
            "gross_margin_4q_avg": 0,
            "net_income": null,
            "net_income_4q": null,
            "revenue": null,
            "revenue_4q": null,
            "common_shares": null,
            "book_valuer_per_share": null,
            "book_valuer_per_share_4q_avg": 0,
            "equity": null,
            "current_ratio": null,
            "debt_ratio": null,
            "inventory_turnover_ratio": null,
            "account_receivable_turnover_ratio": null,
            "reinvestment_rate": null,
            "research_to_sale_ratio": null,
            "price_fair": 0,
            "eps_avg_yearly": 0,
            "eps_latest_yearly": 0,
            "eps_growth_yearly": 0
        },
        "20074": {
            "year_quarter": 20074,
            "year": 2007,
            "quarter": 4,
            "eps": null,
            "eps_growth_year": null,
            "eps_4q": null,
            "eps_4q_growth_year": null,
            "roe": null,
            "roe_4q": 0,
            "gross_profit": null,
            "gross_margin": null,
            "gross_margin_4q_avg": 0,
            "net_income": null,
            "net_income_4q": null,
            "revenue": null,
            "revenue_4q": null,
            "common_shares": null,
            "book_valuer_per_share": null,
            "book_valuer_per_share_4q_avg": 0,
            "equity": null,
            "current_ratio": null,
            "debt_ratio": null,
            "inventory_turnover_ratio": null,
            "account_receivable_turnover_ratio": null,
            "reinvestment_rate": null,
            "research_to_sale_ratio": null,
            "price_fair": 0,
            "eps_avg_yearly": 0,
            "eps_latest_yearly": 0,
            "eps_growth_yearly": 0
        },
        "20081": {
            "year_quarter": 20081,
            "year": 2008,
            "quarter": 1,
            "eps": null,
            "eps_growth_year": null,
            "eps_4q": null,
            "eps_4q_growth_year": null,
            "roe": null,
            "roe_4q": 0,
            "gross_profit": null,
            "gross_margin": null,
            "gross_margin_4q_avg": 0,
            "net_income": null,
            "net_income_4q": null,
            "revenue": null,
            "revenue_4q": null,
            "common_shares": null,
            "book_valuer_per_share": null,
            "book_valuer_per_share_4q_avg": 0,
            "equity": null,
            "current_ratio": null,
            "debt_ratio": null,
            "inventory_turnover_ratio": null,
            "account_receivable_turnover_ratio": null,
            "reinvestment_rate": null,
            "research_to_sale_ratio": null,
            "price_fair": 0,
            "eps_avg_yearly": 0,
            "eps_latest_yearly": 0,
            "eps_growth_yearly": 0
        },
        "20082": {
            "year_quarter": 20082,
            "year": 2008,
            "quarter": 2,
            "eps": null,
            "eps_growth_year": null,
            "eps_4q": null,
            "eps_4q_growth_year": null,
            "roe": null,
            "roe_4q": 0,
            "gross_profit": null,
            "gross_margin": null,
            "gross_margin_4q_avg": 0,
            "net_income": null,
            "net_income_4q": null,
            "revenue": null,
            "revenue_4q": null,
            "common_shares": null,
            "book_valuer_per_share": null,
            "book_valuer_per_share_4q_avg": 0,
            "equity": null,
            "current_ratio": null,
            "debt_ratio": null,
            "inventory_turnover_ratio": null,
            "account_receivable_turnover_ratio": null,
            "reinvestment_rate": null,
            "research_to_sale_ratio": null,
            "price_fair": 0,
            "eps_avg_yearly": 0,
            "eps_latest_yearly": 0,
            "eps_growth_yearly": 0
        },
        "20083": {
            "year_quarter": 20083,
            "year": 2008,
            "quarter": 3,
            "eps": null,
            "eps_growth_year": null,
            "eps_4q": null,
            "eps_4q_growth_year": null,
            "roe": null,
            "roe_4q": 0,
            "gross_profit": null,
            "gross_margin": null,
            "gross_margin_4q_avg": 0,
            "net_income": null,
            "net_income_4q": null,
            "revenue": null,
            "revenue_4q": null,
            "common_shares": null,
            "book_valuer_per_share": null,
            "book_valuer_per_share_4q_avg": 0,
            "equity": null,
            "current_ratio": null,
            "debt_ratio": null,
            "inventory_turnover_ratio": null,
            "account_receivable_turnover_ratio": null,
            "reinvestment_rate": null,
            "research_to_sale_ratio": null,
            "price_fair": 0,
            "eps_avg_yearly": 0,
            "eps_latest_yearly": 0,
            "eps_growth_yearly": 0
        },
        "20084": {
            "year_quarter": 20084,
            "year": 2008,
            "quarter": 4,
            "eps": null,
            "eps_growth_year": null,
            "eps_4q": null,
            "eps_4q_growth_year": null,
            "roe": null,
            "roe_4q": 0,
            "gross_profit": null,
            "gross_margin": null,
            "gross_margin_4q_avg": 0,
            "net_income": null,
            "net_income_4q": null,
            "revenue": null,
            "revenue_4q": null,
            "common_shares": 90986544,
            "book_valuer_per_share": null,
            "book_valuer_per_share_4q_avg": 0,
            "equity": 140266771,
            "current_ratio": null,
            "debt_ratio": null,
            "inventory_turnover_ratio": null,
            "account_receivable_turnover_ratio": null,
            "reinvestment_rate": null,
            "research_to_sale_ratio": null,
            "price_fair": 0,
            "eps_avg_yearly": 0,
            "eps_latest_yearly": 0,
            "eps_growth_yearly": 0
        },
        "20091": {
            "year_quarter": 20091,
            "year": 2009,
            "quarter": 1,
            "eps": null,
            "eps_growth_year": null,
            "eps_4q": null,
            "eps_4q_growth_year": null,
            "roe": null,
            "roe_4q": 0,
            "gross_profit": null,
            "gross_margin": null,
            "gross_margin_4q_avg": 0,
            "net_income": 3397125,
            "net_income_4q": null,
            "revenue": 13301426,
            "revenue_4q": null,
            "common_shares": 90986544,
            "book_valuer_per_share": null,
            "book_valuer_per_share_4q_avg": 0,
            "equity": 144979287,
            "current_ratio": null,
            "debt_ratio": null,
            "inventory_turnover_ratio": null,
            "account_receivable_turnover_ratio": null,
            "reinvestment_rate": null,
            "research_to_sale_ratio": null,
            "price_fair": 0,
            "eps_avg_yearly": 0,
            "eps_latest_yearly": 0,
            "eps_growth_yearly": 0
        },
        "20092": {
            "year_quarter": 20092,
            "year": 2009,
            "quarter": 2,
            "eps": null,
            "eps_growth_year": null,
            "eps_4q": null,
            "eps_4q_growth_year": null,
            "roe": null,
            "roe_4q": 0,
            "gross_profit": null,
            "gross_margin": null,
            "gross_margin_4q_avg": 0,
            "net_income": -3039399,
            "net_income_4q": null,
            "revenue": 8213599,
            "revenue_4q": null,
            "common_shares": 90986544,
            "book_valuer_per_share": null,
            "book_valuer_per_share_4q_avg": 0,
            "equity": 142111425,
            "current_ratio": null,
            "debt_ratio": null,
            "inventory_turnover_ratio": null,
            "account_receivable_turnover_ratio": null,
            "reinvestment_rate": null,
            "research_to_sale_ratio": null,
            "price_fair": 0,
            "eps_avg_yearly": 0,
            "eps_latest_yearly": 0,
            "eps_growth_yearly": 0
        },
        "20093": {
            "year_quarter": 20093,
            "year": 2009,
            "quarter": 3,
            "eps": null,
            "eps_growth_year": null,
            "eps_4q": null,
            "eps_4q_growth_year": null,
            "roe": null,
            "roe_4q": 0,
            "gross_profit": null,
            "gross_margin": null,
            "gross_margin_4q_avg": 0,
            "net_income": 563527,
            "net_income_4q": null,
            "revenue": 11643414,
            "revenue_4q": null,
            "common_shares": 93844353,
            "book_valuer_per_share": null,
            "book_valuer_per_share_4q_avg": 0,
            "equity": 151261173,
            "current_ratio": null,
            "debt_ratio": null,
            "inventory_turnover_ratio": null,
            "account_receivable_turnover_ratio": null,
            "reinvestment_rate": null,
            "research_to_sale_ratio": null,
            "price_fair": 0,
            "eps_avg_yearly": 0,
            "eps_latest_yearly": 0,
            "eps_growth_yearly": 0
        },
        "20094": {
            "year_quarter": 20094,
            "year": 2009,
            "quarter": 4,
            "eps": null,
            "eps_growth_year": null,
            "eps_4q": null,
            "eps_4q_growth_year": null,
            "roe": null,
            "roe_4q": 0,
            "gross_profit": null,
            "gross_margin": null,
            "gross_margin_4q_avg": 0,
            "net_income": 1518094,
            "net_income_4q": null,
            "revenue": 13322724,
            "revenue_4q": null,
            "common_shares": 93844353,
            "book_valuer_per_share": 14.94,
            "book_valuer_per_share_4q_avg": 3.74,
            "equity": 149814775,
            "current_ratio": null,
            "debt_ratio": 91.49,
            "inventory_turnover_ratio": null,
            "account_receivable_turnover_ratio": null,
            "reinvestment_rate": null,
            "research_to_sale_ratio": null,
            "price_fair": 0,
            "eps_avg_yearly": 0,
            "eps_latest_yearly": 0,
            "eps_growth_yearly": 0
        },
        "20101": {
            "year_quarter": 20101,
            "year": 2010,
            "quarter": 1,
            "eps": 0.38,
            "eps_growth_year": null,
            "eps_4q": 0.41,
            "eps_4q_growth_year": null,
            "roe": 2.47,
            "roe_4q": 2.47,
            "gross_profit": null,
            "gross_margin": null,
            "gross_margin_4q_avg": 0,
            "net_income": 3760806,
            "net_income_4q": null,
            "revenue": 12464677,
            "revenue_4q": null,
            "common_shares": 93844353,
            "book_valuer_per_share": 15.37,
            "book_valuer_per_share_4q_avg": 7.58,
            "equity": 154143324,
            "current_ratio": null,
            "debt_ratio": 91.39,
            "inventory_turnover_ratio": null,
            "account_receivable_turnover_ratio": null,
            "reinvestment_rate": null,
            "research_to_sale_ratio": null,
            "price_fair": 0,
            "eps_avg_yearly": 0,
            "eps_latest_yearly": 0,
            "eps_growth_yearly": 0
        },
        "20102": {
            "year_quarter": 20102,
            "year": 2010,
            "quarter": 2,
            "eps": 0.38,
            "eps_growth_year": null,
            "eps_4q": 0.76,
            "eps_4q_growth_year": null,
            "roe": 2.48,
            "roe_4q": 4.95,
            "gross_profit": null,
            "gross_margin": null,
            "gross_margin_4q_avg": 0,
            "net_income": 3757434,
            "net_income_4q": null,
            "revenue": 13194861,
            "revenue_4q": null,
            "common_shares": 93844353,
            "book_valuer_per_share": 14.77,
            "book_valuer_per_share_4q_avg": 11.27,
            "equity": 148432631,
            "current_ratio": null,
            "debt_ratio": 91.81,
            "inventory_turnover_ratio": null,
            "account_receivable_turnover_ratio": null,
            "reinvestment_rate": null,
            "research_to_sale_ratio": null,
            "price_fair": 15.2,
            "eps_avg_yearly": 1.52,
            "eps_latest_yearly": 1.52,
            "eps_growth_yearly": 0
        },
        "20103": {
            "year_quarter": 20103,
            "year": 2010,
            "quarter": 3,
            "eps": 0.35,
            "eps_growth_year": null,
            "eps_4q": 1.11,
            "eps_4q_growth_year": null,
            "roe": 2.29,
            "roe_4q": 7.24,
            "gross_profit": null,
            "gross_margin": null,
            "gross_margin_4q_avg": 0,
            "net_income": 3504266,
            "net_income_4q": null,
            "revenue": 13226906,
            "revenue_4q": null,
            "common_shares": 99795268,
            "book_valuer_per_share": 14.81,
            "book_valuer_per_share_4q_avg": 14.97,
            "equity": 157602657,
            "current_ratio": null,
            "debt_ratio": 91.19,
            "inventory_turnover_ratio": null,
            "account_receivable_turnover_ratio": null,
            "reinvestment_rate": null,
            "research_to_sale_ratio": null,
            "price_fair": 4.38,
            "eps_avg_yearly": 1.46,
            "eps_latest_yearly": 1.4,
            "eps_growth_yearly": -15.79
        },
        "20104": {
            "year_quarter": 20104,
            "year": 2010,
            "quarter": 4,
            "eps": 0.31,
            "eps_growth_year": null,
            "eps_4q": 1.42,
            "eps_4q_growth_year": null,
            "roe": 1.96,
            "roe_4q": 9.200000000000001,
            "gross_profit": null,
            "gross_margin": null,
            "gross_margin_4q_avg": 0,
            "net_income": 3119184,
            "net_income_4q": null,
            "revenue": 13664419,
            "revenue_4q": null,
            "common_shares": 99795268,
            "book_valuer_per_share": 15.06,
            "book_valuer_per_share_4q_avg": 15,
            "equity": 161028748,
            "current_ratio": null,
            "debt_ratio": 91.13,
            "inventory_turnover_ratio": null,
            "account_receivable_turnover_ratio": null,
            "reinvestment_rate": null,
            "research_to_sale_ratio": null,
            "price_fair": 4.16,
            "eps_avg_yearly": 1.39,
            "eps_latest_yearly": 1.24,
            "eps_growth_yearly": -25.76
        },
        "20111": {
            "year_quarter": 20111,
            "year": 2011,
            "quarter": 1,
            "eps": 0.47,
            "eps_growth_year": 23.68,
            "eps_4q": 1.54,
            "eps_4q_growth_year": 278.93,
            "roe": 2.98,
            "roe_4q": 9.709999999999999,
            "gross_profit": null,
            "gross_margin": null,
            "gross_margin_4q_avg": 0,
            "net_income": 4887814,
            "net_income_4q": null,
            "revenue": 14388205,
            "revenue_4q": null,
            "common_shares": 99795268,
            "book_valuer_per_share": 15.65,
            "book_valuer_per_share_4q_avg": 15.07,
            "equity": 167343426,
            "current_ratio": null,
            "debt_ratio": 91.08,
            "inventory_turnover_ratio": null,
            "account_receivable_turnover_ratio": null,
            "reinvestment_rate": null,
            "research_to_sale_ratio": null,
            "price_fair": 52.85,
            "eps_avg_yearly": 1.51,
            "eps_latest_yearly": 1.88,
            "eps_growth_yearly": 32.29
        },
        "20112": {
            "year_quarter": 20112,
            "year": 2011,
            "quarter": 2,
            "eps": 0.59,
            "eps_growth_year": 54.25,
            "eps_4q": 1.66,
            "eps_4q_growth_year": 118.73,
            "roe": 3.76,
            "roe_4q": 10.989999999999998,
            "gross_profit": null,
            "gross_margin": null,
            "gross_margin_4q_avg": 0,
            "net_income": 6263151,
            "net_income_4q": null,
            "revenue": 14404955,
            "revenue_4q": null,
            "common_shares": 99795268,
            "book_valuer_per_share": 15.45,
            "book_valuer_per_share_4q_avg": 15.24,
            "equity": 165746672,
            "current_ratio": null,
            "debt_ratio": 91.15,
            "inventory_turnover_ratio": null,
            "account_receivable_turnover_ratio": null,
            "reinvestment_rate": null,
            "research_to_sale_ratio": null,
            "price_fair": 58.8,
            "eps_avg_yearly": 1.68,
            "eps_latest_yearly": 2.36,
            "eps_growth_yearly": 46.26
        },
        "20113": {
            "year_quarter": 20113,
            "year": 2011,
            "quarter": 3,
            "eps": 0.32,
            "eps_growth_year": -10.94,
            "eps_4q": 1.65,
            "eps_4q_growth_year": 48.04,
            "roe": 2.02,
            "roe_4q": 10.719999999999999,
            "gross_profit": null,
            "gross_margin": null,
            "gross_margin_4q_avg": 0,
            "net_income": 3374225,
            "net_income_4q": null,
            "revenue": 14314766,
            "revenue_4q": null,
            "common_shares": 106977079,
            "book_valuer_per_share": 14.77,
            "book_valuer_per_share_4q_avg": 15.23,
            "equity": 169100014,
            "current_ratio": null,
            "debt_ratio": 91.24,
            "inventory_turnover_ratio": null,
            "account_receivable_turnover_ratio": null,
            "reinvestment_rate": null,
            "research_to_sale_ratio": null,
            "price_fair": 29.1,
            "eps_avg_yearly": 1.61,
            "eps_latest_yearly": 1.28,
            "eps_growth_yearly": 8.04
        },
        "20114": {
            "year_quarter": 20114,
            "year": 2011,
            "quarter": 4,
            "eps": 0.35,
            "eps_growth_year": 12.4,
            "eps_4q": 1.71,
            "eps_4q_growth_year": 20.25,
            "roe": 2.22,
            "roe_4q": 10.98,
            "gross_profit": null,
            "gross_margin": null,
            "gross_margin_4q_avg": 0,
            "net_income": 3771835,
            "net_income_4q": null,
            "revenue": 16631470,
            "revenue_4q": null,
            "common_shares": 106977079,
            "book_valuer_per_share": 14.98,
            "book_valuer_per_share_4q_avg": 15.21,
            "equity": 171451609,
            "current_ratio": null,
            "debt_ratio": 91.51,
            "inventory_turnover_ratio": null,
            "account_receivable_turnover_ratio": null,
            "reinvestment_rate": null,
            "research_to_sale_ratio": null,
            "price_fair": 35.22,
            "eps_avg_yearly": 1.58,
            "eps_latest_yearly": 1.4,
            "eps_growth_yearly": 12.25
        },
        "20121": {
            "year_quarter": 20121,
            "year": 2012,
            "quarter": 1,
            "eps": 0.46,
            "eps_growth_year": -2.13,
            "eps_4q": 1.7,
            "eps_4q_growth_year": 10.94,
            "roe": 2.96,
            "roe_4q": 10.959999999999999,
            "gross_profit": null,
            "gross_margin": null,
            "gross_margin_4q_avg": 0,
            "net_income": 5188333,
            "net_income_4q": null,
            "revenue": 21930911,
            "revenue_4q": null,
            "common_shares": 106977079,
            "book_valuer_per_share": 15.42,
            "book_valuer_per_share_4q_avg": 15.16,
            "equity": 178633920,
            "current_ratio": null,
            "debt_ratio": 91.47,
            "inventory_turnover_ratio": null,
            "account_receivable_turnover_ratio": null,
            "reinvestment_rate": null,
            "research_to_sale_ratio": null,
            "price_fair": 56.53,
            "eps_avg_yearly": 1.62,
            "eps_latest_yearly": 1.84,
            "eps_growth_yearly": 26.43
        },
        "20122": {
            "year_quarter": 20122,
            "year": 2012,
            "quarter": 2,
            "eps": 0.45,
            "eps_growth_year": -22.35,
            "eps_4q": 1.45,
            "eps_4q_growth_year": -12.88,
            "roe": 3.07,
            "roe_4q": 10.27,
            "gross_profit": null,
            "gross_margin": null,
            "gross_margin_4q_avg": 0,
            "net_income": 5646648,
            "net_income_4q": null,
            "revenue": 25641057,
            "revenue_4q": null,
            "common_shares": 114127079,
            "book_valuer_per_share": 15.6,
            "book_valuer_per_share_4q_avg": 15.19,
            "equity": 189714120,
            "current_ratio": null,
            "debt_ratio": 90.97,
            "inventory_turnover_ratio": null,
            "account_receivable_turnover_ratio": null,
            "reinvestment_rate": null,
            "research_to_sale_ratio": null,
            "price_fair": 53.2,
            "eps_avg_yearly": 1.64,
            "eps_latest_yearly": 1.8,
            "eps_growth_yearly": 22.53
        },
        "20123": {
            "year_quarter": 20123,
            "year": 2012,
            "quarter": 3,
            "eps": 0.38,
            "eps_growth_year": 19.8,
            "eps_4q": 1.55,
            "eps_4q_growth_year": -5.76,
            "roe": 2.43,
            "roe_4q": 10.680000000000001,
            "gross_profit": null,
            "gross_margin": null,
            "gross_margin_4q_avg": 0,
            "net_income": 4690965,
            "net_income_4q": null,
            "revenue": 28557686,
            "revenue_4q": null,
            "common_shares": 124170262,
            "book_valuer_per_share": 14.9,
            "book_valuer_per_share_4q_avg": 15.23,
            "equity": 196134318,
            "current_ratio": null,
            "debt_ratio": 90.88,
            "inventory_turnover_ratio": null,
            "account_receivable_turnover_ratio": null,
            "reinvestment_rate": null,
            "research_to_sale_ratio": null,
            "price_fair": 39.06,
            "eps_avg_yearly": 1.62,
            "eps_latest_yearly": 1.52,
            "eps_growth_yearly": 14.05
        },
        "20124": {
            "year_quarter": 20124,
            "year": 2012,
            "quarter": 4,
            "eps": 0.46,
            "eps_growth_year": 29.35,
            "eps_4q": 1.71,
            "eps_4q_growth_year": -0.22,
            "roe": 3.09,
            "roe_4q": 11.55,
            "gross_profit": null,
            "gross_margin": null,
            "gross_margin_4q_avg": 0,
            "net_income": 5661874,
            "net_income_4q": null,
            "revenue": 18844151,
            "revenue_4q": null,
            "common_shares": 124170262,
            "book_valuer_per_share": 13.72,
            "book_valuer_per_share_4q_avg": 14.91,
            "equity": 170317870,
            "current_ratio": null,
            "debt_ratio": 91.93,
            "inventory_turnover_ratio": null,
            "account_receivable_turnover_ratio": null,
            "reinvestment_rate": 77.61,
            "research_to_sale_ratio": null,
            "price_fair": 50.02,
            "eps_avg_yearly": 1.64,
            "eps_latest_yearly": 1.84,
            "eps_growth_yearly": 20.43
        },
        "20131": {
            "year_quarter": 20131,
            "year": 2013,
            "quarter": 1,
            "eps": 0.52,
            "eps_growth_year": 13.04,
            "eps_4q": 1.76,
            "eps_4q_growth_year": 3.59,
            "roe": 3.7,
            "roe_4q": 12.290000000000001,
            "gross_profit": null,
            "gross_margin": null,
            "gross_margin_4q_avg": 0,
            "net_income": 6445920,
            "net_income_4q": null,
            "revenue": 25073015,
            "revenue_4q": null,
            "common_shares": 124170262,
            "book_valuer_per_share": 14.33,
            "book_valuer_per_share_4q_avg": 14.64,
            "equity": 178046777,
            "current_ratio": null,
            "debt_ratio": 91.92,
            "inventory_turnover_ratio": null,
            "account_receivable_turnover_ratio": null,
            "reinvestment_rate": 72.32,
            "research_to_sale_ratio": null,
            "price_fair": 55.57,
            "eps_avg_yearly": 1.68,
            "eps_latest_yearly": 2.08,
            "eps_growth_yearly": 23.08
        },
        "20132": {
            "year_quarter": 20132,
            "year": 2013,
            "quarter": 2,
            "eps": 0.53,
            "eps_growth_year": 16.57,
            "eps_4q": 1.61,
            "eps_4q_growth_year": 11.04,
            "roe": 3.78,
            "roe_4q": 13,
            "gross_profit": null,
            "gross_margin": null,
            "gross_margin_4q_avg": 0,
            "net_income": 6857459,
            "net_income_4q": null,
            "revenue": 28285106,
            "revenue_4q": null,
            "common_shares": 137504262,
            "book_valuer_per_share": 13.46,
            "book_valuer_per_share_4q_avg": 14.1,
            "equity": 185152960,
            "current_ratio": null,
            "debt_ratio": 92.02,
            "inventory_turnover_ratio": null,
            "account_receivable_turnover_ratio": null,
            "reinvestment_rate": 64.58,
            "research_to_sale_ratio": null,
            "price_fair": 54.66,
            "eps_avg_yearly": 1.71,
            "eps_latest_yearly": 2.12,
            "eps_growth_yearly": 21.89
        },
        "20133": {
            "year_quarter": 20133,
            "year": 2013,
            "quarter": 3,
            "eps": 0.34,
            "eps_growth_year": -9.98,
            "eps_4q": 1.63,
            "eps_4q_growth_year": 4.69,
            "roe": 2.66,
            "roe_4q": 13.23,
            "gross_profit": null,
            "gross_margin": null,
            "gross_margin_4q_avg": 0,
            "net_income": 4972571,
            "net_income_4q": null,
            "revenue": 31077004,
            "revenue_4q": null,
            "common_shares": 147129560,
            "book_valuer_per_share": 12.78,
            "book_valuer_per_share_4q_avg": 13.57,
            "equity": 188054457,
            "current_ratio": null,
            "debt_ratio": 91.95,
            "inventory_turnover_ratio": null,
            "account_receivable_turnover_ratio": null,
            "reinvestment_rate": 53.21,
            "research_to_sale_ratio": null,
            "price_fair": 33.92,
            "eps_avg_yearly": 1.69,
            "eps_latest_yearly": 1.36,
            "eps_growth_yearly": 10.09
        },
        "20134": {
            "year_quarter": 20134,
            "year": 2013,
            "quarter": 4,
            "eps": 0.22,
            "eps_growth_year": -51.8,
            "eps_4q": 1.46,
            "eps_4q_growth_year": -14.33,
            "roe": 1.7,
            "roe_4q": 11.84,
            "gross_profit": null,
            "gross_margin": null,
            "gross_margin_4q_avg": 0,
            "net_income": 3234290,
            "net_income_4q": null,
            "revenue": 42731494,
            "revenue_4q": null,
            "common_shares": 147129560,
            "book_valuer_per_share": 13.1,
            "book_valuer_per_share_4q_avg": 13.42,
            "equity": 192846329,
            "current_ratio": null,
            "debt_ratio": 92.05,
            "inventory_turnover_ratio": null,
            "account_receivable_turnover_ratio": null,
            "reinvestment_rate": 5.35,
            "research_to_sale_ratio": null,
            "price_fair": 16.35,
            "eps_avg_yearly": 1.63,
            "eps_latest_yearly": 0.88,
            "eps_growth_yearly": 0
        },
        "20141": {
            "year_quarter": 20141,
            "year": 2014,
            "quarter": 1,
            "eps": 0.53,
            "eps_growth_year": 1.92,
            "eps_4q": 1.55,
            "eps_4q_growth_year": -11.94,
            "roe": 3.94,
            "roe_4q": 12.08,
            "gross_profit": null,
            "gross_margin": null,
            "gross_margin_4q_avg": 0,
            "net_income": 7797385,
            "net_income_4q": null,
            "revenue": 39590565,
            "revenue_4q": null,
            "common_shares": 147129560,
            "book_valuer_per_share": 13.79,
            "book_valuer_per_share_4q_avg": 13.28,
            "equity": 202980340,
            "current_ratio": null,
            "debt_ratio": 92.11,
            "inventory_turnover_ratio": null,
            "account_receivable_turnover_ratio": null,
            "reinvestment_rate": 2.77,
            "research_to_sale_ratio": null,
            "price_fair": 58.28,
            "eps_avg_yearly": 1.67,
            "eps_latest_yearly": 2.12,
            "eps_growth_yearly": 35.23
        },
        "20142": {
            "year_quarter": 20142,
            "year": 2014,
            "quarter": 2,
            "eps": 1.41,
            "eps_growth_year": 166.04,
            "eps_4q": 2.4,
            "eps_4q_growth_year": 49.58,
            "roe": 9.83,
            "roe_4q": 18.13,
            "gross_profit": null,
            "gross_margin": null,
            "gross_margin_4q_avg": 0,
            "net_income": 20684779,
            "net_income_4q": null,
            "revenue": 52384199,
            "revenue_4q": null,
            "common_shares": 147129560,
            "book_valuer_per_share": 14.81,
            "book_valuer_per_share_4q_avg": 13.62,
            "equity": 217995505,
            "current_ratio": null,
            "debt_ratio": 93.69,
            "inventory_turnover_ratio": null,
            "account_receivable_turnover_ratio": null,
            "reinvestment_rate": 6.93,
            "research_to_sale_ratio": null,
            "price_fair": 67.29,
            "eps_avg_yearly": 1.92,
            "eps_latest_yearly": 5.64,
            "eps_growth_yearly": 76.74
        },
        "20143": {
            "year_quarter": 20143,
            "year": 2014,
            "quarter": 3,
            "eps": 0.58,
            "eps_growth_year": 70.59,
            "eps_4q": 2.66,
            "eps_4q_growth_year": 63.29,
            "roe": 3.99,
            "roe_4q": 19.46,
            "gross_profit": null,
            "gross_margin": null,
            "gross_margin_4q_avg": 0,
            "net_income": 8812104,
            "net_income_4q": null,
            "revenue": 60153464,
            "revenue_4q": null,
            "common_shares": 152572815,
            "book_valuer_per_share": 14.65,
            "book_valuer_per_share_4q_avg": 14.09,
            "equity": 223569063,
            "current_ratio": null,
            "debt_ratio": 93.7,
            "inventory_turnover_ratio": null,
            "account_receivable_turnover_ratio": null,
            "reinvestment_rate": 8.11,
            "research_to_sale_ratio": null,
            "price_fair": 69.3,
            "eps_avg_yearly": 1.98,
            "eps_latest_yearly": 2.32,
            "eps_growth_yearly": 64
        },
        "20144": {
            "year_quarter": 20144,
            "year": 2014,
            "quarter": 4,
            "eps": 0.14,
            "eps_growth_year": -35.91,
            "eps_4q": 2.58,
            "eps_4q_growth_year": 76.86,
            "roe": 0.95,
            "roe_4q": 18.71,
            "gross_profit": null,
            "gross_margin": null,
            "gross_margin_4q_avg": 0,
            "net_income": 2149312,
            "net_income_4q": null,
            "revenue": 49298459,
            "revenue_4q": null,
            "common_shares": 152572815,
            "book_valuer_per_share": 15.03,
            "book_valuer_per_share_4q_avg": 14.57,
            "equity": 229439398,
            "current_ratio": null,
            "debt_ratio": 93.72,
            "inventory_turnover_ratio": null,
            "account_receivable_turnover_ratio": null,
            "reinvestment_rate": 10.01,
            "research_to_sale_ratio": null,
            "price_fair": 67.81,
            "eps_avg_yearly": 1.94,
            "eps_latest_yearly": 0.56,
            "eps_growth_yearly": 47.89
        },
        "20151": {
            "year_quarter": 20151,
            "year": 2015,
            "quarter": 1,
            "eps": 0.64,
            "eps_growth_year": 20.75,
            "eps_4q": 2.71,
            "eps_4q_growth_year": 74.74,
            "roe": 4.17,
            "roe_4q": 18.939999999999998,
            "gross_profit": null,
            "gross_margin": null,
            "gross_margin_4q_avg": 0,
            "net_income": 9775513,
            "net_income_4q": null,
            "revenue": 54210943,
            "revenue_4q": null,
            "common_shares": 152572815,
            "book_valuer_per_share": 15.67,
            "book_valuer_per_share_4q_avg": 15.04,
            "equity": 239167951,
            "current_ratio": null,
            "debt_ratio": 93.6,
            "inventory_turnover_ratio": null,
            "account_receivable_turnover_ratio": null,
            "reinvestment_rate": 10.72,
            "research_to_sale_ratio": null,
            "price_fair": 69.3,
            "eps_avg_yearly": 1.98,
            "eps_latest_yearly": 2.56,
            "eps_growth_yearly": 124.27
        },
        "20152": {
            "year_quarter": 20152,
            "year": 2015,
            "quarter": 2,
            "eps": 0.45,
            "eps_growth_year": -68.09,
            "eps_4q": 1.71,
            "eps_4q_growth_year": -28.93,
            "roe": 3.18,
            "roe_4q": 12.29,
            "gross_profit": null,
            "gross_margin": null,
            "gross_margin_4q_avg": 0,
            "net_income": 7449574,
            "net_income_4q": null,
            "revenue": 46049429,
            "revenue_4q": null,
            "common_shares": 152572815,
            "book_valuer_per_share": 15,
            "book_valuer_per_share_4q_avg": 15.09,
            "equity": 228906268,
            "current_ratio": null,
            "debt_ratio": 93.9,
            "inventory_turnover_ratio": null,
            "account_receivable_turnover_ratio": null,
            "reinvestment_rate": 12.14,
            "research_to_sale_ratio": null,
            "price_fair": 68.08,
            "eps_avg_yearly": 1.95,
            "eps_latest_yearly": 1.8,
            "eps_growth_yearly": 110.47
        },
        "20153": {
            "year_quarter": 20153,
            "year": 2015,
            "quarter": 3,
            "eps": 0.47,
            "eps_growth_year": -18.97,
            "eps_4q": 1.65,
            "eps_4q_growth_year": -38.04,
            "roe": 3.31,
            "roe_4q": 11.61,
            "gross_profit": null,
            "gross_margin": null,
            "gross_margin_4q_avg": 0,
            "net_income": 7724449,
            "net_income_4q": null,
            "revenue": 48353538,
            "revenue_4q": null,
            "common_shares": 164931213,
            "book_valuer_per_share": 14.47,
            "book_valuer_per_share_4q_avg": 15.04,
            "equity": 238416008,
            "current_ratio": null,
            "debt_ratio": 94.08,
            "inventory_turnover_ratio": null,
            "account_receivable_turnover_ratio": null,
            "reinvestment_rate": 15.4,
            "research_to_sale_ratio": null,
            "price_fair": 69.39,
            "eps_avg_yearly": 1.98,
            "eps_latest_yearly": 1.88,
            "eps_growth_yearly": 123.02
        },
        "20154": {
            "year_quarter": 20154,
            "year": 2015,
            "quarter": 4,
            "eps": 0.58,
            "eps_growth_year": 311.7,
            "eps_4q": 1.96,
            "eps_4q_growth_year": -24.04,
            "roe": 4.05,
            "roe_4q": 14.709999999999999,
            "gross_profit": null,
            "gross_margin": null,
            "gross_margin_4q_avg": 0,
            "net_income": 10452506,
            "net_income_4q": null,
            "revenue": 66958017,
            "revenue_4q": null,
            "common_shares": 180547806,
            "book_valuer_per_share": 15.39,
            "book_valuer_per_share_4q_avg": 15.13,
            "equity": 277594246,
            "current_ratio": null,
            "debt_ratio": 93.96,
            "inventory_turnover_ratio": null,
            "account_receivable_turnover_ratio": null,
            "reinvestment_rate": 37.87,
            "research_to_sale_ratio": null,
            "price_fair": 71.4,
            "eps_avg_yearly": 2.04,
            "eps_latest_yearly": 2.32,
            "eps_growth_yearly": 126.52
        },
        "20161": {
            "year_quarter": 20161,
            "year": 2016,
            "quarter": 1,
            "eps": 0.36,
            "eps_growth_year": -43.75,
            "eps_4q": 1.79,
            "eps_4q_growth_year": -34.22,
            "roe": 2.33,
            "roe_4q": 12.87,
            "gross_profit": null,
            "gross_margin": null,
            "gross_margin_4q_avg": 0,
            "net_income": 6566976,
            "net_income_4q": null,
            "revenue": 75555505,
            "revenue_4q": null,
            "common_shares": 180547806,
            "book_valuer_per_share": 15.87,
            "book_valuer_per_share_4q_avg": 15.18,
            "equity": 286134757,
            "current_ratio": null,
            "debt_ratio": 93.86,
            "inventory_turnover_ratio": null,
            "account_receivable_turnover_ratio": null,
            "reinvestment_rate": 37.51,
            "research_to_sale_ratio": null,
            "price_fair": 70.53,
            "eps_avg_yearly": 2.02,
            "eps_latest_yearly": 1.44,
            "eps_growth_yearly": 109.18
        },
        "20162": {
            "year_quarter": 20162,
            "year": 2016,
            "quarter": 2,
            "eps": 0.43,
            "eps_growth_year": -4.44,
            "eps_4q": 1.67,
            "eps_4q_growth_year": -2.38,
            "roe": 2.73,
            "roe_4q": 12.42,
            "gross_profit": null,
            "gross_margin": null,
            "gross_margin_4q_avg": 0,
            "net_income": 7739521,
            "net_income_4q": null,
            "revenue": 75378677,
            "revenue_4q": null,
            "common_shares": 180547806,
            "book_valuer_per_share": 15.61,
            "book_valuer_per_share_4q_avg": 15.34,
            "equity": 281524014,
            "current_ratio": null,
            "debt_ratio": 94.08,
            "inventory_turnover_ratio": null,
            "account_receivable_turnover_ratio": null,
            "reinvestment_rate": 35.92,
            "research_to_sale_ratio": null,
            "price_fair": 70.35,
            "eps_avg_yearly": 2.01,
            "eps_latest_yearly": 1.72,
            "eps_growth_yearly": 114.59
        },
        "20163": {
            "year_quarter": 20163,
            "year": 2016,
            "quarter": 3,
            "eps": 0.5,
            "eps_growth_year": 6.38,
            "eps_4q": 1.74,
            "eps_4q_growth_year": 5.44,
            "roe": 3.16,
            "roe_4q": 12.27,
            "gross_profit": null,
            "gross_margin": null,
            "gross_margin_4q_avg": 0,
            "net_income": 9027242,
            "net_income_4q": null,
            "revenue": 84659563,
            "revenue_4q": null,
            "common_shares": 180547806,
            "book_valuer_per_share": 16.02,
            "book_valuer_per_share_4q_avg": 15.72,
            "equity": 288927260,
            "current_ratio": null,
            "debt_ratio": 94.04,
            "inventory_turnover_ratio": null,
            "account_receivable_turnover_ratio": null,
            "reinvestment_rate": 35.8,
            "research_to_sale_ratio": null,
            "price_fair": 71.4,
            "eps_avg_yearly": 2.04,
            "eps_latest_yearly": 2,
            "eps_growth_yearly": 122.55
        },
        "20164": {
            "year_quarter": 20164,
            "year": 2016,
            "quarter": 4,
            "eps": 0.24,
            "eps_growth_year": -59.25,
            "eps_4q": 1.43,
            "eps_4q_growth_year": -26.94,
            "roe": 1.61,
            "roe_4q": 9.83,
            "gross_profit": null,
            "gross_margin": null,
            "gross_margin_4q_avg": 0,
            "net_income": 4599135,
            "net_income_4q": null,
            "revenue": 84077616,
            "revenue_4q": null,
            "common_shares": 194969896,
            "book_valuer_per_share": 14.49,
            "book_valuer_per_share_4q_avg": 15.5,
            "equity": 282195419,
            "current_ratio": null,
            "debt_ratio": 94.17,
            "inventory_turnover_ratio": null,
            "account_receivable_turnover_ratio": null,
            "reinvestment_rate": 28.05,
            "research_to_sale_ratio": null,
            "price_fair": 69.48,
            "eps_avg_yearly": 1.99,
            "eps_latest_yearly": 0.96,
            "eps_growth_yearly": 104.28
        },
        "20171": {
            "year_quarter": 20171,
            "year": 2017,
            "quarter": 1,
            "eps": 0.52,
            "eps_growth_year": 44.44,
            "eps_4q": 1.62,
            "eps_4q_growth_year": -9.17,
            "roe": 3.57,
            "roe_4q": 11.07,
            "gross_profit": null,
            "gross_margin": null,
            "gross_margin_4q_avg": 0,
            "net_income": 10213879,
            "net_income_4q": null,
            "revenue": 93835415,
            "revenue_4q": null,
            "common_shares": 194969896,
            "book_valuer_per_share": 14.91,
            "book_valuer_per_share_4q_avg": 15.26,
            "equity": 290474588,
            "current_ratio": null,
            "debt_ratio": 94.08,
            "inventory_turnover_ratio": null,
            "account_receivable_turnover_ratio": null,
            "reinvestment_rate": 21.5,
            "research_to_sale_ratio": null,
            "price_fair": 69.48,
            "eps_avg_yearly": 1.99,
            "eps_latest_yearly": 2.08,
            "eps_growth_yearly": 130.19
        },
        "20172": {
            "year_quarter": 20172,
            "year": 2017,
            "quarter": 2,
            "eps": 0.47,
            "eps_growth_year": 9.3,
            "eps_4q": 1.7,
            "eps_4q_growth_year": 1.67,
            "roe": 3.2,
            "roe_4q": 11.54,
            "gross_profit": null,
            "gross_margin": null,
            "gross_margin_4q_avg": 0,
            "net_income": 9180711,
            "net_income_4q": null,
            "revenue": 75799544,
            "revenue_4q": null,
            "common_shares": 194969896,
            "book_valuer_per_share": 14.57,
            "book_valuer_per_share_4q_avg": 15,
            "equity": 283781273,
            "current_ratio": null,
            "debt_ratio": 94.4,
            "inventory_turnover_ratio": null,
            "account_receivable_turnover_ratio": null,
            "reinvestment_rate": 20.03,
            "research_to_sale_ratio": null,
            "price_fair": 68.95,
            "eps_avg_yearly": 1.97,
            "eps_latest_yearly": 1.88,
            "eps_growth_yearly": 127.31
        },
        "20173": {
            "year_quarter": 20173,
            "year": 2017,
            "quarter": 3,
            "eps": 0.6,
            "eps_growth_year": 20,
            "eps_4q": 1.83,
            "eps_4q_growth_year": 5.44,
            "roe": 4.02,
            "roe_4q": 12.399999999999999,
            "gross_profit": null,
            "gross_margin": null,
            "gross_margin_4q_avg": 0,
            "net_income": 11625439,
            "net_income_4q": null,
            "revenue": 88687634,
            "revenue_4q": null,
            "common_shares": 194969896,
            "book_valuer_per_share": 15.09,
            "book_valuer_per_share_4q_avg": 14.77,
            "equity": 293966843,
            "current_ratio": null,
            "debt_ratio": 94.37,
            "inventory_turnover_ratio": null,
            "account_receivable_turnover_ratio": null,
            "reinvestment_rate": 34.03,
            "research_to_sale_ratio": null,
            "price_fair": 71.23,
            "eps_avg_yearly": 2.04,
            "eps_latest_yearly": 2.4,
            "eps_growth_yearly": 143.18
        },
        "20174": {
            "year_quarter": 20174,
            "year": 2017,
            "quarter": 4,
            "eps": 0.32,
            "eps_growth_year": 34.87,
            "eps_4q": 1.91,
            "eps_4q_growth_year": 33.27,
            "roe": 2.02,
            "roe_4q": 12.809999999999999,
            "gross_profit": null,
            "gross_margin": null,
            "gross_margin_4q_avg": 0,
            "net_income": 6204151,
            "net_income_4q": null,
            "revenue": 91441064,
            "revenue_4q": null,
            "common_shares": 194969896,
            "book_valuer_per_share": 16.2,
            "book_valuer_per_share_4q_avg": 15.19,
            "equity": 320984171,
            "current_ratio": null,
            "debt_ratio": 93.99,
            "inventory_turnover_ratio": null,
            "account_receivable_turnover_ratio": null,
            "reinvestment_rate": 32.83,
            "research_to_sale_ratio": null,
            "price_fair": 72.1,
            "eps_avg_yearly": 2.06,
            "eps_latest_yearly": 1.28,
            "eps_growth_yearly": 140.34
        },
        "20181": {
            "year_quarter": 20181,
            "year": 2018,
            "quarter": 1,
            "eps": 0.63,
            "eps_growth_year": 21.15,
            "eps_4q": 2.02,
            "eps_4q_growth_year": 24.26,
            "roe": 3.77,
            "roe_4q": 13.009999999999998,
            "gross_profit": null,
            "gross_margin": null,
            "gross_margin_4q_avg": 0,
            "net_income": 12229003,
            "net_income_4q": null,
            "revenue": 76132213,
            "revenue_4q": null,
            "common_shares": 194969896,
            "book_valuer_per_share": 16.51,
            "book_valuer_per_share_4q_avg": 15.59,
            "equity": 327024789,
            "current_ratio": null,
            "debt_ratio": 93.98,
            "inventory_turnover_ratio": null,
            "account_receivable_turnover_ratio": null,
            "reinvestment_rate": 33.67,
            "research_to_sale_ratio": null,
            "price_fair": 72.98,
            "eps_avg_yearly": 2.09,
            "eps_latest_yearly": 2.52,
            "eps_growth_yearly": 129.33
        },
        "20182": {
            "year_quarter": 20182,
            "year": 2018,
            "quarter": 2,
            "eps": 0.5,
            "eps_growth_year": 6.38,
            "eps_4q": 2.04,
            "eps_4q_growth_year": 20.16,
            "roe": 3.02,
            "roe_4q": 12.83,
            "gross_profit": null,
            "gross_margin": null,
            "gross_margin_4q_avg": 0,
            "net_income": 9675032,
            "net_income_4q": null,
            "revenue": 69007785,
            "revenue_4q": null,
            "common_shares": 194969896,
            "book_valuer_per_share": 15.77,
            "book_valuer_per_share_4q_avg": 15.89,
            "equity": 312760056,
            "current_ratio": null,
            "debt_ratio": 94.36,
            "inventory_turnover_ratio": null,
            "account_receivable_turnover_ratio": null,
            "reinvestment_rate": 33.67,
            "research_to_sale_ratio": null,
            "price_fair": 65.01,
            "eps_avg_yearly": 1.86,
            "eps_latest_yearly": 2,
            "eps_growth_yearly": 82.66
        },
        "20183": {
            "year_quarter": 20183,
            "year": 2018,
            "quarter": 3,
            "eps": 0.48,
            "eps_growth_year": -20,
            "eps_4q": 1.92,
            "eps_4q_growth_year": 4.99,
            "roe": 2.96,
            "roe_4q": 11.77,
            "gross_profit": null,
            "gross_margin": null,
            "gross_margin_4q_avg": 0,
            "net_income": 9342686,
            "net_income_4q": null,
            "revenue": 84262690,
            "revenue_4q": null,
            "common_shares": 194969896,
            "book_valuer_per_share": 16.08,
            "book_valuer_per_share_4q_avg": 16.14,
            "equity": 318978052,
            "current_ratio": null,
            "debt_ratio": 94.39,
            "inventory_turnover_ratio": null,
            "account_receivable_turnover_ratio": null,
            "reinvestment_rate": 33.02,
            "research_to_sale_ratio": null,
            "price_fair": 64.14,
            "eps_avg_yearly": 1.83,
            "eps_latest_yearly": 1.92,
            "eps_growth_yearly": 96.38
        },
        "20184": {
            "year_quarter": 20184,
            "year": 2018,
            "quarter": 4,
            "eps": 0.25,
            "eps_growth_year": -22.92,
            "eps_4q": 1.85,
            "eps_4q_growth_year": -3.33,
            "roe": 1.51,
            "roe_4q": 11.26,
            "gross_profit": null,
            "gross_margin": null,
            "gross_margin_4q_avg": 0,
            "net_income": 4788490,
            "net_income_4q": null,
            "revenue": 84971903,
            "revenue_4q": null,
            "common_shares": 194969896,
            "book_valuer_per_share": 15.89,
            "book_valuer_per_share_4q_avg": 16.06,
            "equity": 315148481,
            "current_ratio": null,
            "debt_ratio": 94.52,
            "inventory_turnover_ratio": null,
            "account_receivable_turnover_ratio": null,
            "reinvestment_rate": 32.13,
            "research_to_sale_ratio": null,
            "price_fair": 65.1,
            "eps_avg_yearly": 1.86,
            "eps_latest_yearly": 1,
            "eps_growth_yearly": 103.37
        },
        "20191": {
            "year_quarter": 20191,
            "year": 2019,
            "quarter": 1,
            "eps": 0.57,
            "eps_growth_year": -9.52,
            "eps_4q": 1.78,
            "eps_4q_growth_year": -11.78,
            "roe": 3.33,
            "roe_4q": 10.82,
            "gross_profit": null,
            "gross_margin": null,
            "gross_margin_4q_avg": 0,
            "net_income": 11074436,
            "net_income_4q": null,
            "revenue": 80407377,
            "revenue_4q": null,
            "common_shares": 194969896,
            "book_valuer_per_share": 17.67,
            "book_valuer_per_share_4q_avg": 16.35,
            "equity": 350856913,
            "current_ratio": null,
            "debt_ratio": 94.15,
            "inventory_turnover_ratio": null,
            "account_receivable_turnover_ratio": null,
            "reinvestment_rate": 31.83,
            "research_to_sale_ratio": null,
            "price_fair": 64.49,
            "eps_avg_yearly": 1.84,
            "eps_latest_yearly": 2.28,
            "eps_growth_yearly": 46.08
        },
        "20192": {
            "year_quarter": 20192,
            "year": 2019,
            "quarter": 2,
            "eps": 0.44,
            "eps_growth_year": -12,
            "eps_4q": 1.77,
            "eps_4q_growth_year": -13.1,
            "roe": 2.61,
            "roe_4q": 10.41,
            "gross_profit": null,
            "gross_margin": null,
            "gross_margin_4q_avg": 0,
            "net_income": 9322314,
            "net_income_4q": null,
            "revenue": 48371461,
            "revenue_4q": null,
            "common_shares": 194969896,
            "book_valuer_per_share": 18.14,
            "book_valuer_per_share_4q_avg": 16.95,
            "equity": 362732128,
            "current_ratio": null,
            "debt_ratio": 94.12,
            "inventory_turnover_ratio": null,
            "account_receivable_turnover_ratio": null,
            "reinvestment_rate": 31,
            "research_to_sale_ratio": null,
            "price_fair": 64.4,
            "eps_avg_yearly": 1.84,
            "eps_latest_yearly": 1.76,
            "eps_growth_yearly": 47.8
        },
        "20193": {
            "year_quarter": 20193,
            "year": 2019,
            "quarter": 3,
            "eps": 0.91,
            "eps_growth_year": 89.58,
            "eps_4q": 2.2,
            "eps_4q_growth_year": 14.72,
            "roe": 4.81,
            "roe_4q": 12.26,
            "gross_profit": null,
            "gross_margin": null,
            "gross_margin_4q_avg": 0,
            "net_income": 17779447,
            "net_income_4q": null,
            "revenue": 69615831,
            "revenue_4q": null,
            "common_shares": 194969896,
            "book_valuer_per_share": 18.83,
            "book_valuer_per_share_4q_avg": 17.63,
            "equity": 376657998,
            "current_ratio": null,
            "debt_ratio": 94.06,
            "inventory_turnover_ratio": null,
            "account_receivable_turnover_ratio": null,
            "reinvestment_rate": 25.66,
            "research_to_sale_ratio": null,
            "price_fair": 68.25,
            "eps_avg_yearly": 1.95,
            "eps_latest_yearly": 3.64,
            "eps_growth_yearly": 73.39
        },
        "20194": {
            "year_quarter": 20194,
            "year": 2019,
            "quarter": 4,
            "eps": 0.24,
            "eps_growth_year": -1.71,
            "eps_4q": 2.2,
            "eps_4q_growth_year": 19,
            "roe": 1.24,
            "roe_4q": 11.99,
            "gross_profit": null,
            "gross_margin": null,
            "gross_margin_4q_avg": 0,
            "net_income": 4706079,
            "net_income_4q": null,
            "revenue": 66323059,
            "revenue_4q": null,
            "common_shares": 194969896,
            "book_valuer_per_share": 19.06,
            "book_valuer_per_share_4q_avg": 18.43,
            "equity": 381219840,
            "current_ratio": null,
            "debt_ratio": 93.87,
            "inventory_turnover_ratio": null,
            "account_receivable_turnover_ratio": null,
            "reinvestment_rate": -0.98,
            "research_to_sale_ratio": null,
            "price_fair": 65.28,
            "eps_avg_yearly": 1.87,
            "eps_latest_yearly": 0.96,
            "eps_growth_yearly": 49.14
        },
        "20201": {
            "year_quarter": 20201,
            "year": 2020,
            "quarter": 1,
            "eps": 0.62,
            "eps_growth_year": 8.77,
            "eps_4q": 2.26,
            "eps_4q_growth_year": 26.84,
            "roe": 3.36,
            "roe_4q": 12.02,
            "gross_profit": null,
            "gross_margin": null,
            "gross_margin_4q_avg": 0,
            "net_income": 12161087,
            "net_income_4q": null,
            "revenue": 62851755,
            "revenue_4q": null,
            "common_shares": 194969896,
            "book_valuer_per_share": 17.1,
            "book_valuer_per_share_4q_avg": 18.28,
            "equity": 341972617,
            "current_ratio": null,
            "debt_ratio": 94.63,
            "inventory_turnover_ratio": null,
            "account_receivable_turnover_ratio": null,
            "reinvestment_rate": -0.89,
            "research_to_sale_ratio": null,
            "price_fair": 67.55,
            "eps_avg_yearly": 1.93,
            "eps_latest_yearly": 2.48,
            "eps_growth_yearly": 98.2
        },
        "20202": {
            "year_quarter": 20202,
            "year": 2020,
            "quarter": 2,
            "eps": 0.31,
            "eps_growth_year": -29.55,
            "eps_4q": 2.14,
            "eps_4q_growth_year": 20.67,
            "roe": 2,
            "roe_4q": 11.41,
            "gross_profit": null,
            "gross_margin": null,
            "gross_margin_4q_avg": 0,
            "net_income": 7017935,
            "net_income_4q": null,
            "revenue": 47742044,
            "revenue_4q": null,
            "common_shares": 194969896,
            "book_valuer_per_share": 18.08,
            "book_valuer_per_share_4q_avg": 18.27,
            "equity": 361563624,
            "current_ratio": null,
            "debt_ratio": 94.33,
            "inventory_turnover_ratio": null,
            "account_receivable_turnover_ratio": null,
            "reinvestment_rate": -1.34,
            "research_to_sale_ratio": null,
            "price_fair": 66.5,
            "eps_avg_yearly": 1.9,
            "eps_latest_yearly": 1.24,
            "eps_growth_yearly": 80.84
        },
        "20203": {
            "year_quarter": 20203,
            "year": 2020,
            "quarter": 3,
            "eps": 0.87,
            "eps_growth_year": -4.4,
            "eps_4q": 2.09,
            "eps_4q_growth_year": -4.96,
            "roe": 4.62,
            "roe_4q": 11.22,
            "gross_profit": null,
            "gross_margin": null,
            "gross_margin_4q_avg": 0,
            "net_income": 16948758,
            "net_income_4q": null,
            "revenue": 49721853,
            "revenue_4q": null,
            "common_shares": 194969896,
            "book_valuer_per_share": 18.62,
            "book_valuer_per_share_4q_avg": 18.22,
            "equity": 372421747,
            "current_ratio": null,
            "debt_ratio": 94.25,
            "inventory_turnover_ratio": null,
            "account_receivable_turnover_ratio": null,
            "reinvestment_rate": -2.14,
            "research_to_sale_ratio": null,
            "price_fair": 69.74,
            "eps_avg_yearly": 1.99,
            "eps_latest_yearly": 3.48,
            "eps_growth_yearly": 121.93
        },
        "20204": {
            "year_quarter": 20204,
            "year": 2020,
            "quarter": 4,
            "eps": 0.35,
            "eps_growth_year": 42.94,
            "eps_4q": 2.2,
            "eps_4q_growth_year": -0.06,
            "roe": 1.73,
            "roe_4q": 11.709999999999999,
            "gross_profit": null,
            "gross_margin": null,
            "gross_margin_4q_avg": 0,
            "net_income": 6727375,
            "net_income_4q": null,
            "revenue": 34090669,
            "revenue_4q": null,
            "common_shares": 194969896,
            "book_valuer_per_share": 20.26,
            "book_valuer_per_share_4q_avg": 18.52,
            "equity": 405310740,
            "current_ratio": null,
            "debt_ratio": 93.87,
            "inventory_turnover_ratio": null,
            "account_receivable_turnover_ratio": null,
            "reinvestment_rate": 1.51,
            "research_to_sale_ratio": null,
            "price_fair": 70.7,
            "eps_avg_yearly": 2.02,
            "eps_latest_yearly": 1.4,
            "eps_growth_yearly": 119.99
        },
        "20211": {
            "year_quarter": 20211,
            "year": 2021,
            "quarter": 1,
            "eps": 1.01,
            "eps_growth_year": 62.9,
            "eps_4q": 2.59,
            "eps_4q_growth_year": 14.64,
            "roe": 4.84,
            "roe_4q": 13.190000000000001,
            "gross_profit": null,
            "gross_margin": null,
            "gross_margin_4q_avg": 0,
            "net_income": 19709422,
            "net_income_4q": null,
            "revenue": 47619935,
            "revenue_4q": null,
            "common_shares": 194969896,
            "book_valuer_per_share": 20.43,
            "book_valuer_per_share_4q_avg": 19.35,
            "equity": 408518813,
            "current_ratio": null,
            "debt_ratio": 93.84,
            "inventory_turnover_ratio": null,
            "account_receivable_turnover_ratio": null,
            "reinvestment_rate": 6.55,
            "research_to_sale_ratio": null,
            "price_fair": 74.99,
            "eps_avg_yearly": 2.14,
            "eps_latest_yearly": 4.04,
            "eps_growth_yearly": 137.97
        },
        "20212": {
            "year_quarter": 20212,
            "year": 2021,
            "quarter": 2,
            "eps": 0.7,
            "eps_growth_year": 125.81,
            "eps_4q": 2.93,
            "eps_4q_growth_year": 37.12,
            "roe": 3.28,
            "roe_4q": 14.469999999999999,
            "gross_profit": null,
            "gross_margin": null,
            "gross_margin_4q_avg": 0,
            "net_income": 13740674,
            "net_income_4q": null,
            "revenue": 37980281,
            "revenue_4q": null,
            "common_shares": 194969896,
            "book_valuer_per_share": 21.44,
            "book_valuer_per_share_4q_avg": 20.19,
            "equity": 428901000,
            "current_ratio": null,
            "debt_ratio": 93.59,
            "inventory_turnover_ratio": null,
            "account_receivable_turnover_ratio": null,
            "reinvestment_rate": 5.68,
            "research_to_sale_ratio": null,
            "price_fair": 77,
            "eps_avg_yearly": 2.2,
            "eps_latest_yearly": 2.8,
            "eps_growth_yearly": 132.7
        },
        "20213": {
            "year_quarter": 20213,
            "year": 2021,
            "quarter": 3,
            "eps": 0.61,
            "eps_growth_year": -29.89,
            "eps_4q": 2.73,
            "eps_4q_growth_year": 30.29,
            "roe": 3.09,
            "roe_4q": 12.94,
            "gross_profit": null,
            "gross_margin": null,
            "gross_margin_4q_avg": 0,
            "net_income": 13025595,
            "net_income_4q": null,
            "revenue": 50790337,
            "revenue_4q": null,
            "common_shares": 194969896,
            "book_valuer_per_share": 20.73,
            "book_valuer_per_share_4q_avg": 20.72,
            "equity": 414688283,
            "current_ratio": null,
            "debt_ratio": 93.85,
            "inventory_turnover_ratio": null,
            "account_receivable_turnover_ratio": null,
            "reinvestment_rate": -0.93,
            "research_to_sale_ratio": null,
            "price_fair": 77.09,
            "eps_avg_yearly": 2.2,
            "eps_latest_yearly": 2.44,
            "eps_growth_yearly": 122.57
        },
        "20214": {
            "year_quarter": 20214,
            "year": 2021,
            "quarter": 4,
            "eps": 0.4,
            "eps_growth_year": 14.91,
            "eps_4q": 2.78,
            "eps_4q_growth_year": 26.49,
            "roe": 1.73,
            "roe_4q": 12.94,
            "gross_profit": null,
            "gross_margin": null,
            "gross_margin_4q_avg": 0,
            "net_income": 7522522,
            "net_income_4q": null,
            "revenue": 49667271,
            "revenue_4q": null,
            "common_shares": 194969896,
            "book_valuer_per_share": 21.53,
            "book_valuer_per_share_4q_avg": 21.03,
            "equity": 452601450,
            "current_ratio": null,
            "debt_ratio": 93.61,
            "inventory_turnover_ratio": null,
            "account_receivable_turnover_ratio": null,
            "reinvestment_rate": -11.38,
            "research_to_sale_ratio": null,
            "price_fair": 77.79,
            "eps_avg_yearly": 2.22,
            "eps_latest_yearly": 1.6,
            "eps_growth_yearly": 125.63
        },
        "20221": {
            "year_quarter": 20221,
            "year": 2022,
            "quarter": 1,
            "eps": 0.84,
            "eps_growth_year": -16.83,
            "eps_4q": 2.6,
            "eps_4q_growth_year": 0.77,
            "roe": 3.71,
            "roe_4q": 11.809999999999999,
            "gross_profit": null,
            "gross_margin": null,
            "gross_margin_4q_avg": 0,
            "net_income": 16589349,
            "net_income_4q": null,
            "revenue": 57568091,
            "revenue_4q": null,
            "common_shares": 194969896,
            "book_valuer_per_share": 20.94,
            "book_valuer_per_share_4q_avg": 21.16,
            "equity": 441847302,
            "current_ratio": null,
            "debt_ratio": 93.83,
            "inventory_turnover_ratio": null,
            "account_receivable_turnover_ratio": null,
            "reinvestment_rate": -11.83,
            "research_to_sale_ratio": null,
            "price_fair": 79.63,
            "eps_avg_yearly": 2.28,
            "eps_latest_yearly": 3.36,
            "eps_growth_yearly": 128.91
        },
        "20222": {
            "year_quarter": 20222,
            "year": 2022,
            "quarter": 2,
            "eps": 0.35,
            "eps_growth_year": -50,
            "eps_4q": 2.31,
            "eps_4q_growth_year": -21.14,
            "roe": 2.05,
            "roe_4q": 10.58,
            "gross_profit": null,
            "gross_margin": null,
            "gross_margin_4q_avg": 0,
            "net_income": 8291069,
            "net_income_4q": null,
            "revenue": 43059232,
            "revenue_4q": null,
            "common_shares": 194969896,
            "book_valuer_per_share": 17.33,
            "book_valuer_per_share_4q_avg": 20.13,
            "equity": 368363593,
            "current_ratio": null,
            "debt_ratio": 94.97,
            "inventory_turnover_ratio": null,
            "account_receivable_turnover_ratio": null,
            "reinvestment_rate": -12.5,
            "research_to_sale_ratio": null,
            "price_fair": 78.31,
            "eps_avg_yearly": 2.24,
            "eps_latest_yearly": 1.4,
            "eps_growth_yearly": 119.48
        },
        "20223": {
            "year_quarter": 20223,
            "year": 2022,
            "quarter": 3,
            "eps": 0.41,
            "eps_growth_year": -32.79,
            "eps_4q": 2.05,
            "eps_4q_growth_year": -24.97,
            "roe": 2.27,
            "roe_4q": 9.760000000000002,
            "gross_profit": null,
            "gross_margin": null,
            "gross_margin_4q_avg": 0,
            "net_income": 8167328,
            "net_income_4q": null,
            "revenue": 36130378,
            "revenue_4q": null,
            "common_shares": 194969896,
            "book_valuer_per_share": 16.49,
            "book_valuer_per_share_4q_avg": 19.07,
            "equity": 351285413,
            "current_ratio": null,
            "debt_ratio": 95.41,
            "inventory_turnover_ratio": null,
            "account_receivable_turnover_ratio": null,
            "reinvestment_rate": -12.02,
            "research_to_sale_ratio": null,
            "price_fair": 77.7,
            "eps_avg_yearly": 2.22,
            "eps_latest_yearly": 1.64,
            "eps_growth_yearly": 124.77
        },
        "20224": {
            "year_quarter": 20224,
            "year": 2022,
            "quarter": 4,
            "eps": -0.05,
            "eps_growth_year": -111.69,
            "eps_4q": 1.6,
            "eps_4q_growth_year": -42.55,
            "roe": -0.12,
            "roe_4q": 7.909999999999999,
            "gross_profit": null,
            "gross_margin": null,
            "gross_margin_4q_avg": 0,
            "net_income": -434636,
            "net_income_4q": null,
            "revenue": 2494598,
            "revenue_4q": null,
            "common_shares": 195840746,
            "book_valuer_per_share": 18.4,
            "book_valuer_per_share_4q_avg": 18.29,
            "equity": 392822258,
            "current_ratio": null,
            "debt_ratio": 94.91,
            "inventory_turnover_ratio": null,
            "account_receivable_turnover_ratio": null,
            "reinvestment_rate": -14.35,
            "research_to_sale_ratio": null,
            "price_fair": 80.55,
            "eps_avg_yearly": 2.3,
            "eps_latest_yearly": 1.64,
            "eps_growth_yearly": 145.87
        },
        "20231": {
            "year_quarter": 20231,
            "year": 2023,
            "quarter": 1,
            "eps": 0.66,
            "eps_growth_year": -21.43,
            "eps_4q": 1.43,
            "eps_4q_growth_year": -45.22,
            "roe": 3.3,
            "roe_4q": 7.499999999999999,
            "gross_profit": null,
            "gross_margin": null,
            "gross_margin_4q_avg": 0,
            "net_income": 13501995,
            "net_income_4q": null,
            "revenue": 23537973,
            "revenue_4q": null,
            "common_shares": 195838008,
            "book_valuer_per_share": 19.98,
            "book_valuer_per_share_4q_avg": 18.05,
            "equity": 424870024,
            "current_ratio": null,
            "debt_ratio": 94.6,
            "inventory_turnover_ratio": null,
            "account_receivable_turnover_ratio": null,
            "reinvestment_rate": -14.63,
            "research_to_sale_ratio": null,
            "price_fair": 80.6,
            "eps_avg_yearly": 2.3,
            "eps_latest_yearly": 1.64,
            "eps_growth_yearly": 119.71
        },
        "20232": {
            "year_quarter": 20232,
            "year": 2023,
            "quarter": 2,
            "eps": 0.81,
            "eps_growth_year": 131.43,
            "eps_4q": 1.83,
            "eps_4q_growth_year": -20.89,
            "roe": 3.8,
            "roe_4q": 9.25,
            "gross_profit": null,
            "gross_margin": null,
            "gross_margin_4q_avg": 0,
            "net_income": 16187152,
            "net_income_4q": null,
            "revenue": 38952247,
            "revenue_4q": null,
            "common_shares": 195836143,
            "book_valuer_per_share": 20.08,
            "book_valuer_per_share_4q_avg": 18.74,
            "equity": 426486784,
            "current_ratio": null,
            "debt_ratio": 94.67,
            "inventory_turnover_ratio": null,
            "account_receivable_turnover_ratio": null,
            "reinvestment_rate": -14.07,
            "research_to_sale_ratio": null,
            "price_fair": 84.3,
            "eps_avg_yearly": 2.41,
            "eps_latest_yearly": 3.24,
            "eps_growth_yearly": 132.72
        },
        "20233": {
            "year_quarter": 20233,
            "year": 2023,
            "quarter": 3,
            "eps": 0.96,
            "eps_growth_year": 134.15,
            "eps_4q": 2.43,
            "eps_4q_growth_year": 18.92,
            "roe": 4.66,
            "roe_4q": 11.640000000000002,
            "gross_profit": null,
            "gross_margin": null,
            "gross_margin_4q_avg": 0,
            "net_income": 20096494,
            "net_income_4q": null,
            "revenue": 44392978,
            "revenue_4q": null,
            "common_shares": 195832971,
            "book_valuer_per_share": 20.59,
            "book_valuer_per_share_4q_avg": 19.76,
            "equity": 436338646,
            "current_ratio": null,
            "debt_ratio": 94.67,
            "inventory_turnover_ratio": null,
            "account_receivable_turnover_ratio": null,
            "reinvestment_rate": -13.43,
            "research_to_sale_ratio": null,
            "price_fair": 84.8,
            "eps_avg_yearly": 2.42,
            "eps_latest_yearly": 3.84,
            "eps_growth_yearly": 107.49
        }
    },
    "months": {
        "2002-05": {
            "month": "2002-05",
            "price": "30.29",
            "revenue": 492389
        },
        "2002-06": {
            "month": "2002-06",
            "price": "30.42",
            "revenue": 787929
        },
        "2002-07": {
            "month": "2002-07",
            "price": "29.86",
            "revenue": 1155771
        },
        "2002-08": {
            "month": "2002-08",
            "price": "28.65",
            "revenue": 968327
        },
        "2002-09": {
            "month": "2002-09",
            "price": "25.39",
            "revenue": 730904
        },
        "2002-10": {
            "month": "2002-10",
            "price": "25.66",
            "revenue": 1040342
        },
        "2002-11": {
            "month": "2002-11",
            "price": "27.65",
            "revenue": 1026711
        },
        "2002-12": {
            "month": "2002-12",
            "price": "27.18",
            "revenue": 717798
        },
        "2003-01": {
            "month": "2003-01",
            "price": "30.12",
            "revenue": 1392233
        },
        "2003-02": {
            "month": "2003-02",
            "price": "28.65",
            "revenue": 1180146
        },
        "2003-03": {
            "month": "2003-03",
            "price": "28.19",
            "revenue": 1016131
        },
        "2003-04": {
            "month": "2003-04",
            "price": "28.18",
            "revenue": 1052760
        },
        "2003-05": {
            "month": "2003-05",
            "price": "27.40",
            "revenue": 1463699
        },
        "2003-06": {
            "month": "2003-06",
            "price": "27.85",
            "revenue": 1554055
        },
        "2003-07": {
            "month": "2003-07",
            "price": "27.19",
            "revenue": 1359702
        },
        "2003-08": {
            "month": "2003-08",
            "price": "27.44",
            "revenue": 1466790
        },
        "2003-09": {
            "month": "2003-09",
            "price": "28.78",
            "revenue": 1265666
        },
        "2003-10": {
            "month": "2003-10",
            "price": "32.81",
            "revenue": 1248923
        },
        "2003-11": {
            "month": "2003-11",
            "price": "34.00",
            "revenue": 1058118
        },
        "2003-12": {
            "month": "2003-12",
            "price": "34.41",
            "revenue": -5598086
        },
        "2004-01": {
            "month": "2004-01",
            "price": "36.85",
            "revenue": 1757016
        },
        "2004-02": {
            "month": "2004-02",
            "price": "39.38",
            "revenue": 1667258
        },
        "2004-03": {
            "month": "2004-03",
            "price": "38.74",
            "revenue": 1597511
        },
        "2004-04": {
            "month": "2004-04",
            "price": "38.43",
            "revenue": 1508104
        },
        "2004-05": {
            "month": "2004-05",
            "price": "35.44",
            "revenue": 1079647
        },
        "2004-06": {
            "month": "2004-06",
            "price": "36.78",
            "revenue": 1360905
        },
        "2004-07": {
            "month": "2004-07",
            "price": "35.25",
            "revenue": 1630233
        },
        "2004-08": {
            "month": "2004-08",
            "price": "34.90",
            "revenue": 1689857
        },
        "2004-09": {
            "month": "2004-09",
            "price": "36.70",
            "revenue": 1918705
        },
        "2004-10": {
            "month": "2004-10",
            "price": "37.64",
            "revenue": 1615155
        },
        "2004-11": {
            "month": "2004-11",
            "price": "37.72",
            "revenue": 1470531
        },
        "2004-12": {
            "month": "2004-12",
            "price": "37.35",
            "revenue": -532314
        },
        "2005-01": {
            "month": "2005-01",
            "price": "36.53",
            "revenue": 1636472
        },
        "2005-02": {
            "month": "2005-02",
            "price": "36.76",
            "revenue": 1558996
        },
        "2005-03": {
            "month": "2005-03",
            "price": "36.45",
            "revenue": 1856133
        },
        "2005-04": {
            "month": "2005-04",
            "price": "34.82",
            "revenue": 1366189
        },
        "2005-05": {
            "month": "2005-05",
            "price": "35.33",
            "revenue": 1500554
        },
        "2005-06": {
            "month": "2005-06",
            "price": "34.69",
            "revenue": 2474337
        },
        "2005-07": {
            "month": "2005-07",
            "price": "34.25",
            "revenue": 1586939
        },
        "2005-08": {
            "month": "2005-08",
            "price": "32.96",
            "revenue": 1550022
        },
        "2005-09": {
            "month": "2005-09",
            "price": "29.24",
            "revenue": 1448499
        },
        "2005-10": {
            "month": "2005-10",
            "price": "27.23",
            "revenue": 1180726
        },
        "2005-11": {
            "month": "2005-11",
            "price": "26.58",
            "revenue": 948748
        },
        "2005-12": {
            "month": "2005-12",
            "price": "26.31",
            "revenue": 168572
        },
        "2006-01": {
            "month": "2006-01",
            "price": "26.15",
            "revenue": 967422
        },
        "2006-02": {
            "month": "2006-02",
            "price": "27.16",
            "revenue": 1159495
        },
        "2006-03": {
            "month": "2006-03",
            "price": "24.36",
            "revenue": -1111510
        },
        "2006-04": {
            "month": "2006-04",
            "price": "24.76",
            "revenue": -802756
        },
        "2006-05": {
            "month": "2006-05",
            "price": "27.00",
            "revenue": -2113468
        },
        "2006-06": {
            "month": "2006-06",
            "price": "26.32",
            "revenue": 38481
        },
        "2006-07": {
            "month": "2006-07",
            "price": "25.51",
            "revenue": -449182
        },
        "2006-08": {
            "month": "2006-08",
            "price": "23.07",
            "revenue": 15058
        },
        "2006-09": {
            "month": "2006-09",
            "price": "23.48",
            "revenue": 452983
        },
        "2006-10": {
            "month": "2006-10",
            "price": "25.16",
            "revenue": 336438
        },
        "2006-11": {
            "month": "2006-11",
            "price": "25.48",
            "revenue": 912804
        },
        "2006-12": {
            "month": "2006-12",
            "price": "27.32",
            "revenue": -8931748
        },
        "2007-01": {
            "month": "2007-01",
            "price": "27.51",
            "revenue": 117488
        },
        "2007-02": {
            "month": "2007-02",
            "price": "27.37",
            "revenue": 1602507
        },
        "2007-03": {
            "month": "2007-03",
            "price": "25.21",
            "revenue": 1192531
        },
        "2007-04": {
            "month": "2007-04",
            "price": "26.24",
            "revenue": 1071959
        },
        "2007-05": {
            "month": "2007-05",
            "price": "26.28",
            "revenue": 840786
        },
        "2007-06": {
            "month": "2007-06",
            "price": "25.34",
            "revenue": 4320600
        },
        "2007-07": {
            "month": "2007-07",
            "price": "27.24",
            "revenue": 2997834
        },
        "2007-08": {
            "month": "2007-08",
            "price": "23.71",
            "revenue": 780721
        },
        "2007-09": {
            "month": "2007-09",
            "price": "23.77",
            "revenue": 1075227
        },
        "2007-10": {
            "month": "2007-10",
            "price": "24.33",
            "revenue": 1702362
        },
        "2007-11": {
            "month": "2007-11",
            "price": "22.58",
            "revenue": -1014741
        },
        "2007-12": {
            "month": "2007-12",
            "price": "22.49",
            "revenue": -41060
        },
        "2008-01": {
            "month": "2008-01",
            "price": "24.74",
            "revenue": 1392915
        },
        "2008-02": {
            "month": "2008-02",
            "price": "27.29",
            "revenue": 1992866
        },
        "2008-03": {
            "month": "2008-03",
            "price": "27.98",
            "revenue": 1855351
        },
        "2008-04": {
            "month": "2008-04",
            "price": "30.85",
            "revenue": 2822048
        },
        "2008-05": {
            "month": "2008-05",
            "price": "30.72",
            "revenue": 566819
        },
        "2008-06": {
            "month": "2008-06",
            "price": "29.39",
            "revenue": 788856
        },
        "2008-07": {
            "month": "2008-07",
            "price": "23.66",
            "revenue": 358033
        },
        "2008-08": {
            "month": "2008-08",
            "price": "20.77",
            "revenue": 1480562
        },
        "2008-09": {
            "month": "2008-09",
            "price": "17.32",
            "revenue": -2127639
        },
        "2008-10": {
            "month": "2008-10",
            "price": "12.21",
            "revenue": 6237746
        },
        "2008-11": {
            "month": "2008-11",
            "price": "10.45",
            "revenue": 618883
        },
        "2008-12": {
            "month": "2008-12",
            "price": "12.93",
            "revenue": -453734
        },
        "2009-01": {
            "month": "2009-01",
            "price": "12.09",
            "revenue": 1376162
        },
        "2009-02": {
            "month": "2009-02",
            "price": "10.53",
            "revenue": 985457
        },
        "2009-03": {
            "month": "2009-03",
            "price": "11.45",
            "revenue": 1167532
        },
        "2009-04": {
            "month": "2009-04",
            "price": "14.91",
            "revenue": 946274
        },
        "2009-05": {
            "month": "2009-05",
            "price": "19.69",
            "revenue": 86932
        },
        "2009-06": {
            "month": "2009-06",
            "price": "20.03",
            "revenue": -3923646
        },
        "2009-07": {
            "month": "2009-07",
            "price": "21.34",
            "revenue": 101386
        },
        "2009-08": {
            "month": "2009-08",
            "price": "19.32",
            "revenue": 522223
        },
        "2009-09": {
            "month": "2009-09",
            "price": "20.28",
            "revenue": 310573
        },
        "2009-10": {
            "month": "2009-10",
            "price": "21.53",
            "revenue": 69900
        },
        "2009-11": {
            "month": "2009-11",
            "price": "20.14",
            "revenue": 1702644
        },
        "2009-12": {
            "month": "2009-12",
            "price": "19.41",
            "revenue": 794913
        },
        "2010-01": {
            "month": "2010-01",
            "price": "19.33",
            "revenue": 1403850
        },
        "2010-02": {
            "month": "2010-02",
            "price": "16.96",
            "revenue": 1129387
        },
        "2010-03": {
            "month": "2010-03",
            "price": "18.14",
            "revenue": 1407303
        },
        "2010-04": {
            "month": "2010-04",
            "price": "18.00",
            "revenue": 1629419
        },
        "2010-05": {
            "month": "2010-05",
            "price": "16.80",
            "revenue": 1565122
        },
        "2010-06": {
            "month": "2010-06",
            "price": "17.14",
            "revenue": 703325
        },
        "2010-07": {
            "month": "2010-07",
            "price": "19.11",
            "revenue": 1422751
        },
        "2010-08": {
            "month": "2010-08",
            "price": "19.57",
            "revenue": 1472652
        },
        "2010-09": {
            "month": "2010-09",
            "price": "19.33",
            "revenue": 443052
        },
        "2010-10": {
            "month": "2010-10",
            "price": "19.92",
            "revenue": 1644591
        },
        "2010-11": {
            "month": "2010-11",
            "price": "19.19",
            "revenue": 1307488
        },
        "2010-12": {
            "month": "2010-12",
            "price": "20.11",
            "revenue": 782626
        },
        "2011-01": {
            "month": "2011-01",
            "price": "22.79",
            "revenue": 1195475
        },
        "2011-02": {
            "month": "2011-02",
            "price": "23.17",
            "revenue": 1625276
        },
        "2011-03": {
            "month": "2011-03",
            "price": "24.14",
            "revenue": 2327916
        },
        "2011-04": {
            "month": "2011-04",
            "price": "24.66",
            "revenue": 1736708
        },
        "2011-05": {
            "month": "2011-05",
            "price": "25.30",
            "revenue": 1848224
        },
        "2011-06": {
            "month": "2011-06",
            "price": "24.79",
            "revenue": 2834897
        },
        "2011-07": {
            "month": "2011-07",
            "price": "26.18",
            "revenue": 1684405
        },
        "2011-08": {
            "month": "2011-08",
            "price": "23.75",
            "revenue": 1226771
        },
        "2011-09": {
            "month": "2011-09",
            "price": "19.46",
            "revenue": 574148
        },
        "2011-10": {
            "month": "2011-10",
            "price": "18.87",
            "revenue": 965196
        },
        "2011-11": {
            "month": "2011-11",
            "price": "17.58",
            "revenue": 2376885
        },
        "2011-12": {
            "month": "2011-12",
            "price": "18.02",
            "revenue": 637105
        },
        "2012-01": {
            "month": "2012-01",
            "price": "18.84",
            "revenue": 1682667
        },
        "2012-02": {
            "month": "2012-02",
            "price": "19.90",
            "revenue": 1585149
        },
        "2012-03": {
            "month": "2012-03",
            "price": "19.25",
            "revenue": 2079544
        },
        "2012-04": {
            "month": "2012-04",
            "price": "18.06",
            "revenue": 1635261
        },
        "2012-05": {
            "month": "2012-05",
            "price": "17.60",
            "revenue": 2010352
        },
        "2012-06": {
            "month": "2012-06",
            "price": "16.72",
            "revenue": 2179645
        },
        "2012-07": {
            "month": "2012-07",
            "price": "17.50",
            "revenue": 2037200
        },
        "2012-08": {
            "month": "2012-08",
            "price": "17.93",
            "revenue": 1435739
        },
        "2012-09": {
            "month": "2012-09",
            "price": "17.90",
            "revenue": 1435993
        },
        "2012-10": {
            "month": "2012-10",
            "price": "16.89",
            "revenue": 2107663
        },
        "2012-11": {
            "month": "2012-11",
            "price": "16.01",
            "revenue": 1961050
        },
        "2012-12": {
            "month": "2012-12",
            "price": "17.44",
            "revenue": 1687078
        },
        "2013-01": {
            "month": "2013-01",
            "price": "16.75",
            "revenue": 8912659
        },
        "2013-02": {
            "month": "2013-02",
            "price": "17.67",
            "revenue": 7389361
        },
        "2013-03": {
            "month": "2013-03",
            "price": "17.80",
            "revenue": 8771278
        },
        "2013-04": {
            "month": "2013-04",
            "price": "17.87",
            "revenue": 8465877
        },
        "2013-05": {
            "month": "2013-05",
            "price": "18.46",
            "revenue": 9865102
        },
        "2013-06": {
            "month": "2013-06",
            "price": "18.48",
            "revenue": 9966510
        },
        "2013-07": {
            "month": "2013-07",
            "price": "19.06",
            "revenue": 12271872
        },
        "2013-08": {
            "month": "2013-08",
            "price": "19.11",
            "revenue": 9577537
        },
        "2013-09": {
            "month": "2013-09",
            "price": "19.51",
            "revenue": 9226967
        },
        "2013-10": {
            "month": "2013-10",
            "price": "19.83",
            "revenue": 11074476
        },
        "2013-11": {
            "month": "2013-11",
            "price": "19.00",
            "revenue": 13260765
        },
        "2013-12": {
            "month": "2013-12",
            "price": "19.67",
            "revenue": 18396252
        },
        "2014-01": {
            "month": "2014-01",
            "price": "20.09",
            "revenue": 18360367
        },
        "2014-02": {
            "month": "2014-02",
            "price": "19.61",
            "revenue": 9623785
        },
        "2014-03": {
            "month": "2014-03",
            "price": "19.25",
            "revenue": 11606444
        },
        "2014-04": {
            "month": "2014-04",
            "price": "18.95",
            "revenue": 11131948
        },
        "2014-05": {
            "month": "2014-05",
            "price": "18.65",
            "revenue": 11404922
        },
        "2014-06": {
            "month": "2014-06",
            "price": "19.50",
            "revenue": 29851096
        },
        "2014-07": {
            "month": "2014-07",
            "price": "20.86",
            "revenue": 19228295
        },
        "2014-08": {
            "month": "2014-08",
            "price": "21.20",
            "revenue": 17642988
        },
        "2014-09": {
            "month": "2014-09",
            "price": "21.34",
            "revenue": 23282180
        },
        "2014-10": {
            "month": "2014-10",
            "price": "20.63",
            "revenue": 16450047
        },
        "2014-11": {
            "month": "2014-11",
            "price": "21.06",
            "revenue": 14092839
        },
        "2014-12": {
            "month": "2014-12",
            "price": "20.36",
            "revenue": 18751806
        },
        "2015-01": {
            "month": "2015-01",
            "price": "20.29",
            "revenue": 22349388
        },
        "2015-02": {
            "month": "2015-02",
            "price": "20.59",
            "revenue": 14357811
        },
        "2015-03": {
            "month": "2015-03",
            "price": "20.65",
            "revenue": 17503743
        },
        "2015-04": {
            "month": "2015-04",
            "price": "22.41",
            "revenue": 16117523
        },
        "2015-05": {
            "month": "2015-05",
            "price": "23.06",
            "revenue": 14647723
        },
        "2015-06": {
            "month": "2015-06",
            "price": "23.82",
            "revenue": 15284186
        },
        "2015-07": {
            "month": "2015-07",
            "price": "23.69",
            "revenue": 16015110
        },
        "2015-08": {
            "month": "2015-08",
            "price": "20.08",
            "revenue": 14887271
        },
        "2015-09": {
            "month": "2015-09",
            "price": "18.54",
            "revenue": 17455895
        },
        "2015-10": {
            "month": "2015-10",
            "price": "17.92",
            "revenue": 20097105
        },
        "2015-11": {
            "month": "2015-11",
            "price": "17.66",
            "revenue": 18583052
        },
        "2015-12": {
            "month": "2015-12",
            "price": "16.86",
            "revenue": 28319018
        },
        "2016-01": {
            "month": "2016-01",
            "price": "15.39",
            "revenue": 25493302
        },
        "2016-02": {
            "month": "2016-02",
            "price": "15.60",
            "revenue": 22764917
        },
        "2016-03": {
            "month": "2016-03",
            "price": "16.75",
            "revenue": 27304338
        },
        "2016-04": {
            "month": "2016-04",
            "price": "16.37",
            "revenue": 24744388
        },
        "2016-05": {
            "month": "2016-05",
            "price": "16.45",
            "revenue": 24686019
        },
        "2016-06": {
            "month": "2016-06",
            "price": "16.75",
            "revenue": 25953541
        },
        "2016-07": {
            "month": "2016-07",
            "price": "17.71",
            "revenue": 29739754
        },
        "2016-08": {
            "month": "2016-08",
            "price": "18.22",
            "revenue": 27929478
        },
        "2016-09": {
            "month": "2016-09",
            "price": "18.43",
            "revenue": 26996432
        },
        "2016-10": {
            "month": "2016-10",
            "price": "17.50",
            "revenue": 24763594
        },
        "2016-11": {
            "month": "2016-11",
            "price": "17.11",
            "revenue": 27596680
        },
        "2016-12": {
            "month": "2016-12",
            "price": "17.72",
            "revenue": 31724010
        },
        "2017-01": {
            "month": "2017-01",
            "price": "17.82",
            "revenue": 38258908
        },
        "2017-02": {
            "month": "2017-02",
            "price": "18.38",
            "revenue": 27382541
        },
        "2017-03": {
            "month": "2017-03",
            "price": "18.77",
            "revenue": 28193966
        },
        "2017-04": {
            "month": "2017-04",
            "price": "18.61",
            "revenue": 24172851
        },
        "2017-05": {
            "month": "2017-05",
            "price": "19.23",
            "revenue": 24631757
        },
        "2017-06": {
            "month": "2017-06",
            "price": "19.48",
            "revenue": 26994935
        },
        "2017-07": {
            "month": "2017-07",
            "price": "19.86",
            "revenue": 28853834
        },
        "2017-08": {
            "month": "2017-08",
            "price": "19.40",
            "revenue": 29562030
        },
        "2017-09": {
            "month": "2017-09",
            "price": "19.29",
            "revenue": 30271771
        },
        "2017-10": {
            "month": "2017-10",
            "price": "19.35",
            "revenue": 27481844
        },
        "2017-11": {
            "month": "2017-11",
            "price": "19.66",
            "revenue": 30344751
        },
        "2017-12": {
            "month": "2017-12",
            "price": "20.33",
            "revenue": 33614468
        },
        "2018-01": {
            "month": "2018-01",
            "price": "21.40",
            "revenue": 32448749
        },
        "2018-02": {
            "month": "2018-02",
            "price": "20.87",
            "revenue": 19883944
        },
        "2018-03": {
            "month": "2018-03",
            "price": "21.44",
            "revenue": 23776802
        },
        "2018-04": {
            "month": "2018-04",
            "price": "21.32",
            "revenue": 21909860
        },
        "2018-05": {
            "month": "2018-05",
            "price": "21.78",
            "revenue": 23499850
        },
        "2018-06": {
            "month": "2018-06",
            "price": "22.00",
            "revenue": 23597474
        },
        "2018-07": {
            "month": "2018-07",
            "price": "20.80",
            "revenue": 27956919
        },
        "2018-08": {
            "month": "2018-08",
            "price": "21.30",
            "revenue": 29688691
        },
        "2018-09": {
            "month": "2018-09",
            "price": "21.76",
            "revenue": 26617073
        },
        "2018-10": {
            "month": "2018-10",
            "price": "21.37",
            "revenue": 24216509
        },
        "2018-11": {
            "month": "2018-11",
            "price": "20.80",
            "revenue": 28544497
        },
        "2018-12": {
            "month": "2018-12",
            "price": "20.12",
            "revenue": 32210898
        },
        "2019-01": {
            "month": "2019-01",
            "price": "20.22",
            "revenue": 32232285
        },
        "2019-02": {
            "month": "2019-02",
            "price": "20.62",
            "revenue": 24237554
        },
        "2019-03": {
            "month": "2019-03",
            "price": "20.63",
            "revenue": 23930085
        },
        "2019-04": {
            "month": "2019-04",
            "price": "20.52",
            "revenue": 21299701
        },
        "2019-05": {
            "month": "2019-05",
            "price": "21.04",
            "revenue": 16811770
        },
        "2019-06": {
            "month": "2019-06",
            "price": "21.18",
            "revenue": 10267443
        },
        "2019-07": {
            "month": "2019-07",
            "price": "21.00",
            "revenue": 24794809
        },
        "2019-08": {
            "month": "2019-08",
            "price": "20.21",
            "revenue": 23403601
        },
        "2019-09": {
            "month": "2019-09",
            "price": "20.79",
            "revenue": 21417431
        },
        "2019-10": {
            "month": "2019-10",
            "price": "20.92",
            "revenue": 21433421
        },
        "2019-11": {
            "month": "2019-11",
            "price": "21.92",
            "revenue": 22270811
        },
        "2019-12": {
            "month": "2019-12",
            "price": "22.22",
            "revenue": 22618828
        },
        "2020-01": {
            "month": "2020-01",
            "price": "22.41",
            "revenue": 27536085
        },
        "2020-02": {
            "month": "2020-02",
            "price": "22.74",
            "revenue": 22321250
        },
        "2020-03": {
            "month": "2020-03",
            "price": "19.43",
            "revenue": 12994918
        },
        "2020-04": {
            "month": "2020-04",
            "price": "18.88",
            "revenue": 18726088
        },
        "2020-05": {
            "month": "2020-05",
            "price": "19.75",
            "revenue": 14109423
        },
        "2020-06": {
            "month": "2020-06",
            "price": "20.48",
            "revenue": 14887451
        },
        "2020-07": {
            "month": "2020-07",
            "price": "20.13",
            "revenue": 21587335
        },
        "2020-08": {
            "month": "2020-08",
            "price": "19.26",
            "revenue": 15033395
        },
        "2020-09": {
            "month": "2020-09",
            "price": "18.55",
            "revenue": 13092416
        },
        "2020-10": {
            "month": "2020-10",
            "price": "18.13",
            "revenue": 13071852
        },
        "2020-11": {
            "month": "2020-11",
            "price": "19.27",
            "revenue": 13008147
        },
        "2020-12": {
            "month": "2020-12",
            "price": "19.40",
            "revenue": 8002400
        },
        "2021-01": {
            "month": "2021-01",
            "price": "19.55",
            "revenue": 21706979
        },
        "2021-02": {
            "month": "2021-02",
            "price": "19.93",
            "revenue": 13199214
        },
        "2021-03": {
            "month": "2021-03",
            "price": "21.30",
            "revenue": 12682045
        },
        "2021-04": {
            "month": "2021-04",
            "price": "22.44",
            "revenue": 12323459
        },
        "2021-05": {
            "month": "2021-05",
            "price": "22.65",
            "revenue": 11313211
        },
        "2021-06": {
            "month": "2021-06",
            "price": "22.56",
            "revenue": 14359880
        },
        "2021-07": {
            "month": "2021-07",
            "price": "22.75",
            "revenue": 15537158
        },
        "2021-08": {
            "month": "2021-08",
            "price": "22.46",
            "revenue": 18591277
        },
        "2021-09": {
            "month": "2021-09",
            "price": "22.90",
            "revenue": 16677331
        },
        "2021-10": {
            "month": "2021-10",
            "price": "23.03",
            "revenue": 16646756
        },
        "2021-11": {
            "month": "2021-11",
            "price": "23.97",
            "revenue": 16520366
        },
        "2021-12": {
            "month": "2021-12",
            "price": "25.66",
            "revenue": 16500149
        },
        "2022-01": {
            "month": "2022-01",
            "price": "27.15",
            "revenue": 24174760
        },
        "2022-02": {
            "month": "2022-02",
            "price": "28.24",
            "revenue": 17116897
        },
        "2022-03": {
            "month": "2022-03",
            "price": "27.76",
            "revenue": 16276440
        },
        "2022-04": {
            "month": "2022-04",
            "price": "29.59",
            "revenue": 15403028
        },
        "2022-05": {
            "month": "2022-05",
            "price": "26.57",
            "revenue": 11386911
        },
        "2022-06": {
            "month": "2022-06",
            "price": "26.14",
            "revenue": 16494110
        },
        "2022-07": {
            "month": "2022-07",
            "price": "23.11",
            "revenue": 15576298
        },
        "2022-08": {
            "month": "2022-08",
            "price": "23.62",
            "revenue": 11158103
        },
        "2022-09": {
            "month": "2022-09",
            "price": "22.01",
            "revenue": 9171155
        },
        "2022-10": {
            "month": "2022-10",
            "price": "20.12",
            "revenue": 3374417
        },
        "2022-11": {
            "month": "2022-11",
            "price": "21.71",
            "revenue": -2440518
        },
        "2022-12": {
            "month": "2022-12",
            "price": "22.39",
            "revenue": 1625695
        },
        "2023-01": {
            "month": "2023-01",
            "price": "22.85",
            "revenue": 8220375
        },
        "2023-02": {
            "month": "2023-02",
            "price": "22.62",
            "revenue": 7601957
        },
        "2023-03": {
            "month": "2023-03",
            "price": "21.83",
            "revenue": 7715775
        },
        "2023-04": {
            "month": "2023-04",
            "price": "22.24",
            "revenue": 11214592
        },
        "2023-05": {
            "month": "2023-05",
            "price": "23.75",
            "revenue": 9989261
        },
        "2023-06": {
            "month": "2023-06",
            "price": "24.76",
            "revenue": 17748261
        },
        "2023-07": {
            "month": "2023-07",
            "price": "25.63",
            "revenue": 18037055
        },
        "2023-08": {
            "month": "2023-08",
            "price": "24.23",
            "revenue": 13503419
        },
        "2023-09": {
            "month": "2023-09",
            "price": "24.38",
            "revenue": 12852866
        },
        "2023-10": {
            "month": "2023-10",
            "price": "24.61",
            "revenue": 11787572
        },
        "2023-11": {
            "month": "2023-11",
            "price": "26.17",
            "revenue": 8149823
        },
        "2023-12": {
            "month": "2023-12",
            "price": "27.72",
            "revenue": 9755268
        }
    }
}
