{
    "summary": {
        "stock_name": "第一金",
        "stock_id": "2892",
        "category": "金融",
        "main_business": "金融控股公司業",
        "website_url": "http://www.firstholding.com.tw",
        "ceo": "陳芬蘭",
        "pe_ratio": 16,
        "report_year_from": 2003,
        "report_year_to": 2023,
        "age": 21,
        "eps_negative_percentage": 0,
        "eps_growth_avg": {
            "last_all": 2.68,
            "last_2y": 2.78,
            "last_4y": 0.72,
            "last_8y": -0.44,
            "last_12y": 2.68,
            "last_16y": null,
            "last_20y": null,
            "at_2006_last_3y": null,
            "at_2007_last_3y": null,
            "at_2008_last_3y": null,
            "at_2009_last_3y": null,
            "at_2010_last_3y": null,
            "at_2011_last_3y": null,
            "at_2012_last_3y": null,
            "at_2013_last_3y": null,
            "at_2014_last_3y": 9.68,
            "at_2015_last_3y": 10.79,
            "at_2016_last_3y": 4.23,
            "at_2017_last_3y": 0.63,
            "at_2018_last_3y": -1.89,
            "at_2019_last_3y": 0.13,
            "at_2020_last_3y": -1.83,
            "at_2021_last_3y": 5.55,
            "at_2022_last_3y": 3.44,
            "at_2023_last_3y": -1.76,
            "at_2024_last_3y": -1.76,
            "at_2006_last_all": null,
            "at_2007_last_all": null,
            "at_2008_last_all": null,
            "at_2009_last_all": null,
            "at_2010_last_all": null,
            "at_2011_last_all": null,
            "at_2012_last_all": 8.43,
            "at_2013_last_all": 5.88,
            "at_2014_last_all": 9.68,
            "at_2015_last_all": 8.26,
            "at_2016_last_all": 5.63,
            "at_2017_last_all": 2.88,
            "at_2018_last_all": 3.9,
            "at_2019_last_all": 4.65,
            "at_2020_last_all": 2.64,
            "at_2021_last_all": 3.85,
            "at_2022_last_all": 3.75,
            "at_2023_last_all": 2.68,
            "at_2024_last_all": 2.68
        },
        "latest_eps": 1.7,
        "latest_price": 27.4,
        "latest_roe": 10.1,
        "latest_gross_margin": null,
        "latest_equity": 242009091,
        "latest_revenue": 16579292,
        "latest_gross_profit": null,
        "latest_net_income": 5868195,
        "latest_debt_ratio": 94.46,
        "latest_current_ratio": null,
        "latest_account_receivable_turnover_ratio": null,
        "latest_inventory_turnover_ratio": null,
        "latest_reinvestment_rate": 1.33,
        "latest_research_to_sale_ratio": null
    },
    "eps_dividends": {
        "2001": {
            "cash": 0,
            "stock": 0,
            "eps": 0
        },
        "2002": {
            "cash": 0,
            "stock": 0,
            "eps": 0
        },
        "2003": {
            "cash": 0,
            "stock": 0,
            "eps": 0
        },
        "2004": {
            "cash": 0,
            "stock": 0,
            "eps": 0
        },
        "2005": {
            "cash": 0.75,
            "stock": 0.5,
            "eps": 0
        },
        "2006": {
            "cash": 1.25,
            "stock": 0.25,
            "eps": 0
        },
        "2007": {
            "cash": 1,
            "stock": 0.2,
            "eps": 0
        },
        "2008": {
            "cash": 1.7,
            "stock": 0.12,
            "eps": 0
        },
        "2009": {
            "cash": 0.5,
            "stock": 0.25,
            "eps": 0
        },
        "2010": {
            "cash": 0.5,
            "stock": 0.25,
            "eps": 1.09
        },
        "2011": {
            "cash": 0.7,
            "stock": 1.2,
            "eps": 1.07
        },
        "2012": {
            "cash": 0,
            "stock": 0,
            "eps": 1.27
        },
        "2013": {
            "cash": 0.45,
            "stock": 0.65,
            "eps": 1.28
        },
        "2014": {
            "cash": 0.5,
            "stock": 0.7,
            "eps": 1.55
        },
        "2015": {
            "cash": 0.7,
            "stock": 0.65,
            "eps": 1.59
        },
        "2016": {
            "cash": 0.95,
            "stock": 0.45,
            "eps": 1.47
        },
        "2017": {
            "cash": 1.2,
            "stock": 0.2,
            "eps": 1.27
        },
        "2018": {
            "cash": 0.9,
            "stock": 0.1,
            "eps": 1.41
        },
        "2019": {
            "cash": 1,
            "stock": 0.1,
            "eps": 1.56
        },
        "2020": {
            "cash": 1.05,
            "stock": 0.3,
            "eps": 1.32
        },
        "2021": {
            "cash": 0.9,
            "stock": 0.1,
            "eps": 1.53
        },
        "2022": {
            "cash": 1,
            "stock": 0.2,
            "eps": 1.57
        },
        "2023": {
            "cash": 1.6,
            "stock": 0.6,
            "eps": 1.41
        }
    },
    "dividends": {
        "2005-04-22": {
            "cash": 0.75,
            "stock": 0.5
        },
        "2006-04-20": {
            "cash": 1.25,
            "stock": 0.25
        },
        "2007-04-26": {
            "cash": 1,
            "stock": 0.2
        },
        "2008-04-24": {
            "cash": 1.7,
            "stock": 0.12
        },
        "2009-04-09": {
            "cash": 0.5,
            "stock": 0.25
        },
        "2010-04-29": {
            "cash": 0.5,
            "stock": 0.25
        },
        "2011-01-01": {
            "cash": 0.4,
            "stock": 0.6
        },
        "2011-04-28": {
            "cash": 0.3,
            "stock": 0.6
        },
        "2013-04-25": {
            "cash": 0.45,
            "stock": 0.65
        },
        "2014-08-20": {
            "cash": 0.5,
            "stock": 0.7
        },
        "2015-08-20": {
            "cash": 0.7,
            "stock": 0.65
        },
        "2016-08-25": {
            "cash": 0.95,
            "stock": 0.45
        },
        "2017-08-24": {
            "cash": 1.2,
            "stock": 0.2
        },
        "2018-08-30": {
            "cash": 0.9,
            "stock": 0.1
        },
        "2019-08-29": {
            "cash": 1,
            "stock": 0.1
        },
        "2020-08-27": {
            "cash": 1.05,
            "stock": 0.3
        },
        "2021-09-15": {
            "cash": 0.9,
            "stock": 0.1
        },
        "2022-08-25": {
            "cash": 1,
            "stock": 0.2
        },
        "2023-04-27": {
            "cash": 0.8,
            "stock": 0.3
        },
        "2023-08-31": {
            "cash": 0.8,
            "stock": 0.3
        }
    },
    "prices": {
        "200101": "無",
        "200102": "無",
        "200103": "無",
        "200104": "無",
        "200105": "無",
        "200106": "無",
        "200107": "無",
        "200108": "無",
        "200109": "無",
        "200110": "無",
        "200111": "無",
        "200112": "無",
        "200201": "無",
        "200202": "無",
        "200203": "無",
        "200204": "無",
        "200205": "無",
        "200206": "無",
        "200207": "無",
        "200208": "無",
        "200209": "無",
        "200210": "無",
        "200211": "無",
        "200212": "無",
        "200301": "26.67",
        "200302": "22.79",
        "200303": "21.53",
        "200304": "21.78",
        "200305": "20.29",
        "200306": "21.70",
        "200307": "21.53",
        "200308": "19.54",
        "200309": "19.91",
        "200310": "22.15",
        "200311": "21.99",
        "200312": "23.01",
        "200401": "25.63",
        "200402": "26.90",
        "200403": "26.38",
        "200404": "26.51",
        "200405": "24.01",
        "200406": "24.24",
        "200407": "23.52",
        "200408": "22.16",
        "200409": "25.12",
        "200410": "27.10",
        "200411": "27.14",
        "200412": "26.83",
        "200501": "26.63",
        "200502": "26.77",
        "200503": "26.08",
        "200504": "24.00",
        "200505": "25.18",
        "200506": "25.84",
        "200507": "25.92",
        "200508": "25.00",
        "200509": "23.96",
        "200510": "23.15",
        "200511": "23.37",
        "200512": "23.72",
        "200601": "23.66",
        "200602": "24.75",
        "200603": "23.52",
        "200604": "24.19",
        "200605": "24.88",
        "200606": "23.79",
        "200607": "23.78",
        "200608": "21.64",
        "200609": "21.49",
        "200610": "22.93",
        "200611": "23.45",
        "200612": "24.31",
        "200701": "24.39",
        "200702": "24.35",
        "200703": "23.03",
        "200704": "23.22",
        "200705": "22.54",
        "200706": "22.76",
        "200707": "24.77",
        "200708": "22.18",
        "200709": "22.73",
        "200710": "24.44",
        "200711": "24.42",
        "200712": "23.96",
        "200801": "25.60",
        "200802": "27.15",
        "200803": "29.98",
        "200804": "35.09",
        "200805": "36.35",
        "200806": "34.82",
        "200807": "27.54",
        "200808": "24.72",
        "200809": "21.38",
        "200810": "15.94",
        "200811": "15.54",
        "200812": "16.13",
        "200901": "15.74",
        "200902": "13.60",
        "200903": "14.54",
        "200904": "17.50",
        "200905": "19.82",
        "200906": "19.58",
        "200907": "19.55",
        "200908": "18.82",
        "200909": "19.65",
        "200910": "20.46",
        "200911": "19.87",
        "200912": "19.31",
        "201001": "19.09",
        "201002": "17.04",
        "201003": "17.63",
        "201004": "17.66",
        "201005": "16.66",
        "201006": "17.00",
        "201007": "18.82",
        "201008": "18.96",
        "201009": "19.63",
        "201010": "20.55",
        "201011": "20.22",
        "201012": "24.41",
        "201101": "26.43",
        "201102": "24.59",
        "201103": "24.48",
        "201104": "25.35",
        "201105": "25.65",
        "201106": "23.78",
        "201107": "24.54",
        "201108": "23.44",
        "201109": "20.05",
        "201110": "19.44",
        "201111": "18.20",
        "201112": "17.54",
        "201201": "17.66",
        "201202": "18.89",
        "201203": "18.10",
        "201204": "17.22",
        "201205": "17.10",
        "201206": "16.98",
        "201207": "17.76",
        "201208": "17.68",
        "201209": "17.88",
        "201210": "17.55",
        "201211": "16.89",
        "201212": "17.77",
        "201301": "17.69",
        "201302": "18.87",
        "201303": "18.60",
        "201304": "17.95",
        "201305": "18.28",
        "201306": "17.59",
        "201307": "18.17",
        "201308": "17.19",
        "201309": "17.82",
        "201310": "18.10",
        "201311": "17.80",
        "201312": "18.01",
        "201401": "18.29",
        "201402": "18.00",
        "201403": "17.96",
        "201404": "18.02",
        "201405": "18.11",
        "201406": "18.78",
        "201407": "19.72",
        "201408": "18.32",
        "201409": "18.88",
        "201410": "18.42",
        "201411": "18.64",
        "201412": "18.46",
        "201501": "18.44",
        "201502": "18.65",
        "201503": "18.48",
        "201504": "18.93",
        "201505": "19.17",
        "201506": "18.85",
        "201507": "18.79",
        "201508": "15.97",
        "201509": "15.50",
        "201510": "15.62",
        "201511": "15.56",
        "201512": "15.19",
        "201601": "14.69",
        "201602": "15.28",
        "201603": "15.93",
        "201604": "15.76",
        "201605": "16.09",
        "201606": "16.76",
        "201607": "17.26",
        "201608": "16.62",
        "201609": "16.67",
        "201610": "16.59",
        "201611": "16.53",
        "201612": "17.10",
        "201701": "17.38",
        "201702": "17.94",
        "201703": "18.42",
        "201704": "18.54",
        "201705": "19.10",
        "201706": "19.64",
        "201707": "20.42",
        "201708": "19.41",
        "201709": "19.59",
        "201710": "19.75",
        "201711": "19.36",
        "201712": "19.33",
        "201801": "19.92",
        "201802": "19.83",
        "201803": "20.07",
        "201804": "20.35",
        "201805": "20.59",
        "201806": "20.70",
        "201807": "20.61",
        "201808": "20.63",
        "201809": "20.54",
        "201810": "19.97",
        "201811": "20.15",
        "201812": "19.85",
        "201901": "20.13",
        "201902": "20.64",
        "201903": "20.98",
        "201904": "21.40",
        "201905": "21.91",
        "201906": "22.50",
        "201907": "22.98",
        "201908": "21.74",
        "201909": "21.92",
        "201910": "22.11",
        "201911": "22.79",
        "201912": "23.45",
        "202001": "23.80",
        "202002": "24.06",
        "202003": "20.77",
        "202004": "20.58",
        "202005": "22.04",
        "202006": "22.89",
        "202007": "23.17",
        "202008": "22.01",
        "202009": "20.73",
        "202010": "20.45",
        "202011": "21.31",
        "202012": "20.92",
        "202101": "20.89",
        "202102": "20.76",
        "202103": "21.72",
        "202104": "22.56",
        "202105": "21.89",
        "202106": "22.30",
        "202107": "22.76",
        "202108": "22.96",
        "202109": "22.58",
        "202110": "22.64",
        "202111": "23.35",
        "202112": "24.05",
        "202201": "25.16",
        "202202": "26.26",
        "202203": "26.62",
        "202204": "28.45",
        "202205": "26.40",
        "202206": "26.32",
        "202207": "25.60",
        "202208": "26.44",
        "202209": "26.48",
        "202210": "24.74",
        "202211": "25.44",
        "202212": "26.24",
        "202301": "26.60",
        "202302": "26.47",
        "202303": "26.27",
        "202304": "26.81",
        "202305": "27.65",
        "202306": "27.77",
        "202307": "28.09",
        "202308": "27.26",
        "202309": "26.70",
        "202310": "26.33",
        "202311": "27.18",
        "202312": "27.29"
    },
    "quarters": {
        "20011": {
            "year_quarter": 20011,
            "year": 2001,
            "quarter": 1,
            "eps": null,
            "eps_growth_year": null,
            "eps_4q": null,
            "eps_4q_growth_year": null,
            "roe": null,
            "roe_4q": 0,
            "gross_profit": null,
            "gross_margin": null,
            "gross_margin_4q_avg": 0,
            "net_income": null,
            "net_income_4q": null,
            "revenue": null,
            "revenue_4q": null,
            "common_shares": null,
            "book_valuer_per_share": null,
            "book_valuer_per_share_4q_avg": 0,
            "equity": null,
            "current_ratio": null,
            "debt_ratio": null,
            "inventory_turnover_ratio": null,
            "account_receivable_turnover_ratio": null,
            "reinvestment_rate": null,
            "research_to_sale_ratio": null,
            "price_fair": 0,
            "eps_avg_yearly": 0,
            "eps_latest_yearly": 0,
            "eps_growth_yearly": 0
        },
        "20012": {
            "year_quarter": 20012,
            "year": 2001,
            "quarter": 2,
            "eps": null,
            "eps_growth_year": null,
            "eps_4q": null,
            "eps_4q_growth_year": null,
            "roe": null,
            "roe_4q": 0,
            "gross_profit": null,
            "gross_margin": null,
            "gross_margin_4q_avg": 0,
            "net_income": null,
            "net_income_4q": null,
            "revenue": null,
            "revenue_4q": null,
            "common_shares": null,
            "book_valuer_per_share": null,
            "book_valuer_per_share_4q_avg": 0,
            "equity": null,
            "current_ratio": null,
            "debt_ratio": null,
            "inventory_turnover_ratio": null,
            "account_receivable_turnover_ratio": null,
            "reinvestment_rate": null,
            "research_to_sale_ratio": null,
            "price_fair": 0,
            "eps_avg_yearly": 0,
            "eps_latest_yearly": 0,
            "eps_growth_yearly": 0
        },
        "20013": {
            "year_quarter": 20013,
            "year": 2001,
            "quarter": 3,
            "eps": null,
            "eps_growth_year": null,
            "eps_4q": null,
            "eps_4q_growth_year": null,
            "roe": null,
            "roe_4q": 0,
            "gross_profit": null,
            "gross_margin": null,
            "gross_margin_4q_avg": 0,
            "net_income": null,
            "net_income_4q": null,
            "revenue": null,
            "revenue_4q": null,
            "common_shares": null,
            "book_valuer_per_share": null,
            "book_valuer_per_share_4q_avg": 0,
            "equity": null,
            "current_ratio": null,
            "debt_ratio": null,
            "inventory_turnover_ratio": null,
            "account_receivable_turnover_ratio": null,
            "reinvestment_rate": null,
            "research_to_sale_ratio": null,
            "price_fair": 0,
            "eps_avg_yearly": 0,
            "eps_latest_yearly": 0,
            "eps_growth_yearly": 0
        },
        "20014": {
            "year_quarter": 20014,
            "year": 2001,
            "quarter": 4,
            "eps": null,
            "eps_growth_year": null,
            "eps_4q": null,
            "eps_4q_growth_year": null,
            "roe": null,
            "roe_4q": 0,
            "gross_profit": null,
            "gross_margin": null,
            "gross_margin_4q_avg": 0,
            "net_income": null,
            "net_income_4q": null,
            "revenue": null,
            "revenue_4q": null,
            "common_shares": null,
            "book_valuer_per_share": null,
            "book_valuer_per_share_4q_avg": 0,
            "equity": null,
            "current_ratio": null,
            "debt_ratio": null,
            "inventory_turnover_ratio": null,
            "account_receivable_turnover_ratio": null,
            "reinvestment_rate": null,
            "research_to_sale_ratio": null,
            "price_fair": 0,
            "eps_avg_yearly": 0,
            "eps_latest_yearly": 0,
            "eps_growth_yearly": 0
        },
        "20021": {
            "year_quarter": 20021,
            "year": 2002,
            "quarter": 1,
            "eps": null,
            "eps_growth_year": null,
            "eps_4q": null,
            "eps_4q_growth_year": null,
            "roe": null,
            "roe_4q": 0,
            "gross_profit": null,
            "gross_margin": null,
            "gross_margin_4q_avg": 0,
            "net_income": null,
            "net_income_4q": null,
            "revenue": null,
            "revenue_4q": null,
            "common_shares": null,
            "book_valuer_per_share": null,
            "book_valuer_per_share_4q_avg": 0,
            "equity": null,
            "current_ratio": null,
            "debt_ratio": null,
            "inventory_turnover_ratio": null,
            "account_receivable_turnover_ratio": null,
            "reinvestment_rate": null,
            "research_to_sale_ratio": null,
            "price_fair": 0,
            "eps_avg_yearly": 0,
            "eps_latest_yearly": 0,
            "eps_growth_yearly": 0
        },
        "20022": {
            "year_quarter": 20022,
            "year": 2002,
            "quarter": 2,
            "eps": null,
            "eps_growth_year": null,
            "eps_4q": null,
            "eps_4q_growth_year": null,
            "roe": null,
            "roe_4q": 0,
            "gross_profit": null,
            "gross_margin": null,
            "gross_margin_4q_avg": 0,
            "net_income": null,
            "net_income_4q": null,
            "revenue": null,
            "revenue_4q": null,
            "common_shares": null,
            "book_valuer_per_share": null,
            "book_valuer_per_share_4q_avg": 0,
            "equity": null,
            "current_ratio": null,
            "debt_ratio": null,
            "inventory_turnover_ratio": null,
            "account_receivable_turnover_ratio": null,
            "reinvestment_rate": null,
            "research_to_sale_ratio": null,
            "price_fair": 0,
            "eps_avg_yearly": 0,
            "eps_latest_yearly": 0,
            "eps_growth_yearly": 0
        },
        "20023": {
            "year_quarter": 20023,
            "year": 2002,
            "quarter": 3,
            "eps": null,
            "eps_growth_year": null,
            "eps_4q": null,
            "eps_4q_growth_year": null,
            "roe": null,
            "roe_4q": 0,
            "gross_profit": null,
            "gross_margin": null,
            "gross_margin_4q_avg": 0,
            "net_income": null,
            "net_income_4q": null,
            "revenue": null,
            "revenue_4q": null,
            "common_shares": null,
            "book_valuer_per_share": null,
            "book_valuer_per_share_4q_avg": 0,
            "equity": null,
            "current_ratio": null,
            "debt_ratio": null,
            "inventory_turnover_ratio": null,
            "account_receivable_turnover_ratio": null,
            "reinvestment_rate": null,
            "research_to_sale_ratio": null,
            "price_fair": 0,
            "eps_avg_yearly": 0,
            "eps_latest_yearly": 0,
            "eps_growth_yearly": 0
        },
        "20024": {
            "year_quarter": 20024,
            "year": 2002,
            "quarter": 4,
            "eps": null,
            "eps_growth_year": null,
            "eps_4q": null,
            "eps_4q_growth_year": null,
            "roe": null,
            "roe_4q": 0,
            "gross_profit": null,
            "gross_margin": null,
            "gross_margin_4q_avg": 0,
            "net_income": null,
            "net_income_4q": null,
            "revenue": null,
            "revenue_4q": null,
            "common_shares": null,
            "book_valuer_per_share": null,
            "book_valuer_per_share_4q_avg": 0,
            "equity": null,
            "current_ratio": null,
            "debt_ratio": null,
            "inventory_turnover_ratio": null,
            "account_receivable_turnover_ratio": null,
            "reinvestment_rate": null,
            "research_to_sale_ratio": null,
            "price_fair": 0,
            "eps_avg_yearly": 0,
            "eps_latest_yearly": 0,
            "eps_growth_yearly": 0
        },
        "20031": {
            "year_quarter": 20031,
            "year": 2003,
            "quarter": 1,
            "eps": null,
            "eps_growth_year": null,
            "eps_4q": null,
            "eps_4q_growth_year": null,
            "roe": null,
            "roe_4q": 0,
            "gross_profit": null,
            "gross_margin": null,
            "gross_margin_4q_avg": 0,
            "net_income": null,
            "net_income_4q": null,
            "revenue": null,
            "revenue_4q": null,
            "common_shares": null,
            "book_valuer_per_share": null,
            "book_valuer_per_share_4q_avg": 0,
            "equity": null,
            "current_ratio": null,
            "debt_ratio": null,
            "inventory_turnover_ratio": null,
            "account_receivable_turnover_ratio": null,
            "reinvestment_rate": null,
            "research_to_sale_ratio": null,
            "price_fair": 0,
            "eps_avg_yearly": 0,
            "eps_latest_yearly": 0,
            "eps_growth_yearly": 0
        },
        "20032": {
            "year_quarter": 20032,
            "year": 2003,
            "quarter": 2,
            "eps": null,
            "eps_growth_year": null,
            "eps_4q": null,
            "eps_4q_growth_year": null,
            "roe": null,
            "roe_4q": 0,
            "gross_profit": null,
            "gross_margin": null,
            "gross_margin_4q_avg": 0,
            "net_income": null,
            "net_income_4q": null,
            "revenue": null,
            "revenue_4q": null,
            "common_shares": null,
            "book_valuer_per_share": null,
            "book_valuer_per_share_4q_avg": 0,
            "equity": null,
            "current_ratio": null,
            "debt_ratio": null,
            "inventory_turnover_ratio": null,
            "account_receivable_turnover_ratio": null,
            "reinvestment_rate": null,
            "research_to_sale_ratio": null,
            "price_fair": 0,
            "eps_avg_yearly": 0,
            "eps_latest_yearly": 0,
            "eps_growth_yearly": 0
        },
        "20033": {
            "year_quarter": 20033,
            "year": 2003,
            "quarter": 3,
            "eps": null,
            "eps_growth_year": null,
            "eps_4q": null,
            "eps_4q_growth_year": null,
            "roe": null,
            "roe_4q": 0,
            "gross_profit": null,
            "gross_margin": null,
            "gross_margin_4q_avg": 0,
            "net_income": null,
            "net_income_4q": null,
            "revenue": null,
            "revenue_4q": null,
            "common_shares": null,
            "book_valuer_per_share": null,
            "book_valuer_per_share_4q_avg": 0,
            "equity": null,
            "current_ratio": null,
            "debt_ratio": null,
            "inventory_turnover_ratio": null,
            "account_receivable_turnover_ratio": null,
            "reinvestment_rate": null,
            "research_to_sale_ratio": null,
            "price_fair": 0,
            "eps_avg_yearly": 0,
            "eps_latest_yearly": 0,
            "eps_growth_yearly": 0
        },
        "20034": {
            "year_quarter": 20034,
            "year": 2003,
            "quarter": 4,
            "eps": null,
            "eps_growth_year": null,
            "eps_4q": null,
            "eps_4q_growth_year": null,
            "roe": null,
            "roe_4q": 0,
            "gross_profit": null,
            "gross_margin": null,
            "gross_margin_4q_avg": 0,
            "net_income": null,
            "net_income_4q": null,
            "revenue": null,
            "revenue_4q": null,
            "common_shares": null,
            "book_valuer_per_share": null,
            "book_valuer_per_share_4q_avg": 0,
            "equity": null,
            "current_ratio": null,
            "debt_ratio": null,
            "inventory_turnover_ratio": null,
            "account_receivable_turnover_ratio": null,
            "reinvestment_rate": null,
            "research_to_sale_ratio": null,
            "price_fair": 0,
            "eps_avg_yearly": 0,
            "eps_latest_yearly": 0,
            "eps_growth_yearly": 0
        },
        "20041": {
            "year_quarter": 20041,
            "year": 2004,
            "quarter": 1,
            "eps": null,
            "eps_growth_year": null,
            "eps_4q": null,
            "eps_4q_growth_year": null,
            "roe": null,
            "roe_4q": 0,
            "gross_profit": null,
            "gross_margin": null,
            "gross_margin_4q_avg": 0,
            "net_income": null,
            "net_income_4q": null,
            "revenue": null,
            "revenue_4q": null,
            "common_shares": null,
            "book_valuer_per_share": null,
            "book_valuer_per_share_4q_avg": 0,
            "equity": null,
            "current_ratio": null,
            "debt_ratio": null,
            "inventory_turnover_ratio": null,
            "account_receivable_turnover_ratio": null,
            "reinvestment_rate": null,
            "research_to_sale_ratio": null,
            "price_fair": 0,
            "eps_avg_yearly": 0,
            "eps_latest_yearly": 0,
            "eps_growth_yearly": 0
        },
        "20042": {
            "year_quarter": 20042,
            "year": 2004,
            "quarter": 2,
            "eps": null,
            "eps_growth_year": null,
            "eps_4q": null,
            "eps_4q_growth_year": null,
            "roe": null,
            "roe_4q": 0,
            "gross_profit": null,
            "gross_margin": null,
            "gross_margin_4q_avg": 0,
            "net_income": null,
            "net_income_4q": null,
            "revenue": null,
            "revenue_4q": null,
            "common_shares": null,
            "book_valuer_per_share": null,
            "book_valuer_per_share_4q_avg": 0,
            "equity": null,
            "current_ratio": null,
            "debt_ratio": null,
            "inventory_turnover_ratio": null,
            "account_receivable_turnover_ratio": null,
            "reinvestment_rate": null,
            "research_to_sale_ratio": null,
            "price_fair": 0,
            "eps_avg_yearly": 0,
            "eps_latest_yearly": 0,
            "eps_growth_yearly": 0
        },
        "20043": {
            "year_quarter": 20043,
            "year": 2004,
            "quarter": 3,
            "eps": null,
            "eps_growth_year": null,
            "eps_4q": null,
            "eps_4q_growth_year": null,
            "roe": null,
            "roe_4q": 0,
            "gross_profit": null,
            "gross_margin": null,
            "gross_margin_4q_avg": 0,
            "net_income": null,
            "net_income_4q": null,
            "revenue": null,
            "revenue_4q": null,
            "common_shares": null,
            "book_valuer_per_share": null,
            "book_valuer_per_share_4q_avg": 0,
            "equity": null,
            "current_ratio": null,
            "debt_ratio": null,
            "inventory_turnover_ratio": null,
            "account_receivable_turnover_ratio": null,
            "reinvestment_rate": null,
            "research_to_sale_ratio": null,
            "price_fair": 0,
            "eps_avg_yearly": 0,
            "eps_latest_yearly": 0,
            "eps_growth_yearly": 0
        },
        "20044": {
            "year_quarter": 20044,
            "year": 2004,
            "quarter": 4,
            "eps": null,
            "eps_growth_year": null,
            "eps_4q": null,
            "eps_4q_growth_year": null,
            "roe": null,
            "roe_4q": 0,
            "gross_profit": null,
            "gross_margin": null,
            "gross_margin_4q_avg": 0,
            "net_income": null,
            "net_income_4q": null,
            "revenue": null,
            "revenue_4q": null,
            "common_shares": null,
            "book_valuer_per_share": null,
            "book_valuer_per_share_4q_avg": 0,
            "equity": null,
            "current_ratio": null,
            "debt_ratio": null,
            "inventory_turnover_ratio": null,
            "account_receivable_turnover_ratio": null,
            "reinvestment_rate": null,
            "research_to_sale_ratio": null,
            "price_fair": 0,
            "eps_avg_yearly": 0,
            "eps_latest_yearly": 0,
            "eps_growth_yearly": 0
        },
        "20051": {
            "year_quarter": 20051,
            "year": 2005,
            "quarter": 1,
            "eps": null,
            "eps_growth_year": null,
            "eps_4q": null,
            "eps_4q_growth_year": null,
            "roe": null,
            "roe_4q": 0,
            "gross_profit": null,
            "gross_margin": null,
            "gross_margin_4q_avg": 0,
            "net_income": null,
            "net_income_4q": null,
            "revenue": null,
            "revenue_4q": null,
            "common_shares": null,
            "book_valuer_per_share": null,
            "book_valuer_per_share_4q_avg": 0,
            "equity": null,
            "current_ratio": null,
            "debt_ratio": null,
            "inventory_turnover_ratio": null,
            "account_receivable_turnover_ratio": null,
            "reinvestment_rate": null,
            "research_to_sale_ratio": null,
            "price_fair": 0,
            "eps_avg_yearly": 0,
            "eps_latest_yearly": 0,
            "eps_growth_yearly": 0
        },
        "20052": {
            "year_quarter": 20052,
            "year": 2005,
            "quarter": 2,
            "eps": null,
            "eps_growth_year": null,
            "eps_4q": null,
            "eps_4q_growth_year": null,
            "roe": null,
            "roe_4q": 0,
            "gross_profit": null,
            "gross_margin": null,
            "gross_margin_4q_avg": 0,
            "net_income": null,
            "net_income_4q": null,
            "revenue": null,
            "revenue_4q": null,
            "common_shares": null,
            "book_valuer_per_share": null,
            "book_valuer_per_share_4q_avg": 0,
            "equity": null,
            "current_ratio": null,
            "debt_ratio": null,
            "inventory_turnover_ratio": null,
            "account_receivable_turnover_ratio": null,
            "reinvestment_rate": null,
            "research_to_sale_ratio": null,
            "price_fair": 0,
            "eps_avg_yearly": 0,
            "eps_latest_yearly": 0,
            "eps_growth_yearly": 0
        },
        "20053": {
            "year_quarter": 20053,
            "year": 2005,
            "quarter": 3,
            "eps": null,
            "eps_growth_year": null,
            "eps_4q": null,
            "eps_4q_growth_year": null,
            "roe": null,
            "roe_4q": 0,
            "gross_profit": null,
            "gross_margin": null,
            "gross_margin_4q_avg": 0,
            "net_income": null,
            "net_income_4q": null,
            "revenue": null,
            "revenue_4q": null,
            "common_shares": null,
            "book_valuer_per_share": null,
            "book_valuer_per_share_4q_avg": 0,
            "equity": null,
            "current_ratio": null,
            "debt_ratio": null,
            "inventory_turnover_ratio": null,
            "account_receivable_turnover_ratio": null,
            "reinvestment_rate": null,
            "research_to_sale_ratio": null,
            "price_fair": 0,
            "eps_avg_yearly": 0,
            "eps_latest_yearly": 0,
            "eps_growth_yearly": 0
        },
        "20054": {
            "year_quarter": 20054,
            "year": 2005,
            "quarter": 4,
            "eps": null,
            "eps_growth_year": null,
            "eps_4q": null,
            "eps_4q_growth_year": null,
            "roe": null,
            "roe_4q": 0,
            "gross_profit": null,
            "gross_margin": null,
            "gross_margin_4q_avg": 0,
            "net_income": null,
            "net_income_4q": null,
            "revenue": null,
            "revenue_4q": null,
            "common_shares": null,
            "book_valuer_per_share": null,
            "book_valuer_per_share_4q_avg": 0,
            "equity": null,
            "current_ratio": null,
            "debt_ratio": null,
            "inventory_turnover_ratio": null,
            "account_receivable_turnover_ratio": null,
            "reinvestment_rate": null,
            "research_to_sale_ratio": null,
            "price_fair": 0,
            "eps_avg_yearly": 0,
            "eps_latest_yearly": 0,
            "eps_growth_yearly": 0
        },
        "20061": {
            "year_quarter": 20061,
            "year": 2006,
            "quarter": 1,
            "eps": null,
            "eps_growth_year": null,
            "eps_4q": null,
            "eps_4q_growth_year": null,
            "roe": null,
            "roe_4q": 0,
            "gross_profit": null,
            "gross_margin": null,
            "gross_margin_4q_avg": 0,
            "net_income": null,
            "net_income_4q": null,
            "revenue": null,
            "revenue_4q": null,
            "common_shares": null,
            "book_valuer_per_share": null,
            "book_valuer_per_share_4q_avg": 0,
            "equity": null,
            "current_ratio": null,
            "debt_ratio": null,
            "inventory_turnover_ratio": null,
            "account_receivable_turnover_ratio": null,
            "reinvestment_rate": null,
            "research_to_sale_ratio": null,
            "price_fair": 0,
            "eps_avg_yearly": 0,
            "eps_latest_yearly": 0,
            "eps_growth_yearly": 0
        },
        "20062": {
            "year_quarter": 20062,
            "year": 2006,
            "quarter": 2,
            "eps": null,
            "eps_growth_year": null,
            "eps_4q": null,
            "eps_4q_growth_year": null,
            "roe": null,
            "roe_4q": 0,
            "gross_profit": null,
            "gross_margin": null,
            "gross_margin_4q_avg": 0,
            "net_income": null,
            "net_income_4q": null,
            "revenue": null,
            "revenue_4q": null,
            "common_shares": null,
            "book_valuer_per_share": null,
            "book_valuer_per_share_4q_avg": 0,
            "equity": null,
            "current_ratio": null,
            "debt_ratio": null,
            "inventory_turnover_ratio": null,
            "account_receivable_turnover_ratio": null,
            "reinvestment_rate": null,
            "research_to_sale_ratio": null,
            "price_fair": 0,
            "eps_avg_yearly": 0,
            "eps_latest_yearly": 0,
            "eps_growth_yearly": 0
        },
        "20063": {
            "year_quarter": 20063,
            "year": 2006,
            "quarter": 3,
            "eps": null,
            "eps_growth_year": null,
            "eps_4q": null,
            "eps_4q_growth_year": null,
            "roe": null,
            "roe_4q": 0,
            "gross_profit": null,
            "gross_margin": null,
            "gross_margin_4q_avg": 0,
            "net_income": null,
            "net_income_4q": null,
            "revenue": null,
            "revenue_4q": null,
            "common_shares": null,
            "book_valuer_per_share": null,
            "book_valuer_per_share_4q_avg": 0,
            "equity": null,
            "current_ratio": null,
            "debt_ratio": null,
            "inventory_turnover_ratio": null,
            "account_receivable_turnover_ratio": null,
            "reinvestment_rate": null,
            "research_to_sale_ratio": null,
            "price_fair": 0,
            "eps_avg_yearly": 0,
            "eps_latest_yearly": 0,
            "eps_growth_yearly": 0
        },
        "20064": {
            "year_quarter": 20064,
            "year": 2006,
            "quarter": 4,
            "eps": null,
            "eps_growth_year": null,
            "eps_4q": null,
            "eps_4q_growth_year": null,
            "roe": null,
            "roe_4q": 0,
            "gross_profit": null,
            "gross_margin": null,
            "gross_margin_4q_avg": 0,
            "net_income": null,
            "net_income_4q": null,
            "revenue": null,
            "revenue_4q": null,
            "common_shares": null,
            "book_valuer_per_share": null,
            "book_valuer_per_share_4q_avg": 0,
            "equity": null,
            "current_ratio": null,
            "debt_ratio": null,
            "inventory_turnover_ratio": null,
            "account_receivable_turnover_ratio": null,
            "reinvestment_rate": null,
            "research_to_sale_ratio": null,
            "price_fair": 0,
            "eps_avg_yearly": 0,
            "eps_latest_yearly": 0,
            "eps_growth_yearly": 0
        },
        "20071": {
            "year_quarter": 20071,
            "year": 2007,
            "quarter": 1,
            "eps": null,
            "eps_growth_year": null,
            "eps_4q": null,
            "eps_4q_growth_year": null,
            "roe": null,
            "roe_4q": 0,
            "gross_profit": null,
            "gross_margin": null,
            "gross_margin_4q_avg": 0,
            "net_income": null,
            "net_income_4q": null,
            "revenue": null,
            "revenue_4q": null,
            "common_shares": null,
            "book_valuer_per_share": null,
            "book_valuer_per_share_4q_avg": 0,
            "equity": null,
            "current_ratio": null,
            "debt_ratio": null,
            "inventory_turnover_ratio": null,
            "account_receivable_turnover_ratio": null,
            "reinvestment_rate": null,
            "research_to_sale_ratio": null,
            "price_fair": 0,
            "eps_avg_yearly": 0,
            "eps_latest_yearly": 0,
            "eps_growth_yearly": 0
        },
        "20072": {
            "year_quarter": 20072,
            "year": 2007,
            "quarter": 2,
            "eps": null,
            "eps_growth_year": null,
            "eps_4q": null,
            "eps_4q_growth_year": null,
            "roe": null,
            "roe_4q": 0,
            "gross_profit": null,
            "gross_margin": null,
            "gross_margin_4q_avg": 0,
            "net_income": null,
            "net_income_4q": null,
            "revenue": null,
            "revenue_4q": null,
            "common_shares": null,
            "book_valuer_per_share": null,
            "book_valuer_per_share_4q_avg": 0,
            "equity": null,
            "current_ratio": null,
            "debt_ratio": null,
            "inventory_turnover_ratio": null,
            "account_receivable_turnover_ratio": null,
            "reinvestment_rate": null,
            "research_to_sale_ratio": null,
            "price_fair": 0,
            "eps_avg_yearly": 0,
            "eps_latest_yearly": 0,
            "eps_growth_yearly": 0
        },
        "20073": {
            "year_quarter": 20073,
            "year": 2007,
            "quarter": 3,
            "eps": null,
            "eps_growth_year": null,
            "eps_4q": null,
            "eps_4q_growth_year": null,
            "roe": null,
            "roe_4q": 0,
            "gross_profit": null,
            "gross_margin": null,
            "gross_margin_4q_avg": 0,
            "net_income": null,
            "net_income_4q": null,
            "revenue": null,
            "revenue_4q": null,
            "common_shares": null,
            "book_valuer_per_share": null,
            "book_valuer_per_share_4q_avg": 0,
            "equity": null,
            "current_ratio": null,
            "debt_ratio": null,
            "inventory_turnover_ratio": null,
            "account_receivable_turnover_ratio": null,
            "reinvestment_rate": null,
            "research_to_sale_ratio": null,
            "price_fair": 0,
            "eps_avg_yearly": 0,
            "eps_latest_yearly": 0,
            "eps_growth_yearly": 0
        },
        "20074": {
            "year_quarter": 20074,
            "year": 2007,
            "quarter": 4,
            "eps": null,
            "eps_growth_year": null,
            "eps_4q": null,
            "eps_4q_growth_year": null,
            "roe": null,
            "roe_4q": 0,
            "gross_profit": null,
            "gross_margin": null,
            "gross_margin_4q_avg": 0,
            "net_income": null,
            "net_income_4q": null,
            "revenue": null,
            "revenue_4q": null,
            "common_shares": null,
            "book_valuer_per_share": null,
            "book_valuer_per_share_4q_avg": 0,
            "equity": null,
            "current_ratio": null,
            "debt_ratio": null,
            "inventory_turnover_ratio": null,
            "account_receivable_turnover_ratio": null,
            "reinvestment_rate": null,
            "research_to_sale_ratio": null,
            "price_fair": 0,
            "eps_avg_yearly": 0,
            "eps_latest_yearly": 0,
            "eps_growth_yearly": 0
        },
        "20081": {
            "year_quarter": 20081,
            "year": 2008,
            "quarter": 1,
            "eps": null,
            "eps_growth_year": null,
            "eps_4q": null,
            "eps_4q_growth_year": null,
            "roe": null,
            "roe_4q": 0,
            "gross_profit": null,
            "gross_margin": null,
            "gross_margin_4q_avg": 0,
            "net_income": null,
            "net_income_4q": null,
            "revenue": null,
            "revenue_4q": null,
            "common_shares": null,
            "book_valuer_per_share": null,
            "book_valuer_per_share_4q_avg": 0,
            "equity": null,
            "current_ratio": null,
            "debt_ratio": null,
            "inventory_turnover_ratio": null,
            "account_receivable_turnover_ratio": null,
            "reinvestment_rate": null,
            "research_to_sale_ratio": null,
            "price_fair": 0,
            "eps_avg_yearly": 0,
            "eps_latest_yearly": 0,
            "eps_growth_yearly": 0
        },
        "20082": {
            "year_quarter": 20082,
            "year": 2008,
            "quarter": 2,
            "eps": null,
            "eps_growth_year": null,
            "eps_4q": null,
            "eps_4q_growth_year": null,
            "roe": null,
            "roe_4q": 0,
            "gross_profit": null,
            "gross_margin": null,
            "gross_margin_4q_avg": 0,
            "net_income": null,
            "net_income_4q": null,
            "revenue": null,
            "revenue_4q": null,
            "common_shares": null,
            "book_valuer_per_share": null,
            "book_valuer_per_share_4q_avg": 0,
            "equity": null,
            "current_ratio": null,
            "debt_ratio": null,
            "inventory_turnover_ratio": null,
            "account_receivable_turnover_ratio": null,
            "reinvestment_rate": null,
            "research_to_sale_ratio": null,
            "price_fair": 0,
            "eps_avg_yearly": 0,
            "eps_latest_yearly": 0,
            "eps_growth_yearly": 0
        },
        "20083": {
            "year_quarter": 20083,
            "year": 2008,
            "quarter": 3,
            "eps": null,
            "eps_growth_year": null,
            "eps_4q": null,
            "eps_4q_growth_year": null,
            "roe": null,
            "roe_4q": 0,
            "gross_profit": null,
            "gross_margin": null,
            "gross_margin_4q_avg": 0,
            "net_income": null,
            "net_income_4q": null,
            "revenue": null,
            "revenue_4q": null,
            "common_shares": null,
            "book_valuer_per_share": null,
            "book_valuer_per_share_4q_avg": 0,
            "equity": null,
            "current_ratio": null,
            "debt_ratio": null,
            "inventory_turnover_ratio": null,
            "account_receivable_turnover_ratio": null,
            "reinvestment_rate": null,
            "research_to_sale_ratio": null,
            "price_fair": 0,
            "eps_avg_yearly": 0,
            "eps_latest_yearly": 0,
            "eps_growth_yearly": 0
        },
        "20084": {
            "year_quarter": 20084,
            "year": 2008,
            "quarter": 4,
            "eps": null,
            "eps_growth_year": null,
            "eps_4q": null,
            "eps_4q_growth_year": null,
            "roe": null,
            "roe_4q": 0,
            "gross_profit": null,
            "gross_margin": null,
            "gross_margin_4q_avg": 0,
            "net_income": null,
            "net_income_4q": null,
            "revenue": null,
            "revenue_4q": null,
            "common_shares": 61647354,
            "book_valuer_per_share": null,
            "book_valuer_per_share_4q_avg": 0,
            "equity": 100097153,
            "current_ratio": null,
            "debt_ratio": null,
            "inventory_turnover_ratio": null,
            "account_receivable_turnover_ratio": null,
            "reinvestment_rate": null,
            "research_to_sale_ratio": null,
            "price_fair": 0,
            "eps_avg_yearly": 0,
            "eps_latest_yearly": 0,
            "eps_growth_yearly": 0
        },
        "20091": {
            "year_quarter": 20091,
            "year": 2009,
            "quarter": 1,
            "eps": null,
            "eps_growth_year": null,
            "eps_4q": null,
            "eps_4q_growth_year": null,
            "roe": null,
            "roe_4q": 0,
            "gross_profit": null,
            "gross_margin": null,
            "gross_margin_4q_avg": 0,
            "net_income": 1596884,
            "net_income_4q": null,
            "revenue": 8067284,
            "revenue_4q": null,
            "common_shares": 61647354,
            "book_valuer_per_share": null,
            "book_valuer_per_share_4q_avg": 0,
            "equity": 102183001,
            "current_ratio": null,
            "debt_ratio": null,
            "inventory_turnover_ratio": null,
            "account_receivable_turnover_ratio": null,
            "reinvestment_rate": null,
            "research_to_sale_ratio": null,
            "price_fair": 0,
            "eps_avg_yearly": 0,
            "eps_latest_yearly": 0,
            "eps_growth_yearly": 0
        },
        "20092": {
            "year_quarter": 20092,
            "year": 2009,
            "quarter": 2,
            "eps": null,
            "eps_growth_year": null,
            "eps_4q": null,
            "eps_4q_growth_year": null,
            "roe": null,
            "roe_4q": 0,
            "gross_profit": null,
            "gross_margin": null,
            "gross_margin_4q_avg": 0,
            "net_income": 1346242,
            "net_income_4q": null,
            "revenue": 6272636,
            "revenue_4q": null,
            "common_shares": 61647354,
            "book_valuer_per_share": null,
            "book_valuer_per_share_4q_avg": 0,
            "equity": 101295401,
            "current_ratio": null,
            "debt_ratio": null,
            "inventory_turnover_ratio": null,
            "account_receivable_turnover_ratio": null,
            "reinvestment_rate": null,
            "research_to_sale_ratio": null,
            "price_fair": 0,
            "eps_avg_yearly": 0,
            "eps_latest_yearly": 0,
            "eps_growth_yearly": 0
        },
        "20093": {
            "year_quarter": 20093,
            "year": 2009,
            "quarter": 3,
            "eps": null,
            "eps_growth_year": null,
            "eps_4q": null,
            "eps_4q_growth_year": null,
            "roe": null,
            "roe_4q": 0,
            "gross_profit": null,
            "gross_margin": null,
            "gross_margin_4q_avg": 0,
            "net_income": 1552143,
            "net_income_4q": null,
            "revenue": 6188128,
            "revenue_4q": null,
            "common_shares": 63188538,
            "book_valuer_per_share": null,
            "book_valuer_per_share_4q_avg": 0,
            "equity": 103418759,
            "current_ratio": null,
            "debt_ratio": null,
            "inventory_turnover_ratio": null,
            "account_receivable_turnover_ratio": null,
            "reinvestment_rate": null,
            "research_to_sale_ratio": null,
            "price_fair": 0,
            "eps_avg_yearly": 0,
            "eps_latest_yearly": 0,
            "eps_growth_yearly": 0
        },
        "20094": {
            "year_quarter": 20094,
            "year": 2009,
            "quarter": 4,
            "eps": null,
            "eps_growth_year": null,
            "eps_4q": null,
            "eps_4q_growth_year": null,
            "roe": null,
            "roe_4q": 0,
            "gross_profit": null,
            "gross_margin": null,
            "gross_margin_4q_avg": 0,
            "net_income": -1806406,
            "net_income_4q": null,
            "revenue": 9044565,
            "revenue_4q": null,
            "common_shares": 63188538,
            "book_valuer_per_share": 16.12,
            "book_valuer_per_share_4q_avg": 4.03,
            "equity": 101870033,
            "current_ratio": null,
            "debt_ratio": 94.8,
            "inventory_turnover_ratio": null,
            "account_receivable_turnover_ratio": null,
            "reinvestment_rate": null,
            "research_to_sale_ratio": null,
            "price_fair": 0,
            "eps_avg_yearly": 0,
            "eps_latest_yearly": 0,
            "eps_growth_yearly": 0
        },
        "20101": {
            "year_quarter": 20101,
            "year": 2010,
            "quarter": 1,
            "eps": 0.15,
            "eps_growth_year": null,
            "eps_4q": 0.15,
            "eps_4q_growth_year": null,
            "roe": 0.9,
            "roe_4q": 0.9,
            "gross_profit": null,
            "gross_margin": null,
            "gross_margin_4q_avg": 0,
            "net_income": 918173,
            "net_income_4q": null,
            "revenue": 7565730,
            "revenue_4q": null,
            "common_shares": 63188538,
            "book_valuer_per_share": 16.18,
            "book_valuer_per_share_4q_avg": 8.08,
            "equity": 102249367,
            "current_ratio": null,
            "debt_ratio": 94.78,
            "inventory_turnover_ratio": null,
            "account_receivable_turnover_ratio": null,
            "reinvestment_rate": null,
            "research_to_sale_ratio": null,
            "price_fair": 0,
            "eps_avg_yearly": 0,
            "eps_latest_yearly": 0,
            "eps_growth_yearly": 0
        },
        "20102": {
            "year_quarter": 20102,
            "year": 2010,
            "quarter": 2,
            "eps": 0.25,
            "eps_growth_year": null,
            "eps_4q": 0.39,
            "eps_4q_growth_year": null,
            "roe": 1.55,
            "roe_4q": 2.45,
            "gross_profit": null,
            "gross_margin": null,
            "gross_margin_4q_avg": 0,
            "net_income": 1571891,
            "net_income_4q": null,
            "revenue": 7900256,
            "revenue_4q": null,
            "common_shares": 63188538,
            "book_valuer_per_share": 15.97,
            "book_valuer_per_share_4q_avg": 12.07,
            "equity": 100881063,
            "current_ratio": null,
            "debt_ratio": 94.85,
            "inventory_turnover_ratio": null,
            "account_receivable_turnover_ratio": null,
            "reinvestment_rate": null,
            "research_to_sale_ratio": null,
            "price_fair": 35,
            "eps_avg_yearly": 1,
            "eps_latest_yearly": 1,
            "eps_growth_yearly": 266.67
        },
        "20103": {
            "year_quarter": 20103,
            "year": 2010,
            "quarter": 3,
            "eps": 0.39,
            "eps_growth_year": null,
            "eps_4q": 0.78,
            "eps_4q_growth_year": null,
            "roe": 2.47,
            "roe_4q": 4.920000000000001,
            "gross_profit": null,
            "gross_margin": null,
            "gross_margin_4q_avg": 0,
            "net_income": 2541038,
            "net_income_4q": null,
            "revenue": 8308143,
            "revenue_4q": null,
            "common_shares": 64768251,
            "book_valuer_per_share": 16.14,
            "book_valuer_per_share_4q_avg": 16.1,
            "equity": 104516919,
            "current_ratio": null,
            "debt_ratio": 94.8,
            "inventory_turnover_ratio": null,
            "account_receivable_turnover_ratio": null,
            "reinvestment_rate": null,
            "research_to_sale_ratio": null,
            "price_fair": 44.8,
            "eps_avg_yearly": 1.28,
            "eps_latest_yearly": 1.56,
            "eps_growth_yearly": 245.33
        },
        "20104": {
            "year_quarter": 20104,
            "year": 2010,
            "quarter": 4,
            "eps": 0.3,
            "eps_growth_year": null,
            "eps_4q": 1.09,
            "eps_4q_growth_year": null,
            "roe": 1.83,
            "roe_4q": 6.750000000000001,
            "gross_profit": null,
            "gross_margin": null,
            "gross_margin_4q_avg": 0,
            "net_income": 1930761,
            "net_income_4q": null,
            "revenue": 9181411,
            "revenue_4q": null,
            "common_shares": 64768251,
            "book_valuer_per_share": 16.48,
            "book_valuer_per_share_4q_avg": 16.19,
            "equity": 106749002,
            "current_ratio": null,
            "debt_ratio": 94.79,
            "inventory_turnover_ratio": null,
            "account_receivable_turnover_ratio": null,
            "reinvestment_rate": null,
            "research_to_sale_ratio": null,
            "price_fair": 43.87,
            "eps_avg_yearly": 1.25,
            "eps_latest_yearly": 1.2,
            "eps_growth_yearly": 132.79
        },
        "20111": {
            "year_quarter": 20111,
            "year": 2011,
            "quarter": 1,
            "eps": 0.31,
            "eps_growth_year": 106.67,
            "eps_4q": 1.25,
            "eps_4q_growth_year": 758.73,
            "roe": 1.86,
            "roe_4q": 7.71,
            "gross_profit": null,
            "gross_margin": null,
            "gross_margin_4q_avg": 0,
            "net_income": 2000298,
            "net_income_4q": null,
            "revenue": 8385917,
            "revenue_4q": null,
            "common_shares": 64768251,
            "book_valuer_per_share": 16.69,
            "book_valuer_per_share_4q_avg": 16.32,
            "equity": 108086457,
            "current_ratio": null,
            "debt_ratio": 94.69,
            "inventory_turnover_ratio": null,
            "account_receivable_turnover_ratio": null,
            "reinvestment_rate": null,
            "research_to_sale_ratio": null,
            "price_fair": 43.75,
            "eps_avg_yearly": 1.25,
            "eps_latest_yearly": 1.24,
            "eps_growth_yearly": 102.92
        },
        "20112": {
            "year_quarter": 20112,
            "year": 2011,
            "quarter": 2,
            "eps": 0.36,
            "eps_growth_year": 46.21,
            "eps_4q": 1.31,
            "eps_4q_growth_year": 237.58,
            "roe": 2.25,
            "roe_4q": 8.41,
            "gross_profit": null,
            "gross_margin": null,
            "gross_margin_4q_avg": 0,
            "net_income": 2427789,
            "net_income_4q": null,
            "revenue": 8238722,
            "revenue_4q": null,
            "common_shares": 64768251,
            "book_valuer_per_share": 16.66,
            "book_valuer_per_share_4q_avg": 16.49,
            "equity": 107880754,
            "current_ratio": null,
            "debt_ratio": 94.64,
            "inventory_turnover_ratio": null,
            "account_receivable_turnover_ratio": null,
            "reinvestment_rate": null,
            "research_to_sale_ratio": null,
            "price_fair": 45.08,
            "eps_avg_yearly": 1.29,
            "eps_latest_yearly": 1.44,
            "eps_growth_yearly": 95.24
        },
        "20113": {
            "year_quarter": 20113,
            "year": 2011,
            "quarter": 3,
            "eps": 0.31,
            "eps_growth_year": -20.25,
            "eps_4q": 1.16,
            "eps_4q_growth_year": 47.9,
            "roe": 2.02,
            "roe_4q": 7.96,
            "gross_profit": null,
            "gross_margin": null,
            "gross_margin_4q_avg": 0,
            "net_income": 2381944,
            "net_income_4q": null,
            "revenue": 7985167,
            "revenue_4q": null,
            "common_shares": 76654347,
            "book_valuer_per_share": 16.7,
            "book_valuer_per_share_4q_avg": 16.63,
            "equity": 127979429,
            "current_ratio": null,
            "debt_ratio": 93.94,
            "inventory_turnover_ratio": null,
            "account_receivable_turnover_ratio": null,
            "reinvestment_rate": null,
            "research_to_sale_ratio": null,
            "price_fair": 44.8,
            "eps_avg_yearly": 1.28,
            "eps_latest_yearly": 1.24,
            "eps_growth_yearly": 70.11
        },
        "20114": {
            "year_quarter": 20114,
            "year": 2011,
            "quarter": 4,
            "eps": 0.09,
            "eps_growth_year": -69.29,
            "eps_4q": 0.99,
            "eps_4q_growth_year": -8.65,
            "roe": 0.52,
            "roe_4q": 6.65,
            "gross_profit": null,
            "gross_margin": null,
            "gross_margin_4q_avg": 0,
            "net_income": 660939,
            "net_income_4q": null,
            "revenue": 7949152,
            "revenue_4q": null,
            "common_shares": 76654347,
            "book_valuer_per_share": 16.61,
            "book_valuer_per_share_4q_avg": 16.67,
            "equity": 127360751,
            "current_ratio": null,
            "debt_ratio": 93.88,
            "inventory_turnover_ratio": null,
            "account_receivable_turnover_ratio": null,
            "reinvestment_rate": null,
            "research_to_sale_ratio": null,
            "price_fair": 33.93,
            "eps_avg_yearly": 1.15,
            "eps_latest_yearly": 0.36,
            "eps_growth_yearly": 19.54
        },
        "20121": {
            "year_quarter": 20121,
            "year": 2012,
            "quarter": 1,
            "eps": 0.39,
            "eps_growth_year": 25.81,
            "eps_4q": 1.12,
            "eps_4q_growth_year": -10.76,
            "roe": 2.33,
            "roe_4q": 7.12,
            "gross_profit": null,
            "gross_margin": null,
            "gross_margin_4q_avg": 0,
            "net_income": 3017573,
            "net_income_4q": null,
            "revenue": 9043163,
            "revenue_4q": null,
            "common_shares": 76654347,
            "book_valuer_per_share": 17.16,
            "book_valuer_per_share_4q_avg": 16.78,
            "equity": 131571394,
            "current_ratio": null,
            "debt_ratio": 93.71,
            "inventory_turnover_ratio": null,
            "account_receivable_turnover_ratio": null,
            "reinvestment_rate": null,
            "research_to_sale_ratio": null,
            "price_fair": 42,
            "eps_avg_yearly": 1.2,
            "eps_latest_yearly": 1.56,
            "eps_growth_yearly": 183.76
        },
        "20122": {
            "year_quarter": 20122,
            "year": 2012,
            "quarter": 2,
            "eps": 0.45,
            "eps_growth_year": 25.36,
            "eps_4q": 1.2,
            "eps_4q_growth_year": -8.24,
            "roe": 2.74,
            "roe_4q": 7.609999999999999,
            "gross_profit": null,
            "gross_margin": null,
            "gross_margin_4q_avg": 0,
            "net_income": 3602155,
            "net_income_4q": null,
            "revenue": 9688714,
            "revenue_4q": null,
            "common_shares": 76654347,
            "book_valuer_per_share": 17.18,
            "book_valuer_per_share_4q_avg": 16.91,
            "equity": 131679983,
            "current_ratio": null,
            "debt_ratio": 93.72,
            "inventory_turnover_ratio": null,
            "account_receivable_turnover_ratio": null,
            "reinvestment_rate": null,
            "research_to_sale_ratio": null,
            "price_fair": 44.33,
            "eps_avg_yearly": 1.27,
            "eps_latest_yearly": 1.8,
            "eps_growth_yearly": 170.18
        },
        "20123": {
            "year_quarter": 20123,
            "year": 2012,
            "quarter": 3,
            "eps": 0.29,
            "eps_growth_year": -6.83,
            "eps_4q": 1.2,
            "eps_4q_growth_year": 3.79,
            "roe": 1.8,
            "roe_4q": 7.390000000000001,
            "gross_profit": null,
            "gross_margin": null,
            "gross_margin_4q_avg": 0,
            "net_income": 2396572,
            "net_income_4q": null,
            "revenue": 9008721,
            "revenue_4q": null,
            "common_shares": 81253607,
            "book_valuer_per_share": 16.52,
            "book_valuer_per_share_4q_avg": 16.87,
            "equity": 134248452,
            "current_ratio": null,
            "debt_ratio": 93.57,
            "inventory_turnover_ratio": null,
            "account_receivable_turnover_ratio": null,
            "reinvestment_rate": null,
            "research_to_sale_ratio": null,
            "price_fair": 43.96,
            "eps_avg_yearly": 1.26,
            "eps_latest_yearly": 1.16,
            "eps_growth_yearly": 138.94
        },
        "20124": {
            "year_quarter": 20124,
            "year": 2012,
            "quarter": 4,
            "eps": 0.14,
            "eps_growth_year": 50.78,
            "eps_4q": 1.25,
            "eps_4q_growth_year": 26.25,
            "roe": 0.82,
            "roe_4q": 7.69,
            "gross_profit": null,
            "gross_margin": null,
            "gross_margin_4q_avg": 0,
            "net_income": 1101239,
            "net_income_4q": null,
            "revenue": 8918146,
            "revenue_4q": null,
            "common_shares": 81253607,
            "book_valuer_per_share": 16.55,
            "book_valuer_per_share_4q_avg": 16.85,
            "equity": 134487544,
            "current_ratio": null,
            "debt_ratio": 93.65,
            "inventory_turnover_ratio": null,
            "account_receivable_turnover_ratio": null,
            "reinvestment_rate": 106.97,
            "research_to_sale_ratio": null,
            "price_fair": 41.75,
            "eps_avg_yearly": 1.19,
            "eps_latest_yearly": 0.56,
            "eps_growth_yearly": 107.5
        },
        "20131": {
            "year_quarter": 20131,
            "year": 2013,
            "quarter": 1,
            "eps": 0.36,
            "eps_growth_year": -7.69,
            "eps_4q": 1.25,
            "eps_4q_growth_year": 11.5,
            "roe": 2.19,
            "roe_4q": 7.55,
            "gross_profit": null,
            "gross_margin": null,
            "gross_margin_4q_avg": 0,
            "net_income": 2970056,
            "net_income_4q": null,
            "revenue": 8543016,
            "revenue_4q": null,
            "common_shares": 81253607,
            "book_valuer_per_share": 16.77,
            "book_valuer_per_share_4q_avg": 16.76,
            "equity": 136803450,
            "current_ratio": null,
            "debt_ratio": 93.63,
            "inventory_turnover_ratio": null,
            "account_receivable_turnover_ratio": null,
            "reinvestment_rate": 103.62,
            "research_to_sale_ratio": null,
            "price_fair": 42.47,
            "eps_avg_yearly": 1.21,
            "eps_latest_yearly": 1.44,
            "eps_growth_yearly": 150.93
        },
        "20132": {
            "year_quarter": 20132,
            "year": 2013,
            "quarter": 2,
            "eps": 0.39,
            "eps_growth_year": -13.44,
            "eps_4q": 1.14,
            "eps_4q_growth_year": -5.38,
            "roe": 2.49,
            "roe_4q": 7.3,
            "gross_profit": null,
            "gross_margin": null,
            "gross_margin_4q_avg": 0,
            "net_income": 3390670,
            "net_income_4q": null,
            "revenue": 8656634,
            "revenue_4q": null,
            "common_shares": 81253607,
            "book_valuer_per_share": 16.65,
            "book_valuer_per_share_4q_avg": 16.62,
            "equity": 135821070,
            "current_ratio": null,
            "debt_ratio": 93.74,
            "inventory_turnover_ratio": null,
            "account_receivable_turnover_ratio": null,
            "reinvestment_rate": 95.91,
            "research_to_sale_ratio": null,
            "price_fair": 43.4,
            "eps_avg_yearly": 1.24,
            "eps_latest_yearly": 1.56,
            "eps_growth_yearly": 141.88
        },
        "20133": {
            "year_quarter": 20133,
            "year": 2013,
            "quarter": 3,
            "eps": 0.34,
            "eps_growth_year": 16.45,
            "eps_4q": 1.2,
            "eps_4q_growth_year": 0.12,
            "roe": 2.14,
            "roe_4q": 7.640000000000001,
            "gross_profit": null,
            "gross_margin": null,
            "gross_margin_4q_avg": 0,
            "net_income": 2932219,
            "net_income_4q": null,
            "revenue": 9258273,
            "revenue_4q": null,
            "common_shares": 86535092,
            "book_valuer_per_share": 15.94,
            "book_valuer_per_share_4q_avg": 16.48,
            "equity": 138488471,
            "current_ratio": null,
            "debt_ratio": 93.73,
            "inventory_turnover_ratio": null,
            "account_receivable_turnover_ratio": null,
            "reinvestment_rate": 91.87,
            "research_to_sale_ratio": null,
            "price_fair": 43.7,
            "eps_avg_yearly": 1.25,
            "eps_latest_yearly": 1.36,
            "eps_growth_yearly": 128.08
        },
        "20134": {
            "year_quarter": 20134,
            "year": 2013,
            "quarter": 4,
            "eps": 0.19,
            "eps_growth_year": 34.72,
            "eps_4q": 1.26,
            "eps_4q_growth_year": 0.49,
            "roe": 1.13,
            "roe_4q": 7.949999999999999,
            "gross_profit": null,
            "gross_margin": null,
            "gross_margin_4q_avg": 0,
            "net_income": 1584029,
            "net_income_4q": null,
            "revenue": 10008309,
            "revenue_4q": null,
            "common_shares": 86535092,
            "book_valuer_per_share": 16.26,
            "book_valuer_per_share_4q_avg": 16.41,
            "equity": 141206153,
            "current_ratio": null,
            "debt_ratio": 93.76,
            "inventory_turnover_ratio": null,
            "account_receivable_turnover_ratio": null,
            "reinvestment_rate": 8.45,
            "research_to_sale_ratio": null,
            "price_fair": 42.56,
            "eps_avg_yearly": 1.22,
            "eps_latest_yearly": 0.76,
            "eps_growth_yearly": 107.78
        },
        "20141": {
            "year_quarter": 20141,
            "year": 2014,
            "quarter": 1,
            "eps": 0.42,
            "eps_growth_year": 16.67,
            "eps_4q": 1.34,
            "eps_4q_growth_year": 7.25,
            "roe": 2.55,
            "roe_4q": 8.31,
            "gross_profit": null,
            "gross_margin": null,
            "gross_margin_4q_avg": 0,
            "net_income": 3654573,
            "net_income_4q": null,
            "revenue": 10269219,
            "revenue_4q": null,
            "common_shares": 86535092,
            "book_valuer_per_share": 16.81,
            "book_valuer_per_share_4q_avg": 16.42,
            "equity": 145907100,
            "current_ratio": null,
            "debt_ratio": 93.67,
            "inventory_turnover_ratio": null,
            "account_receivable_turnover_ratio": null,
            "reinvestment_rate": 12.88,
            "research_to_sale_ratio": null,
            "price_fair": 43.58,
            "eps_avg_yearly": 1.25,
            "eps_latest_yearly": 1.68,
            "eps_growth_yearly": 131.31
        },
        "20142": {
            "year_quarter": 20142,
            "year": 2014,
            "quarter": 2,
            "eps": 0.49,
            "eps_growth_year": 25.64,
            "eps_4q": 1.38,
            "eps_4q_growth_year": 21.11,
            "roe": 3.12,
            "roe_4q": 8.94,
            "gross_profit": null,
            "gross_margin": null,
            "gross_margin_4q_avg": 0,
            "net_income": 4550434,
            "net_income_4q": null,
            "revenue": 10679658,
            "revenue_4q": null,
            "common_shares": 86535092,
            "book_valuer_per_share": 16.81,
            "book_valuer_per_share_4q_avg": 16.46,
            "equity": 145978426,
            "current_ratio": null,
            "debt_ratio": 93.75,
            "inventory_turnover_ratio": null,
            "account_receivable_turnover_ratio": null,
            "reinvestment_rate": 13.87,
            "research_to_sale_ratio": null,
            "price_fair": 45.68,
            "eps_avg_yearly": 1.31,
            "eps_latest_yearly": 1.96,
            "eps_growth_yearly": 118.81
        },
        "20143": {
            "year_quarter": 20143,
            "year": 2014,
            "quarter": 3,
            "eps": 0.38,
            "eps_growth_year": 11.76,
            "eps_4q": 1.44,
            "eps_4q_growth_year": 19.95,
            "roe": 2.37,
            "roe_4q": 9.169999999999998,
            "gross_profit": null,
            "gross_margin": null,
            "gross_margin_4q_avg": 0,
            "net_income": 3500131,
            "net_income_4q": null,
            "revenue": 10845360,
            "revenue_4q": null,
            "common_shares": 92592548,
            "book_valuer_per_share": 16.12,
            "book_valuer_per_share_4q_avg": 16.5,
            "equity": 149724019,
            "current_ratio": null,
            "debt_ratio": 93.57,
            "inventory_turnover_ratio": null,
            "account_receivable_turnover_ratio": null,
            "reinvestment_rate": 12.56,
            "research_to_sale_ratio": null,
            "price_fair": 45.59,
            "eps_avg_yearly": 1.3,
            "eps_latest_yearly": 1.52,
            "eps_growth_yearly": 99.19
        },
        "20144": {
            "year_quarter": 20144,
            "year": 2014,
            "quarter": 4,
            "eps": 0.26,
            "eps_growth_year": 36.07,
            "eps_4q": 1.52,
            "eps_4q_growth_year": 20.89,
            "roe": 1.56,
            "roe_4q": 9.600000000000001,
            "gross_profit": null,
            "gross_margin": null,
            "gross_margin_4q_avg": 0,
            "net_income": 2372508,
            "net_income_4q": null,
            "revenue": 2392218,
            "revenue_4q": null,
            "common_shares": 92592548,
            "book_valuer_per_share": 16.63,
            "book_valuer_per_share_4q_avg": 16.59,
            "equity": 154376554,
            "current_ratio": null,
            "debt_ratio": 93.45,
            "inventory_turnover_ratio": null,
            "account_receivable_turnover_ratio": null,
            "reinvestment_rate": 12.89,
            "research_to_sale_ratio": null,
            "price_fair": 45.24,
            "eps_avg_yearly": 1.29,
            "eps_latest_yearly": 1.04,
            "eps_growth_yearly": 97.07
        },
        "20151": {
            "year_quarter": 20151,
            "year": 2015,
            "quarter": 1,
            "eps": 0.44,
            "eps_growth_year": 4.76,
            "eps_4q": 1.57,
            "eps_4q_growth_year": 17.26,
            "roe": 2.63,
            "roe_4q": 9.68,
            "gross_profit": null,
            "gross_margin": null,
            "gross_margin_4q_avg": 0,
            "net_income": 4109203,
            "net_income_4q": null,
            "revenue": 9271932,
            "revenue_4q": null,
            "common_shares": 92592548,
            "book_valuer_per_share": 17.02,
            "book_valuer_per_share_4q_avg": 16.65,
            "equity": 157993671,
            "current_ratio": null,
            "debt_ratio": 93.3,
            "inventory_turnover_ratio": null,
            "account_receivable_turnover_ratio": null,
            "reinvestment_rate": 13.56,
            "research_to_sale_ratio": null,
            "price_fair": 46.38,
            "eps_avg_yearly": 1.33,
            "eps_latest_yearly": 1.76,
            "eps_growth_yearly": 113.54
        },
        "20152": {
            "year_quarter": 20152,
            "year": 2015,
            "quarter": 2,
            "eps": 0.41,
            "eps_growth_year": -16.33,
            "eps_4q": 1.42,
            "eps_4q_growth_year": 2.91,
            "roe": 2.56,
            "roe_4q": 9.120000000000001,
            "gross_profit": null,
            "gross_margin": null,
            "gross_margin_4q_avg": 0,
            "net_income": 3998670,
            "net_income_4q": null,
            "revenue": 10052571,
            "revenue_4q": null,
            "common_shares": 92592548,
            "book_valuer_per_share": 16.64,
            "book_valuer_per_share_4q_avg": 16.6,
            "equity": 154460657,
            "current_ratio": null,
            "debt_ratio": 93.53,
            "inventory_turnover_ratio": null,
            "account_receivable_turnover_ratio": null,
            "reinvestment_rate": 12.25,
            "research_to_sale_ratio": null,
            "price_fair": 46.81,
            "eps_avg_yearly": 1.34,
            "eps_latest_yearly": 1.64,
            "eps_growth_yearly": 107.81
        },
        "20153": {
            "year_quarter": 20153,
            "year": 2015,
            "quarter": 3,
            "eps": 0.39,
            "eps_growth_year": 2.63,
            "eps_4q": 1.26,
            "eps_4q_growth_year": -12.61,
            "roe": 2.31,
            "roe_4q": 9.06,
            "gross_profit": null,
            "gross_margin": null,
            "gross_margin_4q_avg": 0,
            "net_income": 3910242,
            "net_income_4q": null,
            "revenue": 10821946,
            "revenue_4q": null,
            "common_shares": 114611064,
            "book_valuer_per_share": 16.09,
            "book_valuer_per_share_4q_avg": 16.6,
            "equity": 184767226,
            "current_ratio": null,
            "debt_ratio": 92.52,
            "inventory_turnover_ratio": null,
            "account_receivable_turnover_ratio": null,
            "reinvestment_rate": 5.5,
            "research_to_sale_ratio": null,
            "price_fair": 47.51,
            "eps_avg_yearly": 1.36,
            "eps_latest_yearly": 1.56,
            "eps_growth_yearly": 110.06
        },
        "20154": {
            "year_quarter": 20154,
            "year": 2015,
            "quarter": 4,
            "eps": 0.35,
            "eps_growth_year": 34.15,
            "eps_4q": 1.4,
            "eps_4q_growth_year": -8.19,
            "roe": 2.12,
            "roe_4q": 9.620000000000001,
            "gross_profit": null,
            "gross_margin": null,
            "gross_margin_4q_avg": 0,
            "net_income": 3944116,
            "net_income_4q": null,
            "revenue": 10701784,
            "revenue_4q": null,
            "common_shares": 114611064,
            "book_valuer_per_share": 16.37,
            "book_valuer_per_share_4q_avg": 16.53,
            "equity": 187986986,
            "current_ratio": null,
            "debt_ratio": 92.48,
            "inventory_turnover_ratio": null,
            "account_receivable_turnover_ratio": null,
            "reinvestment_rate": 2.98,
            "research_to_sale_ratio": null,
            "price_fair": 49.79,
            "eps_avg_yearly": 1.42,
            "eps_latest_yearly": 1.4,
            "eps_growth_yearly": 125.24
        },
        "20161": {
            "year_quarter": 20161,
            "year": 2016,
            "quarter": 1,
            "eps": 0.39,
            "eps_growth_year": -11.36,
            "eps_4q": 1.42,
            "eps_4q_growth_year": -9.25,
            "roe": 2.32,
            "roe_4q": 9.31,
            "gross_profit": null,
            "gross_margin": null,
            "gross_margin_4q_avg": 0,
            "net_income": 4405605,
            "net_income_4q": null,
            "revenue": 11069277,
            "revenue_4q": null,
            "common_shares": 114611064,
            "book_valuer_per_share": 16.74,
            "book_valuer_per_share_4q_avg": 16.46,
            "equity": 192205674,
            "current_ratio": null,
            "debt_ratio": 92.24,
            "inventory_turnover_ratio": null,
            "account_receivable_turnover_ratio": null,
            "reinvestment_rate": 0.99,
            "research_to_sale_ratio": null,
            "price_fair": 49.79,
            "eps_avg_yearly": 1.42,
            "eps_latest_yearly": 1.56,
            "eps_growth_yearly": 44.76
        },
        "20162": {
            "year_quarter": 20162,
            "year": 2016,
            "quarter": 2,
            "eps": 0.36,
            "eps_growth_year": -12.2,
            "eps_4q": 1.39,
            "eps_4q_growth_year": -1.89,
            "roe": 2.29,
            "roe_4q": 9.04,
            "gross_profit": null,
            "gross_margin": null,
            "gross_margin_4q_avg": 0,
            "net_income": 4340658,
            "net_income_4q": null,
            "revenue": 11031130,
            "revenue_4q": null,
            "common_shares": 114611064,
            "book_valuer_per_share": 16.21,
            "book_valuer_per_share_4q_avg": 16.35,
            "equity": 186097509,
            "current_ratio": null,
            "debt_ratio": 92.52,
            "inventory_turnover_ratio": null,
            "account_receivable_turnover_ratio": null,
            "reinvestment_rate": 0.53,
            "research_to_sale_ratio": null,
            "price_fair": 49,
            "eps_avg_yearly": 1.4,
            "eps_latest_yearly": 1.44,
            "eps_growth_yearly": 38.99
        },
        "20163": {
            "year_quarter": 20163,
            "year": 2016,
            "quarter": 3,
            "eps": 0.39,
            "eps_growth_year": 0,
            "eps_4q": 1.45,
            "eps_4q_growth_year": 15.58,
            "roe": 2.48,
            "roe_4q": 9.21,
            "gross_profit": null,
            "gross_margin": null,
            "gross_margin_4q_avg": 0,
            "net_income": 4660934,
            "net_income_4q": null,
            "revenue": 11668651,
            "revenue_4q": null,
            "common_shares": 119768562,
            "book_valuer_per_share": 15.81,
            "book_valuer_per_share_4q_avg": 16.28,
            "equity": 189712723,
            "current_ratio": null,
            "debt_ratio": 92.5,
            "inventory_turnover_ratio": null,
            "account_receivable_turnover_ratio": null,
            "reinvestment_rate": 0.51,
            "research_to_sale_ratio": null,
            "price_fair": 49.88,
            "eps_avg_yearly": 1.43,
            "eps_latest_yearly": 1.56,
            "eps_growth_yearly": 49.96
        },
        "20164": {
            "year_quarter": 20164,
            "year": 2016,
            "quarter": 4,
            "eps": 0.33,
            "eps_growth_year": -5.92,
            "eps_4q": 1.45,
            "eps_4q_growth_year": 3.76,
            "roe": 2.03,
            "roe_4q": 9.12,
            "gross_profit": null,
            "gross_margin": null,
            "gross_margin_4q_avg": 0,
            "net_income": 3876960,
            "net_income_4q": null,
            "revenue": 11321540,
            "revenue_4q": null,
            "common_shares": 119768562,
            "book_valuer_per_share": 16.01,
            "book_valuer_per_share_4q_avg": 16.19,
            "equity": 192028922,
            "current_ratio": null,
            "debt_ratio": 92.44,
            "inventory_turnover_ratio": null,
            "account_receivable_turnover_ratio": null,
            "reinvestment_rate": 0.24,
            "research_to_sale_ratio": null,
            "price_fair": 51.54,
            "eps_avg_yearly": 1.47,
            "eps_latest_yearly": 1.32,
            "eps_growth_yearly": 59.05
        },
        "20171": {
            "year_quarter": 20171,
            "year": 2017,
            "quarter": 1,
            "eps": 0.36,
            "eps_growth_year": -7.69,
            "eps_4q": 1.44,
            "eps_4q_growth_year": 1.2,
            "roe": 2.23,
            "roe_4q": 9.030000000000001,
            "gross_profit": null,
            "gross_margin": null,
            "gross_margin_4q_avg": 0,
            "net_income": 4309071,
            "net_income_4q": null,
            "revenue": 12081986,
            "revenue_4q": null,
            "common_shares": 119768562,
            "book_valuer_per_share": 16.26,
            "book_valuer_per_share_4q_avg": 16.07,
            "equity": 194946901,
            "current_ratio": null,
            "debt_ratio": 92.41,
            "inventory_turnover_ratio": null,
            "account_receivable_turnover_ratio": null,
            "reinvestment_rate": -0.91,
            "research_to_sale_ratio": null,
            "price_fair": 47.17,
            "eps_avg_yearly": 1.47,
            "eps_latest_yearly": 1.44,
            "eps_growth_yearly": 22.04
        },
        "20172": {
            "year_quarter": 20172,
            "year": 2017,
            "quarter": 2,
            "eps": 0.43,
            "eps_growth_year": 19.44,
            "eps_4q": 1.49,
            "eps_4q_growth_year": 7.14,
            "roe": 2.78,
            "roe_4q": 9.52,
            "gross_profit": null,
            "gross_margin": null,
            "gross_margin_4q_avg": 0,
            "net_income": 5298705,
            "net_income_4q": null,
            "revenue": 12423805,
            "revenue_4q": null,
            "common_shares": 119768562,
            "book_valuer_per_share": 15.57,
            "book_valuer_per_share_4q_avg": 15.91,
            "equity": 186790987,
            "current_ratio": null,
            "debt_ratio": 92.69,
            "inventory_turnover_ratio": null,
            "account_receivable_turnover_ratio": null,
            "reinvestment_rate": -0.43,
            "research_to_sale_ratio": null,
            "price_fair": 51.61,
            "eps_avg_yearly": 1.48,
            "eps_latest_yearly": 1.72,
            "eps_growth_yearly": 24.81
        },
        "20173": {
            "year_quarter": 20173,
            "year": 2017,
            "quarter": 3,
            "eps": 0.43,
            "eps_growth_year": 10.26,
            "eps_4q": 1.54,
            "eps_4q_growth_year": 5.67,
            "roe": 2.76,
            "roe_4q": 9.799999999999999,
            "gross_profit": null,
            "gross_margin": null,
            "gross_margin_4q_avg": 0,
            "net_income": 5224291,
            "net_income_4q": null,
            "revenue": 13063430,
            "revenue_4q": null,
            "common_shares": 122163933,
            "book_valuer_per_share": 15.7,
            "book_valuer_per_share_4q_avg": 15.89,
            "equity": 192003819,
            "current_ratio": null,
            "debt_ratio": 92.57,
            "inventory_turnover_ratio": null,
            "account_receivable_turnover_ratio": null,
            "reinvestment_rate": -0.54,
            "research_to_sale_ratio": null,
            "price_fair": 52.68,
            "eps_avg_yearly": 1.51,
            "eps_latest_yearly": 1.72,
            "eps_growth_yearly": 28.02
        },
        "20174": {
            "year_quarter": 20174,
            "year": 2017,
            "quarter": 4,
            "eps": 0.05,
            "eps_growth_year": -84.68,
            "eps_4q": 1.27,
            "eps_4q_growth_year": -12.54,
            "roe": 0.31,
            "roe_4q": 8.08,
            "gross_profit": null,
            "gross_margin": null,
            "gross_margin_4q_avg": 0,
            "net_income": 600324,
            "net_income_4q": null,
            "revenue": 13257891,
            "revenue_4q": null,
            "common_shares": 122163933,
            "book_valuer_per_share": 15.7,
            "book_valuer_per_share_4q_avg": 15.81,
            "equity": 192050967,
            "current_ratio": null,
            "debt_ratio": 92.71,
            "inventory_turnover_ratio": null,
            "account_receivable_turnover_ratio": null,
            "reinvestment_rate": -1,
            "research_to_sale_ratio": null,
            "price_fair": 39.62,
            "eps_avg_yearly": 1.47,
            "eps_latest_yearly": 0.2,
            "eps_growth_yearly": 16.95
        },
        "20181": {
            "year_quarter": 20181,
            "year": 2018,
            "quarter": 1,
            "eps": 0.38,
            "eps_growth_year": 5.56,
            "eps_4q": 1.29,
            "eps_4q_growth_year": -10.66,
            "roe": 2.33,
            "roe_4q": 8.18,
            "gross_profit": null,
            "gross_margin": null,
            "gross_margin_4q_avg": 0,
            "net_income": 4592317,
            "net_income_4q": null,
            "revenue": 15098137,
            "revenue_4q": null,
            "common_shares": 122163933,
            "book_valuer_per_share": 16.52,
            "book_valuer_per_share_4q_avg": 15.87,
            "equity": 201778761,
            "current_ratio": null,
            "debt_ratio": 92.4,
            "inventory_turnover_ratio": null,
            "account_receivable_turnover_ratio": null,
            "reinvestment_rate": -1.61,
            "research_to_sale_ratio": null,
            "price_fair": 51.1,
            "eps_avg_yearly": 1.46,
            "eps_latest_yearly": 1.52,
            "eps_growth_yearly": 151.69
        },
        "20182": {
            "year_quarter": 20182,
            "year": 2018,
            "quarter": 2,
            "eps": 0.4,
            "eps_growth_year": -6.98,
            "eps_4q": 1.25,
            "eps_4q_growth_year": -16.15,
            "roe": 2.5,
            "roe_4q": 7.8999999999999995,
            "gross_profit": null,
            "gross_margin": null,
            "gross_margin_4q_avg": 0,
            "net_income": 4987472,
            "net_income_4q": null,
            "revenue": 16381103,
            "revenue_4q": null,
            "common_shares": 122163933,
            "book_valuer_per_share": 16.19,
            "book_valuer_per_share_4q_avg": 16.03,
            "equity": 197740787,
            "current_ratio": null,
            "debt_ratio": 93.11,
            "inventory_turnover_ratio": null,
            "account_receivable_turnover_ratio": null,
            "reinvestment_rate": -2.74,
            "research_to_sale_ratio": null,
            "price_fair": 50.31,
            "eps_avg_yearly": 1.44,
            "eps_latest_yearly": 1.6,
            "eps_growth_yearly": 148.84
        },
        "20183": {
            "year_quarter": 20183,
            "year": 2018,
            "quarter": 3,
            "eps": 0.38,
            "eps_growth_year": -11.63,
            "eps_4q": 1.21,
            "eps_4q_growth_year": -21.37,
            "roe": 2.35,
            "roe_4q": 7.489999999999999,
            "gross_profit": null,
            "gross_margin": null,
            "gross_margin_4q_avg": 0,
            "net_income": 4723749,
            "net_income_4q": null,
            "revenue": 15074546,
            "revenue_4q": null,
            "common_shares": 123385572,
            "book_valuer_per_share": 16.49,
            "book_valuer_per_share_4q_avg": 16.23,
            "equity": 203499101,
            "current_ratio": null,
            "debt_ratio": 92.94,
            "inventory_turnover_ratio": null,
            "account_receivable_turnover_ratio": null,
            "reinvestment_rate": -2.08,
            "research_to_sale_ratio": null,
            "price_fair": 50.31,
            "eps_avg_yearly": 1.44,
            "eps_latest_yearly": 1.52,
            "eps_growth_yearly": 153.2
        },
        "20184": {
            "year_quarter": 20184,
            "year": 2018,
            "quarter": 4,
            "eps": 0.25,
            "eps_growth_year": 391.14,
            "eps_4q": 1.4,
            "eps_4q_growth_year": 10.83,
            "roe": 1.48,
            "roe_4q": 8.66,
            "gross_profit": null,
            "gross_margin": null,
            "gross_margin_4q_avg": 0,
            "net_income": 3028661,
            "net_income_4q": null,
            "revenue": 13694960,
            "revenue_4q": null,
            "common_shares": 123385572,
            "book_valuer_per_share": 16.64,
            "book_valuer_per_share_4q_avg": 16.46,
            "equity": 205303072,
            "current_ratio": null,
            "debt_ratio": 93.01,
            "inventory_turnover_ratio": null,
            "account_receivable_turnover_ratio": null,
            "reinvestment_rate": -2.69,
            "research_to_sale_ratio": null,
            "price_fair": 50.23,
            "eps_avg_yearly": 1.44,
            "eps_latest_yearly": 1,
            "eps_growth_yearly": 152.54
        },
        "20191": {
            "year_quarter": 20191,
            "year": 2019,
            "quarter": 1,
            "eps": 0.39,
            "eps_growth_year": 2.63,
            "eps_4q": 1.42,
            "eps_4q_growth_year": 10.43,
            "roe": 2.29,
            "roe_4q": 8.620000000000001,
            "gross_profit": null,
            "gross_margin": null,
            "gross_margin_4q_avg": 0,
            "net_income": 4809693,
            "net_income_4q": null,
            "revenue": 15621259,
            "revenue_4q": null,
            "common_shares": 123385572,
            "book_valuer_per_share": 17.36,
            "book_valuer_per_share_4q_avg": 16.67,
            "equity": 214194063,
            "current_ratio": null,
            "debt_ratio": 92.99,
            "inventory_turnover_ratio": null,
            "account_receivable_turnover_ratio": null,
            "reinvestment_rate": -2.58,
            "research_to_sale_ratio": null,
            "price_fair": 49.79,
            "eps_avg_yearly": 1.42,
            "eps_latest_yearly": 1.56,
            "eps_growth_yearly": 149.24
        },
        "20192": {
            "year_quarter": 20192,
            "year": 2019,
            "quarter": 2,
            "eps": 0.41,
            "eps_growth_year": 2.5,
            "eps_4q": 1.42,
            "eps_4q_growth_year": 13.38,
            "roe": 2.4,
            "roe_4q": 8.52,
            "gross_profit": null,
            "gross_margin": null,
            "gross_margin_4q_avg": 0,
            "net_income": 5104385,
            "net_income_4q": null,
            "revenue": 15488402,
            "revenue_4q": null,
            "common_shares": 123385572,
            "book_valuer_per_share": 17.1,
            "book_valuer_per_share_4q_avg": 16.9,
            "equity": 211002049,
            "current_ratio": null,
            "debt_ratio": 92.96,
            "inventory_turnover_ratio": null,
            "account_receivable_turnover_ratio": null,
            "reinvestment_rate": -1.88,
            "research_to_sale_ratio": null,
            "price_fair": 49.79,
            "eps_avg_yearly": 1.42,
            "eps_latest_yearly": 1.64,
            "eps_growth_yearly": 152.22
        },
        "20193": {
            "year_quarter": 20193,
            "year": 2019,
            "quarter": 3,
            "eps": 0.44,
            "eps_growth_year": 15.79,
            "eps_4q": 1.48,
            "eps_4q_growth_year": 22.19,
            "roe": 2.56,
            "roe_4q": 8.73,
            "gross_profit": null,
            "gross_margin": null,
            "gross_margin_4q_avg": 0,
            "net_income": 5462624,
            "net_income_4q": null,
            "revenue": 15965399,
            "revenue_4q": null,
            "common_shares": 124619428,
            "book_valuer_per_share": 17.31,
            "book_valuer_per_share_4q_avg": 17.1,
            "equity": 215713311,
            "current_ratio": null,
            "debt_ratio": 92.85,
            "inventory_turnover_ratio": null,
            "account_receivable_turnover_ratio": null,
            "reinvestment_rate": -0.95,
            "research_to_sale_ratio": null,
            "price_fair": 50.23,
            "eps_avg_yearly": 1.44,
            "eps_latest_yearly": 1.76,
            "eps_growth_yearly": 155.27
        },
        "20194": {
            "year_quarter": 20194,
            "year": 2019,
            "quarter": 4,
            "eps": 0.32,
            "eps_growth_year": 30.5,
            "eps_4q": 1.55,
            "eps_4q_growth_year": 10.64,
            "roe": 1.83,
            "roe_4q": 9.080000000000002,
            "gross_profit": null,
            "gross_margin": null,
            "gross_margin_4q_avg": 0,
            "net_income": 3992049,
            "net_income_4q": null,
            "revenue": 15242814,
            "revenue_4q": null,
            "common_shares": 124619428,
            "book_valuer_per_share": 17.63,
            "book_valuer_per_share_4q_avg": 17.35,
            "equity": 219732507,
            "current_ratio": null,
            "debt_ratio": 93.15,
            "inventory_turnover_ratio": null,
            "account_receivable_turnover_ratio": null,
            "reinvestment_rate": -1.5,
            "research_to_sale_ratio": null,
            "price_fair": 49.96,
            "eps_avg_yearly": 1.43,
            "eps_latest_yearly": 1.28,
            "eps_growth_yearly": 151.02
        },
        "20201": {
            "year_quarter": 20201,
            "year": 2020,
            "quarter": 1,
            "eps": 0.24,
            "eps_growth_year": -38.46,
            "eps_4q": 1.4,
            "eps_4q_growth_year": -1.29,
            "roe": 1.35,
            "roe_4q": 8.14,
            "gross_profit": null,
            "gross_margin": null,
            "gross_margin_4q_avg": 0,
            "net_income": 2937521,
            "net_income_4q": null,
            "revenue": 13616154,
            "revenue_4q": null,
            "common_shares": 124619428,
            "book_valuer_per_share": 17.27,
            "book_valuer_per_share_4q_avg": 17.33,
            "equity": 215200042,
            "current_ratio": null,
            "debt_ratio": 93.3,
            "inventory_turnover_ratio": null,
            "account_receivable_turnover_ratio": null,
            "reinvestment_rate": -1.06,
            "research_to_sale_ratio": null,
            "price_fair": 48.65,
            "eps_avg_yearly": 1.39,
            "eps_latest_yearly": 0.96,
            "eps_growth_yearly": 141.91
        },
        "20202": {
            "year_quarter": 20202,
            "year": 2020,
            "quarter": 2,
            "eps": 0.45,
            "eps_growth_year": 9.76,
            "eps_4q": 1.42,
            "eps_4q_growth_year": 0.12,
            "roe": 2.73,
            "roe_4q": 8.47,
            "gross_profit": null,
            "gross_margin": null,
            "gross_margin_4q_avg": 0,
            "net_income": 5826824,
            "net_income_4q": null,
            "revenue": 14438401,
            "revenue_4q": null,
            "common_shares": 124619428,
            "book_valuer_per_share": 17.03,
            "book_valuer_per_share_4q_avg": 17.31,
            "equity": 212283333,
            "current_ratio": null,
            "debt_ratio": 93.56,
            "inventory_turnover_ratio": null,
            "account_receivable_turnover_ratio": null,
            "reinvestment_rate": -0.52,
            "research_to_sale_ratio": null,
            "price_fair": 49.44,
            "eps_avg_yearly": 1.41,
            "eps_latest_yearly": 1.8,
            "eps_growth_yearly": 165.71
        },
        "20203": {
            "year_quarter": 20203,
            "year": 2020,
            "quarter": 3,
            "eps": 0.36,
            "eps_growth_year": -18.18,
            "eps_4q": 1.35,
            "eps_4q_growth_year": -8.38,
            "roe": 2.15,
            "roe_4q": 8.06,
            "gross_profit": null,
            "gross_margin": null,
            "gross_margin_4q_avg": 0,
            "net_income": 4613426,
            "net_income_4q": null,
            "revenue": 15353669,
            "revenue_4q": null,
            "common_shares": 128358011,
            "book_valuer_per_share": 16.85,
            "book_valuer_per_share_4q_avg": 17.2,
            "equity": 216333356,
            "current_ratio": null,
            "debt_ratio": 93.64,
            "inventory_turnover_ratio": null,
            "account_receivable_turnover_ratio": null,
            "reinvestment_rate": -0.37,
            "research_to_sale_ratio": null,
            "price_fair": 49.18,
            "eps_avg_yearly": 1.41,
            "eps_latest_yearly": 1.44,
            "eps_growth_yearly": 158.63
        },
        "20204": {
            "year_quarter": 20204,
            "year": 2020,
            "quarter": 4,
            "eps": 0.27,
            "eps_growth_year": -16.59,
            "eps_4q": 1.31,
            "eps_4q_growth_year": -15.75,
            "roe": 1.57,
            "roe_4q": 7.799999999999999,
            "gross_profit": null,
            "gross_margin": null,
            "gross_margin_4q_avg": 0,
            "net_income": 3429770,
            "net_income_4q": null,
            "revenue": 16160004,
            "revenue_4q": null,
            "common_shares": 128358011,
            "book_valuer_per_share": 17.23,
            "book_valuer_per_share_4q_avg": 17.1,
            "equity": 221206869,
            "current_ratio": null,
            "debt_ratio": 93.77,
            "inventory_turnover_ratio": null,
            "account_receivable_turnover_ratio": null,
            "reinvestment_rate": 0.59,
            "research_to_sale_ratio": null,
            "price_fair": 48.65,
            "eps_avg_yearly": 1.39,
            "eps_latest_yearly": 1.08,
            "eps_growth_yearly": 156.22
        },
        "20211": {
            "year_quarter": 20211,
            "year": 2021,
            "quarter": 1,
            "eps": 0.39,
            "eps_growth_year": 62.5,
            "eps_4q": 1.47,
            "eps_4q_growth_year": 4.87,
            "roe": 2.26,
            "roe_4q": 8.71,
            "gross_profit": null,
            "gross_margin": null,
            "gross_margin_4q_avg": 0,
            "net_income": 5029419,
            "net_income_4q": null,
            "revenue": 15948589,
            "revenue_4q": null,
            "common_shares": 128358011,
            "book_valuer_per_share": 17.51,
            "book_valuer_per_share_4q_avg": 17.16,
            "equity": 224793039,
            "current_ratio": null,
            "debt_ratio": 93.75,
            "inventory_turnover_ratio": null,
            "account_receivable_turnover_ratio": null,
            "reinvestment_rate": 1.4,
            "research_to_sale_ratio": null,
            "price_fair": 48.91,
            "eps_avg_yearly": 1.4,
            "eps_latest_yearly": 1.56,
            "eps_growth_yearly": 165.06
        },
        "20212": {
            "year_quarter": 20212,
            "year": 2021,
            "quarter": 2,
            "eps": 0.46,
            "eps_growth_year": 2.22,
            "eps_4q": 1.48,
            "eps_4q_growth_year": 4.05,
            "roe": 2.59,
            "roe_4q": 8.57,
            "gross_profit": null,
            "gross_margin": null,
            "gross_margin_4q_avg": 0,
            "net_income": 5883745,
            "net_income_4q": null,
            "revenue": 15393283,
            "revenue_4q": null,
            "common_shares": 128358011,
            "book_valuer_per_share": 17.85,
            "book_valuer_per_share_4q_avg": 17.36,
            "equity": 229178603,
            "current_ratio": null,
            "debt_ratio": 93.64,
            "inventory_turnover_ratio": null,
            "account_receivable_turnover_ratio": null,
            "reinvestment_rate": 1.32,
            "research_to_sale_ratio": null,
            "price_fair": 49.18,
            "eps_avg_yearly": 1.41,
            "eps_latest_yearly": 1.84,
            "eps_growth_yearly": 164.69
        },
        "20213": {
            "year_quarter": 20213,
            "year": 2021,
            "quarter": 3,
            "eps": 0.43,
            "eps_growth_year": 19.44,
            "eps_4q": 1.54,
            "eps_4q_growth_year": 13.72,
            "roe": 2.48,
            "roe_4q": 8.9,
            "gross_profit": null,
            "gross_margin": null,
            "gross_margin_4q_avg": 0,
            "net_income": 5608198,
            "net_income_4q": null,
            "revenue": 16055372,
            "revenue_4q": null,
            "common_shares": 129641591,
            "book_valuer_per_share": 17.21,
            "book_valuer_per_share_4q_avg": 17.45,
            "equity": 223055660,
            "current_ratio": null,
            "debt_ratio": 93.85,
            "inventory_turnover_ratio": null,
            "account_receivable_turnover_ratio": null,
            "reinvestment_rate": 1.32,
            "research_to_sale_ratio": null,
            "price_fair": 49.18,
            "eps_avg_yearly": 1.41,
            "eps_latest_yearly": 1.72,
            "eps_growth_yearly": 163.06
        },
        "20214": {
            "year_quarter": 20214,
            "year": 2021,
            "quarter": 4,
            "eps": 0.25,
            "eps_growth_year": -7.11,
            "eps_4q": 1.52,
            "eps_4q_growth_year": 16.28,
            "roe": 1.44,
            "roe_4q": 8.77,
            "gross_profit": null,
            "gross_margin": null,
            "gross_margin_4q_avg": 0,
            "net_income": 3217683,
            "net_income_4q": null,
            "revenue": 15207185,
            "revenue_4q": null,
            "common_shares": 129641591,
            "book_valuer_per_share": 17.32,
            "book_valuer_per_share_4q_avg": 17.47,
            "equity": 224546858,
            "current_ratio": null,
            "debt_ratio": 94,
            "inventory_turnover_ratio": null,
            "account_receivable_turnover_ratio": null,
            "reinvestment_rate": 1.06,
            "research_to_sale_ratio": null,
            "price_fair": 50.93,
            "eps_avg_yearly": 1.46,
            "eps_latest_yearly": 1,
            "eps_growth_yearly": 174.68
        },
        "20221": {
            "year_quarter": 20221,
            "year": 2022,
            "quarter": 1,
            "eps": 0.38,
            "eps_growth_year": -2.56,
            "eps_4q": 1.52,
            "eps_4q_growth_year": 2.96,
            "roe": 2.17,
            "roe_4q": 8.68,
            "gross_profit": null,
            "gross_margin": null,
            "gross_margin_4q_avg": 0,
            "net_income": 4944122,
            "net_income_4q": null,
            "revenue": 15471518,
            "revenue_4q": null,
            "common_shares": 129641591,
            "book_valuer_per_share": 17.79,
            "book_valuer_per_share_4q_avg": 17.54,
            "equity": 230616383,
            "current_ratio": null,
            "debt_ratio": 94.1,
            "inventory_turnover_ratio": null,
            "account_receivable_turnover_ratio": null,
            "reinvestment_rate": 1.01,
            "research_to_sale_ratio": null,
            "price_fair": 47.56,
            "eps_avg_yearly": 1.46,
            "eps_latest_yearly": 1.52,
            "eps_growth_yearly": 22.68
        },
        "20222": {
            "year_quarter": 20222,
            "year": 2022,
            "quarter": 2,
            "eps": 0.4,
            "eps_growth_year": -13.04,
            "eps_4q": 1.44,
            "eps_4q_growth_year": -2.39,
            "roe": 2.39,
            "roe_4q": 8.48,
            "gross_profit": null,
            "gross_margin": null,
            "gross_margin_4q_avg": 0,
            "net_income": 5291499,
            "net_income_4q": null,
            "revenue": 16897173,
            "revenue_4q": null,
            "common_shares": 129641591,
            "book_valuer_per_share": 16.42,
            "book_valuer_per_share_4q_avg": 17.19,
            "equity": 212814224,
            "current_ratio": null,
            "debt_ratio": 94.63,
            "inventory_turnover_ratio": null,
            "account_receivable_turnover_ratio": null,
            "reinvestment_rate": 0.96,
            "research_to_sale_ratio": null,
            "price_fair": 47.56,
            "eps_avg_yearly": 1.46,
            "eps_latest_yearly": 1.6,
            "eps_growth_yearly": 22.68
        },
        "20223": {
            "year_quarter": 20223,
            "year": 2022,
            "quarter": 3,
            "eps": 0.47,
            "eps_growth_year": 9.3,
            "eps_4q": 1.49,
            "eps_4q_growth_year": -3.46,
            "roe": 2.88,
            "roe_4q": 8.879999999999999,
            "gross_profit": null,
            "gross_margin": null,
            "gross_margin_4q_avg": 0,
            "net_income": 6192676,
            "net_income_4q": null,
            "revenue": 19830829,
            "revenue_4q": null,
            "common_shares": 132234423,
            "book_valuer_per_share": 16.44,
            "book_valuer_per_share_4q_avg": 16.99,
            "equity": 217415798,
            "current_ratio": null,
            "debt_ratio": 94.6,
            "inventory_turnover_ratio": null,
            "account_receivable_turnover_ratio": null,
            "reinvestment_rate": 1.08,
            "research_to_sale_ratio": null,
            "price_fair": 51.71,
            "eps_avg_yearly": 1.48,
            "eps_latest_yearly": 1.88,
            "eps_growth_yearly": 28.31
        },
        "20224": {
            "year_quarter": 20224,
            "year": 2022,
            "quarter": 4,
            "eps": 0.32,
            "eps_growth_year": 26.98,
            "eps_4q": 1.56,
            "eps_4q_growth_year": 2.29,
            "roe": 1.89,
            "roe_4q": 9.33,
            "gross_profit": null,
            "gross_margin": null,
            "gross_margin_4q_avg": 0,
            "net_income": 4167366,
            "net_income_4q": null,
            "revenue": 15556874,
            "revenue_4q": null,
            "common_shares": 132234423,
            "book_valuer_per_share": 16.95,
            "book_valuer_per_share_4q_avg": 16.9,
            "equity": 224122570,
            "current_ratio": null,
            "debt_ratio": 94.61,
            "inventory_turnover_ratio": null,
            "account_receivable_turnover_ratio": null,
            "reinvestment_rate": 1.52,
            "research_to_sale_ratio": null,
            "price_fair": 52.33,
            "eps_avg_yearly": 1.5,
            "eps_latest_yearly": 1.28,
            "eps_growth_yearly": 28.88
        },
        "20231": {
            "year_quarter": 20231,
            "year": 2023,
            "quarter": 1,
            "eps": 0.5,
            "eps_growth_year": 31.58,
            "eps_4q": 1.69,
            "eps_4q_growth_year": 11.15,
            "roe": 2.88,
            "roe_4q": 10.04,
            "gross_profit": null,
            "gross_margin": null,
            "gross_margin_4q_avg": 0,
            "net_income": 6630418,
            "net_income_4q": null,
            "revenue": 17740895,
            "revenue_4q": null,
            "common_shares": 132234423,
            "book_valuer_per_share": 17.88,
            "book_valuer_per_share_4q_avg": 16.92,
            "equity": 236471954,
            "current_ratio": null,
            "debt_ratio": 94.45,
            "inventory_turnover_ratio": null,
            "account_receivable_turnover_ratio": null,
            "reinvestment_rate": 1.51,
            "research_to_sale_ratio": null,
            "price_fair": 53.29,
            "eps_avg_yearly": 1.52,
            "eps_latest_yearly": 2,
            "eps_growth_yearly": 28.95
        },
        "20232": {
            "year_quarter": 20232,
            "year": 2023,
            "quarter": 2,
            "eps": 0.48,
            "eps_growth_year": 20,
            "eps_4q": 1.73,
            "eps_4q_growth_year": 19.79,
            "roe": 2.77,
            "roe_4q": 10.42,
            "gross_profit": null,
            "gross_margin": null,
            "gross_margin_4q_avg": 0,
            "net_income": 6528044,
            "net_income_4q": null,
            "revenue": 17416512,
            "revenue_4q": null,
            "common_shares": 132234423,
            "book_valuer_per_share": 17.81,
            "book_valuer_per_share_4q_avg": 17.27,
            "equity": 235457832,
            "current_ratio": null,
            "debt_ratio": 94.47,
            "inventory_turnover_ratio": null,
            "account_receivable_turnover_ratio": null,
            "reinvestment_rate": 1.36,
            "research_to_sale_ratio": null,
            "price_fair": 53.9,
            "eps_avg_yearly": 1.54,
            "eps_latest_yearly": 1.92,
            "eps_growth_yearly": 26.66
        },
        "20233": {
            "year_quarter": 20233,
            "year": 2023,
            "quarter": 3,
            "eps": 0.43,
            "eps_growth_year": -8.51,
            "eps_4q": 1.7,
            "eps_4q_growth_year": 14.62,
            "roe": 2.46,
            "roe_4q": 10,
            "gross_profit": null,
            "gross_margin": null,
            "gross_margin_4q_avg": 0,
            "net_income": 5868195,
            "net_income_4q": null,
            "revenue": 16579292,
            "revenue_4q": null,
            "common_shares": 136201455,
            "book_valuer_per_share": 17.77,
            "book_valuer_per_share_4q_avg": 17.6,
            "equity": 242009091,
            "current_ratio": null,
            "debt_ratio": 94.46,
            "inventory_turnover_ratio": null,
            "account_receivable_turnover_ratio": null,
            "reinvestment_rate": 1.33,
            "research_to_sale_ratio": null,
            "price_fair": 49.55,
            "eps_avg_yearly": 1.54,
            "eps_latest_yearly": 1.72,
            "eps_growth_yearly": 22.23
        }
    },
    "months": {
        "2003-01": {
            "month": "2003-01",
            "price": "26.67",
            "revenue": 617646
        },
        "2003-02": {
            "month": "2003-02",
            "price": "22.79",
            "revenue": 600718
        },
        "2003-03": {
            "month": "2003-03",
            "price": "21.53",
            "revenue": 618050
        },
        "2003-04": {
            "month": "2003-04",
            "price": "21.78",
            "revenue": 603976
        },
        "2003-05": {
            "month": "2003-05",
            "price": "20.29",
            "revenue": 708574
        },
        "2003-06": {
            "month": "2003-06",
            "price": "21.70",
            "revenue": 921629
        },
        "2003-07": {
            "month": "2003-07",
            "price": "21.53",
            "revenue": 988511
        },
        "2003-08": {
            "month": "2003-08",
            "price": "19.54",
            "revenue": 713982
        },
        "2003-09": {
            "month": "2003-09",
            "price": "19.91",
            "revenue": 513142
        },
        "2003-10": {
            "month": "2003-10",
            "price": "22.15",
            "revenue": -20059741
        },
        "2003-11": {
            "month": "2003-11",
            "price": "21.99",
            "revenue": 690313
        },
        "2003-12": {
            "month": "2003-12",
            "price": "23.01",
            "revenue": 716314
        },
        "2004-01": {
            "month": "2004-01",
            "price": "25.63",
            "revenue": 967075
        },
        "2004-02": {
            "month": "2004-02",
            "price": "26.90",
            "revenue": 1148942
        },
        "2004-03": {
            "month": "2004-03",
            "price": "26.38",
            "revenue": 1300289
        },
        "2004-04": {
            "month": "2004-04",
            "price": "26.51",
            "revenue": 1107258
        },
        "2004-05": {
            "month": "2004-05",
            "price": "24.01",
            "revenue": 852170
        },
        "2004-06": {
            "month": "2004-06",
            "price": "24.24",
            "revenue": 854991
        },
        "2004-07": {
            "month": "2004-07",
            "price": "23.52",
            "revenue": 650431
        },
        "2004-08": {
            "month": "2004-08",
            "price": "22.16",
            "revenue": 795777
        },
        "2004-09": {
            "month": "2004-09",
            "price": "25.12",
            "revenue": 855755
        },
        "2004-10": {
            "month": "2004-10",
            "price": "27.10",
            "revenue": 736552
        },
        "2004-11": {
            "month": "2004-11",
            "price": "27.14",
            "revenue": 727447
        },
        "2004-12": {
            "month": "2004-12",
            "price": "26.83",
            "revenue": 427871
        },
        "2005-01": {
            "month": "2005-01",
            "price": "26.63",
            "revenue": 960764
        },
        "2005-02": {
            "month": "2005-02",
            "price": "26.77",
            "revenue": 797998
        },
        "2005-03": {
            "month": "2005-03",
            "price": "26.08",
            "revenue": 906537
        },
        "2005-04": {
            "month": "2005-04",
            "price": "24.00",
            "revenue": 788436
        },
        "2005-05": {
            "month": "2005-05",
            "price": "25.18",
            "revenue": 832895
        },
        "2005-06": {
            "month": "2005-06",
            "price": "25.84",
            "revenue": 623216
        },
        "2005-07": {
            "month": "2005-07",
            "price": "25.92",
            "revenue": 1229998
        },
        "2005-08": {
            "month": "2005-08",
            "price": "25.00",
            "revenue": 1252802
        },
        "2005-09": {
            "month": "2005-09",
            "price": "23.96",
            "revenue": 645349
        },
        "2005-10": {
            "month": "2005-10",
            "price": "23.15",
            "revenue": 608930
        },
        "2005-11": {
            "month": "2005-11",
            "price": "23.37",
            "revenue": 668562
        },
        "2005-12": {
            "month": "2005-12",
            "price": "23.72",
            "revenue": 532976
        },
        "2006-01": {
            "month": "2006-01",
            "price": "23.66",
            "revenue": 1417320
        },
        "2006-02": {
            "month": "2006-02",
            "price": "24.75",
            "revenue": 741905
        },
        "2006-03": {
            "month": "2006-03",
            "price": "23.52",
            "revenue": 684577
        },
        "2006-04": {
            "month": "2006-04",
            "price": "24.19",
            "revenue": 687687
        },
        "2006-05": {
            "month": "2006-05",
            "price": "24.88",
            "revenue": 256012
        },
        "2006-06": {
            "month": "2006-06",
            "price": "23.79",
            "revenue": 950504
        },
        "2006-07": {
            "month": "2006-07",
            "price": "23.78",
            "revenue": 873598
        },
        "2006-08": {
            "month": "2006-08",
            "price": "21.64",
            "revenue": 1160099
        },
        "2006-09": {
            "month": "2006-09",
            "price": "21.49",
            "revenue": 1052121
        },
        "2006-10": {
            "month": "2006-10",
            "price": "22.93",
            "revenue": 1184025
        },
        "2006-11": {
            "month": "2006-11",
            "price": "23.45",
            "revenue": 1310837
        },
        "2006-12": {
            "month": "2006-12",
            "price": "24.31",
            "revenue": 1221523
        },
        "2007-01": {
            "month": "2007-01",
            "price": "24.39",
            "revenue": 1014291
        },
        "2007-02": {
            "month": "2007-02",
            "price": "24.35",
            "revenue": 894337
        },
        "2007-03": {
            "month": "2007-03",
            "price": "23.03",
            "revenue": 1121203
        },
        "2007-04": {
            "month": "2007-04",
            "price": "23.22",
            "revenue": 1065019
        },
        "2007-05": {
            "month": "2007-05",
            "price": "22.54",
            "revenue": 1318311
        },
        "2007-06": {
            "month": "2007-06",
            "price": "22.76",
            "revenue": 841565
        },
        "2007-07": {
            "month": "2007-07",
            "price": "24.77",
            "revenue": 1876129
        },
        "2007-08": {
            "month": "2007-08",
            "price": "22.18",
            "revenue": 1328978
        },
        "2007-09": {
            "month": "2007-09",
            "price": "22.73",
            "revenue": 1155902
        },
        "2007-10": {
            "month": "2007-10",
            "price": "24.44",
            "revenue": 1211163
        },
        "2007-11": {
            "month": "2007-11",
            "price": "24.42",
            "revenue": 855893
        },
        "2007-12": {
            "month": "2007-12",
            "price": "23.96",
            "revenue": 991099
        },
        "2008-01": {
            "month": "2008-01",
            "price": "25.60",
            "revenue": 1194725
        },
        "2008-02": {
            "month": "2008-02",
            "price": "27.15",
            "revenue": 1103299
        },
        "2008-03": {
            "month": "2008-03",
            "price": "29.98",
            "revenue": 1344349
        },
        "2008-04": {
            "month": "2008-04",
            "price": "35.09",
            "revenue": 1437420
        },
        "2008-05": {
            "month": "2008-05",
            "price": "36.35",
            "revenue": 1144489
        },
        "2008-06": {
            "month": "2008-06",
            "price": "34.82",
            "revenue": 304703
        },
        "2008-07": {
            "month": "2008-07",
            "price": "27.54",
            "revenue": 947951
        },
        "2008-08": {
            "month": "2008-08",
            "price": "24.72",
            "revenue": 1154484
        },
        "2008-09": {
            "month": "2008-09",
            "price": "21.38",
            "revenue": 323078
        },
        "2008-10": {
            "month": "2008-10",
            "price": "15.94",
            "revenue": 183775
        },
        "2008-11": {
            "month": "2008-11",
            "price": "15.54",
            "revenue": -2269669
        },
        "2008-12": {
            "month": "2008-12",
            "price": "16.13",
            "revenue": 1972594
        },
        "2009-01": {
            "month": "2009-01",
            "price": "15.74",
            "revenue": 681749
        },
        "2009-02": {
            "month": "2009-02",
            "price": "13.60",
            "revenue": 482349
        },
        "2009-03": {
            "month": "2009-03",
            "price": "14.54",
            "revenue": 625544
        },
        "2009-04": {
            "month": "2009-04",
            "price": "17.50",
            "revenue": 657620
        },
        "2009-05": {
            "month": "2009-05",
            "price": "19.82",
            "revenue": 602303
        },
        "2009-06": {
            "month": "2009-06",
            "price": "19.58",
            "revenue": 541238
        },
        "2009-07": {
            "month": "2009-07",
            "price": "19.55",
            "revenue": 602950
        },
        "2009-08": {
            "month": "2009-08",
            "price": "18.82",
            "revenue": 323522
        },
        "2009-09": {
            "month": "2009-09",
            "price": "19.65",
            "revenue": 784394
        },
        "2009-10": {
            "month": "2009-10",
            "price": "20.46",
            "revenue": 245795
        },
        "2009-11": {
            "month": "2009-11",
            "price": "19.87",
            "revenue": 249591
        },
        "2009-12": {
            "month": "2009-12",
            "price": "19.31",
            "revenue": -2369963
        },
        "2010-01": {
            "month": "2010-01",
            "price": "19.09",
            "revenue": 41557
        },
        "2010-02": {
            "month": "2010-02",
            "price": "17.04",
            "revenue": 316614
        },
        "2010-03": {
            "month": "2010-03",
            "price": "17.63",
            "revenue": 650674
        },
        "2010-04": {
            "month": "2010-04",
            "price": "17.66",
            "revenue": 796569
        },
        "2010-05": {
            "month": "2010-05",
            "price": "16.66",
            "revenue": 274858
        },
        "2010-06": {
            "month": "2010-06",
            "price": "17.00",
            "revenue": 622939
        },
        "2010-07": {
            "month": "2010-07",
            "price": "18.82",
            "revenue": 845017
        },
        "2010-08": {
            "month": "2010-08",
            "price": "18.96",
            "revenue": 934763
        },
        "2010-09": {
            "month": "2010-09",
            "price": "19.63",
            "revenue": 894810
        },
        "2010-10": {
            "month": "2010-10",
            "price": "20.55",
            "revenue": 650765
        },
        "2010-11": {
            "month": "2010-11",
            "price": "20.22",
            "revenue": 751319
        },
        "2010-12": {
            "month": "2010-12",
            "price": "24.41",
            "revenue": 756144
        },
        "2011-01": {
            "month": "2011-01",
            "price": "26.43",
            "revenue": 811432
        },
        "2011-02": {
            "month": "2011-02",
            "price": "24.59",
            "revenue": 592909
        },
        "2011-03": {
            "month": "2011-03",
            "price": "24.48",
            "revenue": 750702
        },
        "2011-04": {
            "month": "2011-04",
            "price": "25.35",
            "revenue": 809917
        },
        "2011-05": {
            "month": "2011-05",
            "price": "25.65",
            "revenue": 856741
        },
        "2011-06": {
            "month": "2011-06",
            "price": "23.78",
            "revenue": 1161219
        },
        "2011-07": {
            "month": "2011-07",
            "price": "24.54",
            "revenue": 1012192
        },
        "2011-08": {
            "month": "2011-08",
            "price": "23.44",
            "revenue": 1037703
        },
        "2011-09": {
            "month": "2011-09",
            "price": "20.05",
            "revenue": 990551
        },
        "2011-10": {
            "month": "2011-10",
            "price": "19.44",
            "revenue": 471825
        },
        "2011-11": {
            "month": "2011-11",
            "price": "18.20",
            "revenue": 282772
        },
        "2011-12": {
            "month": "2011-12",
            "price": "17.54",
            "revenue": 279389
        },
        "2012-01": {
            "month": "2012-01",
            "price": "17.66",
            "revenue": 826109
        },
        "2012-02": {
            "month": "2012-02",
            "price": "18.89",
            "revenue": 1168419
        },
        "2012-03": {
            "month": "2012-03",
            "price": "18.10",
            "revenue": 1096481
        },
        "2012-04": {
            "month": "2012-04",
            "price": "17.22",
            "revenue": 1133547
        },
        "2012-05": {
            "month": "2012-05",
            "price": "17.10",
            "revenue": 1236038
        },
        "2012-06": {
            "month": "2012-06",
            "price": "16.98",
            "revenue": 1427895
        },
        "2012-07": {
            "month": "2012-07",
            "price": "17.76",
            "revenue": 885727
        },
        "2012-08": {
            "month": "2012-08",
            "price": "17.68",
            "revenue": 926375
        },
        "2012-09": {
            "month": "2012-09",
            "price": "17.88",
            "revenue": 641847
        },
        "2012-10": {
            "month": "2012-10",
            "price": "17.55",
            "revenue": 617931
        },
        "2012-11": {
            "month": "2012-11",
            "price": "16.89",
            "revenue": 540963
        },
        "2012-12": {
            "month": "2012-12",
            "price": "17.77",
            "revenue": 392671
        },
        "2013-01": {
            "month": "2013-01",
            "price": "17.69",
            "revenue": 3110571
        },
        "2013-02": {
            "month": "2013-02",
            "price": "18.87",
            "revenue": 2715960
        },
        "2013-03": {
            "month": "2013-03",
            "price": "18.60",
            "revenue": 2701965
        },
        "2013-04": {
            "month": "2013-04",
            "price": "17.95",
            "revenue": 2798310
        },
        "2013-05": {
            "month": "2013-05",
            "price": "18.28",
            "revenue": 2992905
        },
        "2013-06": {
            "month": "2013-06",
            "price": "17.59",
            "revenue": 2849455
        },
        "2013-07": {
            "month": "2013-07",
            "price": "18.17",
            "revenue": 3132624
        },
        "2013-08": {
            "month": "2013-08",
            "price": "17.19",
            "revenue": 3076150
        },
        "2013-09": {
            "month": "2013-09",
            "price": "17.82",
            "revenue": 3037670
        },
        "2013-10": {
            "month": "2013-10",
            "price": "18.10",
            "revenue": 2947207
        },
        "2013-11": {
            "month": "2013-11",
            "price": "17.80",
            "revenue": 2913256
        },
        "2013-12": {
            "month": "2013-12",
            "price": "18.01",
            "revenue": 4038421
        },
        "2014-01": {
            "month": "2014-01",
            "price": "18.29",
            "revenue": 3498329
        },
        "2014-02": {
            "month": "2014-02",
            "price": "18.00",
            "revenue": 3165878
        },
        "2014-03": {
            "month": "2014-03",
            "price": "17.96",
            "revenue": 3521002
        },
        "2014-04": {
            "month": "2014-04",
            "price": "18.02",
            "revenue": 3258724
        },
        "2014-05": {
            "month": "2014-05",
            "price": "18.11",
            "revenue": 3525693
        },
        "2014-06": {
            "month": "2014-06",
            "price": "18.78",
            "revenue": 3839006
        },
        "2014-07": {
            "month": "2014-07",
            "price": "19.72",
            "revenue": 3696382
        },
        "2014-08": {
            "month": "2014-08",
            "price": "18.32",
            "revenue": 3622193
        },
        "2014-09": {
            "month": "2014-09",
            "price": "18.88",
            "revenue": 3532193
        },
        "2014-10": {
            "month": "2014-10",
            "price": "18.42",
            "revenue": 3078609
        },
        "2014-11": {
            "month": "2014-11",
            "price": "18.64",
            "revenue": 2597480
        },
        "2014-12": {
            "month": "2014-12",
            "price": "18.46",
            "revenue": -3296873
        },
        "2015-01": {
            "month": "2015-01",
            "price": "18.44",
            "revenue": 3237393
        },
        "2015-02": {
            "month": "2015-02",
            "price": "18.65",
            "revenue": 2578668
        },
        "2015-03": {
            "month": "2015-03",
            "price": "18.48",
            "revenue": 3343989
        },
        "2015-04": {
            "month": "2015-04",
            "price": "18.93",
            "revenue": 3328209
        },
        "2015-05": {
            "month": "2015-05",
            "price": "19.17",
            "revenue": 3448909
        },
        "2015-06": {
            "month": "2015-06",
            "price": "18.85",
            "revenue": 3242817
        },
        "2015-07": {
            "month": "2015-07",
            "price": "18.79",
            "revenue": 3813384
        },
        "2015-08": {
            "month": "2015-08",
            "price": "15.97",
            "revenue": 3360561
        },
        "2015-09": {
            "month": "2015-09",
            "price": "15.50",
            "revenue": 3613572
        },
        "2015-10": {
            "month": "2015-10",
            "price": "15.62",
            "revenue": 3507543
        },
        "2015-11": {
            "month": "2015-11",
            "price": "15.56",
            "revenue": 3514856
        },
        "2015-12": {
            "month": "2015-12",
            "price": "15.19",
            "revenue": 3804905
        },
        "2016-01": {
            "month": "2016-01",
            "price": "14.69",
            "revenue": 3751432
        },
        "2016-02": {
            "month": "2016-02",
            "price": "15.28",
            "revenue": 3218855
        },
        "2016-03": {
            "month": "2016-03",
            "price": "15.93",
            "revenue": 4082080
        },
        "2016-04": {
            "month": "2016-04",
            "price": "15.76",
            "revenue": 3209718
        },
        "2016-05": {
            "month": "2016-05",
            "price": "16.09",
            "revenue": 3914012
        },
        "2016-06": {
            "month": "2016-06",
            "price": "16.76",
            "revenue": 3893786
        },
        "2016-07": {
            "month": "2016-07",
            "price": "17.26",
            "revenue": 4052092
        },
        "2016-08": {
            "month": "2016-08",
            "price": "16.62",
            "revenue": 4081990
        },
        "2016-09": {
            "month": "2016-09",
            "price": "16.67",
            "revenue": 3528605
        },
        "2016-10": {
            "month": "2016-10",
            "price": "16.59",
            "revenue": 3350870
        },
        "2016-11": {
            "month": "2016-11",
            "price": "16.53",
            "revenue": 3267112
        },
        "2016-12": {
            "month": "2016-12",
            "price": "17.10",
            "revenue": 4444510
        },
        "2017-01": {
            "month": "2017-01",
            "price": "17.38",
            "revenue": 3958167
        },
        "2017-02": {
            "month": "2017-02",
            "price": "17.94",
            "revenue": 3977564
        },
        "2017-03": {
            "month": "2017-03",
            "price": "18.42",
            "revenue": 4137731
        },
        "2017-04": {
            "month": "2017-04",
            "price": "18.54",
            "revenue": 3773373
        },
        "2017-05": {
            "month": "2017-05",
            "price": "19.10",
            "revenue": 4210586
        },
        "2017-06": {
            "month": "2017-06",
            "price": "19.64",
            "revenue": 4431728
        },
        "2017-07": {
            "month": "2017-07",
            "price": "20.42",
            "revenue": 4427074
        },
        "2017-08": {
            "month": "2017-08",
            "price": "19.41",
            "revenue": 4538916
        },
        "2017-09": {
            "month": "2017-09",
            "price": "19.59",
            "revenue": 4089152
        },
        "2017-10": {
            "month": "2017-10",
            "price": "19.75",
            "revenue": 4196075
        },
        "2017-11": {
            "month": "2017-11",
            "price": "19.36",
            "revenue": 4665247
        },
        "2017-12": {
            "month": "2017-12",
            "price": "19.33",
            "revenue": 4390036
        },
        "2018-01": {
            "month": "2018-01",
            "price": "19.92",
            "revenue": 5943269
        },
        "2018-02": {
            "month": "2018-02",
            "price": "19.83",
            "revenue": 3933273
        },
        "2018-03": {
            "month": "2018-03",
            "price": "20.07",
            "revenue": 5214196
        },
        "2018-04": {
            "month": "2018-04",
            "price": "20.35",
            "revenue": 4932023
        },
        "2018-05": {
            "month": "2018-05",
            "price": "20.59",
            "revenue": 6057834
        },
        "2018-06": {
            "month": "2018-06",
            "price": "20.70",
            "revenue": 5390410
        },
        "2018-07": {
            "month": "2018-07",
            "price": "20.61",
            "revenue": 5666509
        },
        "2018-08": {
            "month": "2018-08",
            "price": "20.63",
            "revenue": 5068999
        },
        "2018-09": {
            "month": "2018-09",
            "price": "20.54",
            "revenue": 4334402
        },
        "2018-10": {
            "month": "2018-10",
            "price": "19.97",
            "revenue": 4370071
        },
        "2018-11": {
            "month": "2018-11",
            "price": "20.15",
            "revenue": 4484074
        },
        "2018-12": {
            "month": "2018-12",
            "price": "19.85",
            "revenue": 4835009
        },
        "2019-01": {
            "month": "2019-01",
            "price": "20.13",
            "revenue": 5517158
        },
        "2019-02": {
            "month": "2019-02",
            "price": "20.64",
            "revenue": 4507984
        },
        "2019-03": {
            "month": "2019-03",
            "price": "20.98",
            "revenue": 5593567
        },
        "2019-04": {
            "month": "2019-04",
            "price": "21.40",
            "revenue": 4769698
        },
        "2019-05": {
            "month": "2019-05",
            "price": "21.91",
            "revenue": 5871258
        },
        "2019-06": {
            "month": "2019-06",
            "price": "22.50",
            "revenue": 4838619
        },
        "2019-07": {
            "month": "2019-07",
            "price": "22.98",
            "revenue": 5782257
        },
        "2019-08": {
            "month": "2019-08",
            "price": "21.74",
            "revenue": 5669632
        },
        "2019-09": {
            "month": "2019-09",
            "price": "21.92",
            "revenue": 4507919
        },
        "2019-10": {
            "month": "2019-10",
            "price": "22.11",
            "revenue": 5260965
        },
        "2019-11": {
            "month": "2019-11",
            "price": "22.79",
            "revenue": 4601940
        },
        "2019-12": {
            "month": "2019-12",
            "price": "23.45",
            "revenue": 5374443
        },
        "2020-01": {
            "month": "2020-01",
            "price": "23.80",
            "revenue": 5862268
        },
        "2020-02": {
            "month": "2020-02",
            "price": "24.06",
            "revenue": 4626292
        },
        "2020-03": {
            "month": "2020-03",
            "price": "20.77",
            "revenue": 3128935
        },
        "2020-04": {
            "month": "2020-04",
            "price": "20.58",
            "revenue": 5390100
        },
        "2020-05": {
            "month": "2020-05",
            "price": "22.04",
            "revenue": 4624081
        },
        "2020-06": {
            "month": "2020-06",
            "price": "22.89",
            "revenue": 4411939
        },
        "2020-07": {
            "month": "2020-07",
            "price": "23.17",
            "revenue": 5404883
        },
        "2020-08": {
            "month": "2020-08",
            "price": "22.01",
            "revenue": 5184453
        },
        "2020-09": {
            "month": "2020-09",
            "price": "20.73",
            "revenue": 4758442
        },
        "2020-10": {
            "month": "2020-10",
            "price": "20.45",
            "revenue": 5547793
        },
        "2020-11": {
            "month": "2020-11",
            "price": "21.31",
            "revenue": 5067302
        },
        "2020-12": {
            "month": "2020-12",
            "price": "20.92",
            "revenue": 5539057
        },
        "2021-01": {
            "month": "2021-01",
            "price": "20.89",
            "revenue": 4845117
        },
        "2021-02": {
            "month": "2021-02",
            "price": "20.76",
            "revenue": 4743024
        },
        "2021-03": {
            "month": "2021-03",
            "price": "21.72",
            "revenue": 6354905
        },
        "2021-04": {
            "month": "2021-04",
            "price": "22.56",
            "revenue": 5456973
        },
        "2021-05": {
            "month": "2021-05",
            "price": "21.89",
            "revenue": 4809664
        },
        "2021-06": {
            "month": "2021-06",
            "price": "22.30",
            "revenue": 5120615
        },
        "2021-07": {
            "month": "2021-07",
            "price": "22.76",
            "revenue": 5315527
        },
        "2021-08": {
            "month": "2021-08",
            "price": "22.96",
            "revenue": 5587879
        },
        "2021-09": {
            "month": "2021-09",
            "price": "22.58",
            "revenue": 5146169
        },
        "2021-10": {
            "month": "2021-10",
            "price": "22.64",
            "revenue": 4699931
        },
        "2021-11": {
            "month": "2021-11",
            "price": "23.35",
            "revenue": 5283420
        },
        "2021-12": {
            "month": "2021-12",
            "price": "24.05",
            "revenue": 5215565
        },
        "2022-01": {
            "month": "2022-01",
            "price": "25.16",
            "revenue": 4866163
        },
        "2022-02": {
            "month": "2022-02",
            "price": "26.26",
            "revenue": 4567014
        },
        "2022-03": {
            "month": "2022-03",
            "price": "26.62",
            "revenue": 6032273
        },
        "2022-04": {
            "month": "2022-04",
            "price": "28.45",
            "revenue": 5538478
        },
        "2022-05": {
            "month": "2022-05",
            "price": "26.40",
            "revenue": 5823225
        },
        "2022-06": {
            "month": "2022-06",
            "price": "26.32",
            "revenue": 5529373
        },
        "2022-07": {
            "month": "2022-07",
            "price": "25.60",
            "revenue": 7321542
        },
        "2022-08": {
            "month": "2022-08",
            "price": "26.44",
            "revenue": 7045774
        },
        "2022-09": {
            "month": "2022-09",
            "price": "26.48",
            "revenue": 5457385
        },
        "2022-10": {
            "month": "2022-10",
            "price": "24.74",
            "revenue": 5147509
        },
        "2022-11": {
            "month": "2022-11",
            "price": "25.44",
            "revenue": 5249687
        },
        "2022-12": {
            "month": "2022-12",
            "price": "26.24",
            "revenue": 5153601
        },
        "2023-01": {
            "month": "2023-01",
            "price": "26.60",
            "revenue": 6133401
        },
        "2023-02": {
            "month": "2023-02",
            "price": "26.47",
            "revenue": 5802271
        },
        "2023-03": {
            "month": "2023-03",
            "price": "26.27",
            "revenue": 5799057
        },
        "2023-04": {
            "month": "2023-04",
            "price": "26.81",
            "revenue": 5535264
        },
        "2023-05": {
            "month": "2023-05",
            "price": "27.65",
            "revenue": 5514675
        },
        "2023-06": {
            "month": "2023-06",
            "price": "27.77",
            "revenue": 6360488
        },
        "2023-07": {
            "month": "2023-07",
            "price": "28.09",
            "revenue": 6384754
        },
        "2023-08": {
            "month": "2023-08",
            "price": "27.26",
            "revenue": 5480993
        },
        "2023-09": {
            "month": "2023-09",
            "price": "26.70",
            "revenue": 4707518
        },
        "2023-10": {
            "month": "2023-10",
            "price": "26.33",
            "revenue": 4745083
        },
        "2023-11": {
            "month": "2023-11",
            "price": "27.18",
            "revenue": 5604269
        }
    }
}
