{
    "summary": {
        "stock_name": "王道銀行",
        "stock_id": "2897",
        "category": "金融",
        "main_business": "H101021 商業銀行業<br>H301011 證券商<br>H601011 人身保險代理人、H601021 財產保險代理人",
        "website_url": "http://www.o-bank.com",
        "ceo": "李芳遠",
        "pe_ratio": 5,
        "report_year_from": 2001,
        "report_year_to": 2023,
        "age": 22,
        "eps_negative_percentage": 33,
        "eps_growth_avg": {
            "last_all": 32.58,
            "last_2y": 48.26,
            "last_4y": 29.76,
            "last_8y": null,
            "last_12y": null,
            "last_16y": null,
            "last_20y": null,
            "at_2006_last_3y": null,
            "at_2007_last_3y": null,
            "at_2008_last_3y": null,
            "at_2009_last_3y": null,
            "at_2010_last_3y": null,
            "at_2011_last_3y": null,
            "at_2012_last_3y": null,
            "at_2013_last_3y": null,
            "at_2014_last_3y": null,
            "at_2015_last_3y": null,
            "at_2016_last_3y": null,
            "at_2017_last_3y": null,
            "at_2018_last_3y": null,
            "at_2019_last_3y": null,
            "at_2020_last_3y": 10.45,
            "at_2021_last_3y": 12.2,
            "at_2022_last_3y": 40.04,
            "at_2023_last_3y": 40.04,
            "at_2006_last_all": null,
            "at_2007_last_all": null,
            "at_2008_last_all": null,
            "at_2009_last_all": null,
            "at_2010_last_all": null,
            "at_2011_last_all": null,
            "at_2012_last_all": null,
            "at_2013_last_all": null,
            "at_2014_last_all": null,
            "at_2015_last_all": null,
            "at_2016_last_all": null,
            "at_2017_last_all": null,
            "at_2018_last_all": 17.65,
            "at_2019_last_all": 16.9,
            "at_2020_last_all": 10.45,
            "at_2021_last_all": 19.09,
            "at_2022_last_all": 32.58,
            "at_2023_last_all": 32.58
        },
        "latest_eps": 1.9,
        "latest_price": 10.15,
        "latest_roe": 10.94,
        "latest_gross_margin": null,
        "latest_equity": 56059140,
        "latest_revenue": 2583533,
        "latest_gross_profit": null,
        "latest_net_income": 1109666,
        "latest_debt_ratio": 90.73,
        "latest_current_ratio": null,
        "latest_account_receivable_turnover_ratio": null,
        "latest_inventory_turnover_ratio": null,
        "latest_reinvestment_rate": 72.17,
        "latest_research_to_sale_ratio": null
    },
    "eps_dividends": {
        "2001": {
            "cash": 0,
            "stock": 0,
            "eps": 0
        },
        "2002": {
            "cash": 0,
            "stock": 0,
            "eps": 0
        },
        "2003": {
            "cash": 0,
            "stock": 0,
            "eps": 0
        },
        "2004": {
            "cash": 0,
            "stock": 0,
            "eps": 0
        },
        "2005": {
            "cash": 0,
            "stock": 0,
            "eps": 0
        },
        "2006": {
            "cash": 0,
            "stock": 0,
            "eps": 0
        },
        "2007": {
            "cash": 0,
            "stock": 0,
            "eps": 0
        },
        "2008": {
            "cash": 1,
            "stock": 0,
            "eps": 0
        },
        "2009": {
            "cash": 0,
            "stock": 0,
            "eps": 0
        },
        "2010": {
            "cash": 0,
            "stock": 0,
            "eps": 0
        },
        "2011": {
            "cash": 0,
            "stock": 0,
            "eps": 0
        },
        "2012": {
            "cash": 0,
            "stock": 0,
            "eps": 0
        },
        "2013": {
            "cash": 0,
            "stock": 0,
            "eps": 0
        },
        "2014": {
            "cash": 0,
            "stock": 0,
            "eps": 0
        },
        "2015": {
            "cash": 0,
            "stock": 0,
            "eps": 0
        },
        "2016": {
            "cash": 1,
            "stock": 0,
            "eps": 0.3
        },
        "2017": {
            "cash": 0,
            "stock": 0,
            "eps": 0.44
        },
        "2018": {
            "cash": 0,
            "stock": 0,
            "eps": 0.39
        },
        "2019": {
            "cash": 0,
            "stock": 0,
            "eps": 0.45
        },
        "2020": {
            "cash": 0,
            "stock": 0,
            "eps": 0.41
        },
        "2021": {
            "cash": 0,
            "stock": 0,
            "eps": 0.63
        },
        "2022": {
            "cash": 0,
            "stock": 0,
            "eps": 1.8
        },
        "2023": {
            "cash": 0,
            "stock": 0,
            "eps": 0.27
        }
    },
    "dividends": {
        "2004-02-25": {
            "cash": 0.12,
            "stock": 0
        },
        "2005-02-23": {
            "cash": 0.41,
            "stock": 0
        },
        "2006-02-22": {
            "cash": 0.42,
            "stock": 0
        },
        "2007-02-27": {
            "cash": 0.25,
            "stock": 0
        },
        "2008-06-13": {
            "cash": 0.55,
            "stock": 0
        },
        "2010-04-28": {
            "cash": 0.2,
            "stock": 0
        },
        "2011-01-01": {
            "cash": 0.2,
            "stock": 0
        },
        "2011-04-27": {
            "cash": 0.2,
            "stock": 0
        },
        "2013-06-14": {
            "cash": 0.2,
            "stock": 0
        },
        "2014-08-06": {
            "cash": 0.2,
            "stock": 0
        },
        "2015-08-11": {
            "cash": 0.4,
            "stock": 0
        },
        "2016-08-05": {
            "cash": 0.5,
            "stock": 0
        },
        "2017-08-11": {
            "cash": 0.45,
            "stock": 0
        },
        "2018-08-10": {
            "cash": 0.3,
            "stock": 0
        },
        "2020-08-27": {
            "cash": 0.4,
            "stock": 0
        },
        "2021-08-20": {
            "cash": 0.2,
            "stock": 0
        },
        "2022-08-16": {
            "cash": 0.3,
            "stock": 0
        },
        "2023-05-03": {
            "cash": 0.38,
            "stock": 0
        }
    },
    "prices": {
        "200101": "無",
        "200102": "無",
        "200103": "無",
        "200104": "無",
        "200105": "無",
        "200106": "無",
        "200107": "無",
        "200108": "無",
        "200109": "無",
        "200110": "無",
        "200111": "無",
        "200112": "無",
        "200201": "無",
        "200202": "無",
        "200203": "無",
        "200204": "無",
        "200205": "無",
        "200206": "無",
        "200207": "無",
        "200208": "無",
        "200209": "無",
        "200210": "無",
        "200211": "無",
        "200212": "無",
        "200301": "無",
        "200302": "無",
        "200303": "無",
        "200304": "無",
        "200305": "無",
        "200306": "無",
        "200307": "無",
        "200308": "無",
        "200309": "無",
        "200310": "無",
        "200311": "無",
        "200312": "無",
        "200401": "無",
        "200402": "無",
        "200403": "無",
        "200404": "無",
        "200405": "無",
        "200406": "無",
        "200407": "無",
        "200408": "9.74",
        "200409": "9.07",
        "200410": "8.92",
        "200411": "8.88",
        "200412": "9.00",
        "200501": "8.96",
        "200502": "8.90",
        "200503": "9.23",
        "200504": "9.34",
        "200505": "9.42",
        "200506": "9.39",
        "200507": "8.80",
        "200508": "8.93",
        "200509": "8.25",
        "200510": "7.98",
        "200511": "7.83",
        "200512": "7.42",
        "200601": "7.30",
        "200602": "7.65",
        "200603": "7.52",
        "200604": "7.26",
        "200605": "7.62",
        "200606": "7.70",
        "200607": "8.63",
        "200608": "7.25",
        "200609": "7.00",
        "200610": "7.20",
        "200611": "7.16",
        "200612": "7.51",
        "200701": "7.58",
        "200702": "7.49",
        "200703": "7.54",
        "200704": "7.87",
        "200705": "8.24",
        "200706": "8.07",
        "200707": "8.36",
        "200708": "8.36",
        "200709": "8.48",
        "200710": "8.71",
        "200711": "8.80",
        "200712": "8.33",
        "200801": "8.31",
        "200802": "8.45",
        "200803": "8.88",
        "200804": "9.53",
        "200805": "9.71",
        "200806": "9.37",
        "200807": "8.36",
        "200808": "7.69",
        "200809": "6.52",
        "200810": "4.84",
        "200811": "4.41",
        "200812": "3.84",
        "200901": "4.12",
        "200902": "3.56",
        "200903": "3.80",
        "200904": "4.78",
        "200905": "5.66",
        "200906": "5.85",
        "200907": "6.28",
        "200908": "6.10",
        "200909": "6.15",
        "200910": "6.23",
        "200911": "6.27",
        "200912": "6.39",
        "201001": "6.79",
        "201002": "6.42",
        "201003": "6.73",
        "201004": "7.64",
        "201005": "7.08",
        "201006": "6.91",
        "201007": "7.22",
        "201008": "7.27",
        "201009": "7.19",
        "201010": "7.16",
        "201011": "7.01",
        "201012": "7.19",
        "201101": "8.26",
        "201102": "8.16",
        "201103": "8.05",
        "201104": "8.22",
        "201105": "7.99",
        "201106": "7.72",
        "201107": "7.73",
        "201108": "7.18",
        "201109": "6.77",
        "201110": "6.85",
        "201111": "6.25",
        "201112": "5.86",
        "201201": "5.83",
        "201202": "6.92",
        "201203": "7.24",
        "201204": "7.24",
        "201205": "7.05",
        "201206": "6.95",
        "201207": "6.85",
        "201208": "6.79",
        "201209": "6.85",
        "201210": "6.86",
        "201211": "6.48",
        "201212": "6.76",
        "201301": "6.76",
        "201302": "6.67",
        "201303": "6.50",
        "201304": "6.49",
        "201305": "6.30",
        "201306": "5.81",
        "201307": "6.38",
        "201308": "6.78",
        "201309": "6.73",
        "201310": "6.48",
        "201311": "6.40",
        "201312": "6.27",
        "201401": "6.40",
        "201402": "6.47",
        "201403": "6.46",
        "201404": "6.24",
        "201405": "6.21",
        "201406": "6.29",
        "201407": "6.37",
        "201408": "6.37",
        "201409": "6.63",
        "201410": "6.85",
        "201411": "6.68",
        "201412": "6.73",
        "201501": "6.78",
        "201502": "6.90",
        "201503": "7.29",
        "201504": "8.54",
        "201505": "8.74",
        "201506": "8.95",
        "201507": "8.40",
        "201508": "8.19",
        "201509": "7.92",
        "201510": "7.93",
        "201511": "7.74",
        "201512": "7.70",
        "201601": "7.05",
        "201602": "7.00",
        "201603": "7.14",
        "201604": "7.43",
        "201605": "7.64",
        "201606": "7.71",
        "201607": "7.66",
        "201608": "7.58",
        "201609": "7.80",
        "201610": "8.03",
        "201611": "8.20",
        "201612": "8.39",
        "201701": "8.15",
        "201702": "8.29",
        "201703": "8.49",
        "201704": "9.23",
        "201705": "8.97",
        "201706": "9.02",
        "201707": "9.19",
        "201708": "8.95",
        "201709": "8.84",
        "201710": "8.81",
        "201711": "8.97",
        "201712": "8.93",
        "201801": "9.01",
        "201802": "8.82",
        "201803": "8.78",
        "201804": "8.65",
        "201805": "8.53",
        "201806": "8.52",
        "201807": "8.26",
        "201808": "8.23",
        "201809": "8.20",
        "201810": "7.83",
        "201811": "8.11",
        "201812": "8.01",
        "201901": "7.86",
        "201902": "7.88",
        "201903": "7.81",
        "201904": "7.84",
        "201905": "8.00",
        "201906": "8.32",
        "201907": "7.92",
        "201908": "7.75",
        "201909": "7.70",
        "201910": "7.67",
        "201911": "7.75",
        "201912": "7.79",
        "202001": "7.78",
        "202002": "7.58",
        "202003": "6.68",
        "202004": "6.80",
        "202005": "7.08",
        "202006": "7.23",
        "202007": "7.28",
        "202008": "6.75",
        "202009": "6.87",
        "202010": "6.59",
        "202011": "6.54",
        "202012": "6.60",
        "202101": "6.76",
        "202102": "6.74",
        "202103": "6.95",
        "202104": "7.25",
        "202105": "7.03",
        "202106": "7.03",
        "202107": "7.12",
        "202108": "7.05",
        "202109": "7.82",
        "202110": "7.77",
        "202111": "7.93",
        "202112": "7.90",
        "202201": "8.44",
        "202202": "9.00",
        "202203": "9.44",
        "202204": "9.98",
        "202205": "8.79",
        "202206": "8.83",
        "202207": "8.22",
        "202208": "8.42",
        "202209": "8.57",
        "202210": "8.03",
        "202211": "8.28",
        "202212": "8.43",
        "202301": "8.81",
        "202302": "9.64",
        "202303": "9.60",
        "202304": "10.04",
        "202305": "10.05"
    },
    "quarters": {
        "20011": {
            "year_quarter": 20011,
            "year": 2001,
            "quarter": 1,
            "eps": null,
            "eps_growth_year": null,
            "eps_4q": null,
            "eps_4q_growth_year": null,
            "roe": null,
            "gross_profit": null,
            "gross_margin": null,
            "net_income": null,
            "revenue": null,
            "common_shares": null,
            "equity": null,
            "current_ratio": null,
            "debt_ratio": null,
            "inventory_turnover_ratio": null,
            "account_receivable_turnover_ratio": null,
            "reinvestment_rate": null,
            "research_to_sale_ratio": null,
            "price_fair": 0,
            "eps_avg_yearly": 0,
            "eps_latest_yearly": 0,
            "eps_growth_yearly": 0
        },
        "20012": {
            "year_quarter": 20012,
            "year": 2001,
            "quarter": 2,
            "eps": null,
            "eps_growth_year": null,
            "eps_4q": null,
            "eps_4q_growth_year": null,
            "roe": null,
            "gross_profit": null,
            "gross_margin": null,
            "net_income": null,
            "revenue": null,
            "common_shares": null,
            "equity": null,
            "current_ratio": null,
            "debt_ratio": null,
            "inventory_turnover_ratio": null,
            "account_receivable_turnover_ratio": null,
            "reinvestment_rate": null,
            "research_to_sale_ratio": null,
            "price_fair": 0,
            "eps_avg_yearly": 0,
            "eps_latest_yearly": 0,
            "eps_growth_yearly": 0
        },
        "20013": {
            "year_quarter": 20013,
            "year": 2001,
            "quarter": 3,
            "eps": null,
            "eps_growth_year": null,
            "eps_4q": null,
            "eps_4q_growth_year": null,
            "roe": null,
            "gross_profit": null,
            "gross_margin": null,
            "net_income": null,
            "revenue": null,
            "common_shares": null,
            "equity": null,
            "current_ratio": null,
            "debt_ratio": null,
            "inventory_turnover_ratio": null,
            "account_receivable_turnover_ratio": null,
            "reinvestment_rate": null,
            "research_to_sale_ratio": null,
            "price_fair": 0,
            "eps_avg_yearly": 0,
            "eps_latest_yearly": 0,
            "eps_growth_yearly": 0
        },
        "20014": {
            "year_quarter": 20014,
            "year": 2001,
            "quarter": 4,
            "eps": null,
            "eps_growth_year": null,
            "eps_4q": null,
            "eps_4q_growth_year": null,
            "roe": null,
            "gross_profit": null,
            "gross_margin": null,
            "net_income": null,
            "revenue": null,
            "common_shares": null,
            "equity": null,
            "current_ratio": null,
            "debt_ratio": null,
            "inventory_turnover_ratio": null,
            "account_receivable_turnover_ratio": null,
            "reinvestment_rate": null,
            "research_to_sale_ratio": null,
            "price_fair": 0,
            "eps_avg_yearly": 0,
            "eps_latest_yearly": 0,
            "eps_growth_yearly": 0
        },
        "20021": {
            "year_quarter": 20021,
            "year": 2002,
            "quarter": 1,
            "eps": null,
            "eps_growth_year": null,
            "eps_4q": null,
            "eps_4q_growth_year": null,
            "roe": null,
            "gross_profit": null,
            "gross_margin": null,
            "net_income": null,
            "revenue": null,
            "common_shares": null,
            "equity": null,
            "current_ratio": null,
            "debt_ratio": null,
            "inventory_turnover_ratio": null,
            "account_receivable_turnover_ratio": null,
            "reinvestment_rate": null,
            "research_to_sale_ratio": null,
            "price_fair": 0,
            "eps_avg_yearly": 0,
            "eps_latest_yearly": 0,
            "eps_growth_yearly": 0
        },
        "20022": {
            "year_quarter": 20022,
            "year": 2002,
            "quarter": 2,
            "eps": null,
            "eps_growth_year": null,
            "eps_4q": null,
            "eps_4q_growth_year": null,
            "roe": null,
            "gross_profit": null,
            "gross_margin": null,
            "net_income": null,
            "revenue": null,
            "common_shares": null,
            "equity": null,
            "current_ratio": null,
            "debt_ratio": null,
            "inventory_turnover_ratio": null,
            "account_receivable_turnover_ratio": null,
            "reinvestment_rate": null,
            "research_to_sale_ratio": null,
            "price_fair": 0,
            "eps_avg_yearly": 0,
            "eps_latest_yearly": 0,
            "eps_growth_yearly": 0
        },
        "20023": {
            "year_quarter": 20023,
            "year": 2002,
            "quarter": 3,
            "eps": null,
            "eps_growth_year": null,
            "eps_4q": null,
            "eps_4q_growth_year": null,
            "roe": null,
            "gross_profit": null,
            "gross_margin": null,
            "net_income": null,
            "revenue": null,
            "common_shares": null,
            "equity": null,
            "current_ratio": null,
            "debt_ratio": null,
            "inventory_turnover_ratio": null,
            "account_receivable_turnover_ratio": null,
            "reinvestment_rate": null,
            "research_to_sale_ratio": null,
            "price_fair": 0,
            "eps_avg_yearly": 0,
            "eps_latest_yearly": 0,
            "eps_growth_yearly": 0
        },
        "20024": {
            "year_quarter": 20024,
            "year": 2002,
            "quarter": 4,
            "eps": null,
            "eps_growth_year": null,
            "eps_4q": null,
            "eps_4q_growth_year": null,
            "roe": null,
            "gross_profit": null,
            "gross_margin": null,
            "net_income": null,
            "revenue": null,
            "common_shares": null,
            "equity": null,
            "current_ratio": null,
            "debt_ratio": null,
            "inventory_turnover_ratio": null,
            "account_receivable_turnover_ratio": null,
            "reinvestment_rate": null,
            "research_to_sale_ratio": null,
            "price_fair": 0,
            "eps_avg_yearly": 0,
            "eps_latest_yearly": 0,
            "eps_growth_yearly": 0
        },
        "20031": {
            "year_quarter": 20031,
            "year": 2003,
            "quarter": 1,
            "eps": null,
            "eps_growth_year": null,
            "eps_4q": null,
            "eps_4q_growth_year": null,
            "roe": null,
            "gross_profit": null,
            "gross_margin": null,
            "net_income": null,
            "revenue": null,
            "common_shares": null,
            "equity": null,
            "current_ratio": null,
            "debt_ratio": null,
            "inventory_turnover_ratio": null,
            "account_receivable_turnover_ratio": null,
            "reinvestment_rate": null,
            "research_to_sale_ratio": null,
            "price_fair": 0,
            "eps_avg_yearly": 0,
            "eps_latest_yearly": 0,
            "eps_growth_yearly": 0
        },
        "20032": {
            "year_quarter": 20032,
            "year": 2003,
            "quarter": 2,
            "eps": null,
            "eps_growth_year": null,
            "eps_4q": null,
            "eps_4q_growth_year": null,
            "roe": null,
            "gross_profit": null,
            "gross_margin": null,
            "net_income": null,
            "revenue": null,
            "common_shares": null,
            "equity": null,
            "current_ratio": null,
            "debt_ratio": null,
            "inventory_turnover_ratio": null,
            "account_receivable_turnover_ratio": null,
            "reinvestment_rate": null,
            "research_to_sale_ratio": null,
            "price_fair": 0,
            "eps_avg_yearly": 0,
            "eps_latest_yearly": 0,
            "eps_growth_yearly": 0
        },
        "20033": {
            "year_quarter": 20033,
            "year": 2003,
            "quarter": 3,
            "eps": null,
            "eps_growth_year": null,
            "eps_4q": null,
            "eps_4q_growth_year": null,
            "roe": null,
            "gross_profit": null,
            "gross_margin": null,
            "net_income": null,
            "revenue": null,
            "common_shares": null,
            "equity": null,
            "current_ratio": null,
            "debt_ratio": null,
            "inventory_turnover_ratio": null,
            "account_receivable_turnover_ratio": null,
            "reinvestment_rate": null,
            "research_to_sale_ratio": null,
            "price_fair": 0,
            "eps_avg_yearly": 0,
            "eps_latest_yearly": 0,
            "eps_growth_yearly": 0
        },
        "20034": {
            "year_quarter": 20034,
            "year": 2003,
            "quarter": 4,
            "eps": null,
            "eps_growth_year": null,
            "eps_4q": null,
            "eps_4q_growth_year": null,
            "roe": null,
            "gross_profit": null,
            "gross_margin": null,
            "net_income": null,
            "revenue": null,
            "common_shares": null,
            "equity": null,
            "current_ratio": null,
            "debt_ratio": null,
            "inventory_turnover_ratio": null,
            "account_receivable_turnover_ratio": null,
            "reinvestment_rate": null,
            "research_to_sale_ratio": null,
            "price_fair": 0,
            "eps_avg_yearly": 0,
            "eps_latest_yearly": 0,
            "eps_growth_yearly": 0
        },
        "20041": {
            "year_quarter": 20041,
            "year": 2004,
            "quarter": 1,
            "eps": null,
            "eps_growth_year": null,
            "eps_4q": null,
            "eps_4q_growth_year": null,
            "roe": null,
            "gross_profit": null,
            "gross_margin": null,
            "net_income": null,
            "revenue": null,
            "common_shares": null,
            "equity": null,
            "current_ratio": null,
            "debt_ratio": null,
            "inventory_turnover_ratio": null,
            "account_receivable_turnover_ratio": null,
            "reinvestment_rate": null,
            "research_to_sale_ratio": null,
            "price_fair": 0,
            "eps_avg_yearly": 0,
            "eps_latest_yearly": 0,
            "eps_growth_yearly": 0
        },
        "20042": {
            "year_quarter": 20042,
            "year": 2004,
            "quarter": 2,
            "eps": null,
            "eps_growth_year": null,
            "eps_4q": null,
            "eps_4q_growth_year": null,
            "roe": null,
            "gross_profit": null,
            "gross_margin": null,
            "net_income": null,
            "revenue": null,
            "common_shares": null,
            "equity": null,
            "current_ratio": null,
            "debt_ratio": null,
            "inventory_turnover_ratio": null,
            "account_receivable_turnover_ratio": null,
            "reinvestment_rate": null,
            "research_to_sale_ratio": null,
            "price_fair": 0,
            "eps_avg_yearly": 0,
            "eps_latest_yearly": 0,
            "eps_growth_yearly": 0
        },
        "20043": {
            "year_quarter": 20043,
            "year": 2004,
            "quarter": 3,
            "eps": null,
            "eps_growth_year": null,
            "eps_4q": null,
            "eps_4q_growth_year": null,
            "roe": null,
            "gross_profit": null,
            "gross_margin": null,
            "net_income": null,
            "revenue": null,
            "common_shares": null,
            "equity": null,
            "current_ratio": null,
            "debt_ratio": null,
            "inventory_turnover_ratio": null,
            "account_receivable_turnover_ratio": null,
            "reinvestment_rate": null,
            "research_to_sale_ratio": null,
            "price_fair": 0,
            "eps_avg_yearly": 0,
            "eps_latest_yearly": 0,
            "eps_growth_yearly": 0
        },
        "20044": {
            "year_quarter": 20044,
            "year": 2004,
            "quarter": 4,
            "eps": null,
            "eps_growth_year": null,
            "eps_4q": null,
            "eps_4q_growth_year": null,
            "roe": null,
            "gross_profit": null,
            "gross_margin": null,
            "net_income": null,
            "revenue": null,
            "common_shares": null,
            "equity": null,
            "current_ratio": null,
            "debt_ratio": null,
            "inventory_turnover_ratio": null,
            "account_receivable_turnover_ratio": null,
            "reinvestment_rate": null,
            "research_to_sale_ratio": null,
            "price_fair": 0,
            "eps_avg_yearly": 0,
            "eps_latest_yearly": 0,
            "eps_growth_yearly": 0
        },
        "20051": {
            "year_quarter": 20051,
            "year": 2005,
            "quarter": 1,
            "eps": null,
            "eps_growth_year": null,
            "eps_4q": null,
            "eps_4q_growth_year": null,
            "roe": null,
            "gross_profit": null,
            "gross_margin": null,
            "net_income": null,
            "revenue": null,
            "common_shares": null,
            "equity": null,
            "current_ratio": null,
            "debt_ratio": null,
            "inventory_turnover_ratio": null,
            "account_receivable_turnover_ratio": null,
            "reinvestment_rate": null,
            "research_to_sale_ratio": null,
            "price_fair": 0,
            "eps_avg_yearly": 0,
            "eps_latest_yearly": 0,
            "eps_growth_yearly": 0
        },
        "20052": {
            "year_quarter": 20052,
            "year": 2005,
            "quarter": 2,
            "eps": null,
            "eps_growth_year": null,
            "eps_4q": null,
            "eps_4q_growth_year": null,
            "roe": null,
            "gross_profit": null,
            "gross_margin": null,
            "net_income": null,
            "revenue": null,
            "common_shares": null,
            "equity": null,
            "current_ratio": null,
            "debt_ratio": null,
            "inventory_turnover_ratio": null,
            "account_receivable_turnover_ratio": null,
            "reinvestment_rate": null,
            "research_to_sale_ratio": null,
            "price_fair": 0,
            "eps_avg_yearly": 0,
            "eps_latest_yearly": 0,
            "eps_growth_yearly": 0
        },
        "20053": {
            "year_quarter": 20053,
            "year": 2005,
            "quarter": 3,
            "eps": null,
            "eps_growth_year": null,
            "eps_4q": null,
            "eps_4q_growth_year": null,
            "roe": null,
            "gross_profit": null,
            "gross_margin": null,
            "net_income": null,
            "revenue": null,
            "common_shares": null,
            "equity": null,
            "current_ratio": null,
            "debt_ratio": null,
            "inventory_turnover_ratio": null,
            "account_receivable_turnover_ratio": null,
            "reinvestment_rate": null,
            "research_to_sale_ratio": null,
            "price_fair": 0,
            "eps_avg_yearly": 0,
            "eps_latest_yearly": 0,
            "eps_growth_yearly": 0
        },
        "20054": {
            "year_quarter": 20054,
            "year": 2005,
            "quarter": 4,
            "eps": null,
            "eps_growth_year": null,
            "eps_4q": null,
            "eps_4q_growth_year": null,
            "roe": null,
            "gross_profit": null,
            "gross_margin": null,
            "net_income": null,
            "revenue": null,
            "common_shares": null,
            "equity": null,
            "current_ratio": null,
            "debt_ratio": null,
            "inventory_turnover_ratio": null,
            "account_receivable_turnover_ratio": null,
            "reinvestment_rate": null,
            "research_to_sale_ratio": null,
            "price_fair": 0,
            "eps_avg_yearly": 0,
            "eps_latest_yearly": 0,
            "eps_growth_yearly": 0
        },
        "20061": {
            "year_quarter": 20061,
            "year": 2006,
            "quarter": 1,
            "eps": null,
            "eps_growth_year": null,
            "eps_4q": null,
            "eps_4q_growth_year": null,
            "roe": null,
            "gross_profit": null,
            "gross_margin": null,
            "net_income": null,
            "revenue": null,
            "common_shares": null,
            "equity": null,
            "current_ratio": null,
            "debt_ratio": null,
            "inventory_turnover_ratio": null,
            "account_receivable_turnover_ratio": null,
            "reinvestment_rate": null,
            "research_to_sale_ratio": null,
            "price_fair": 0,
            "eps_avg_yearly": 0,
            "eps_latest_yearly": 0,
            "eps_growth_yearly": 0
        },
        "20062": {
            "year_quarter": 20062,
            "year": 2006,
            "quarter": 2,
            "eps": null,
            "eps_growth_year": null,
            "eps_4q": null,
            "eps_4q_growth_year": null,
            "roe": null,
            "gross_profit": null,
            "gross_margin": null,
            "net_income": null,
            "revenue": null,
            "common_shares": null,
            "equity": null,
            "current_ratio": null,
            "debt_ratio": null,
            "inventory_turnover_ratio": null,
            "account_receivable_turnover_ratio": null,
            "reinvestment_rate": null,
            "research_to_sale_ratio": null,
            "price_fair": 0,
            "eps_avg_yearly": 0,
            "eps_latest_yearly": 0,
            "eps_growth_yearly": 0
        },
        "20063": {
            "year_quarter": 20063,
            "year": 2006,
            "quarter": 3,
            "eps": null,
            "eps_growth_year": null,
            "eps_4q": null,
            "eps_4q_growth_year": null,
            "roe": null,
            "gross_profit": null,
            "gross_margin": null,
            "net_income": null,
            "revenue": null,
            "common_shares": null,
            "equity": null,
            "current_ratio": null,
            "debt_ratio": null,
            "inventory_turnover_ratio": null,
            "account_receivable_turnover_ratio": null,
            "reinvestment_rate": null,
            "research_to_sale_ratio": null,
            "price_fair": 0,
            "eps_avg_yearly": 0,
            "eps_latest_yearly": 0,
            "eps_growth_yearly": 0
        },
        "20064": {
            "year_quarter": 20064,
            "year": 2006,
            "quarter": 4,
            "eps": null,
            "eps_growth_year": null,
            "eps_4q": null,
            "eps_4q_growth_year": null,
            "roe": null,
            "gross_profit": null,
            "gross_margin": null,
            "net_income": null,
            "revenue": null,
            "common_shares": null,
            "equity": null,
            "current_ratio": null,
            "debt_ratio": null,
            "inventory_turnover_ratio": null,
            "account_receivable_turnover_ratio": null,
            "reinvestment_rate": null,
            "research_to_sale_ratio": null,
            "price_fair": 0,
            "eps_avg_yearly": 0,
            "eps_latest_yearly": 0,
            "eps_growth_yearly": 0
        },
        "20071": {
            "year_quarter": 20071,
            "year": 2007,
            "quarter": 1,
            "eps": null,
            "eps_growth_year": null,
            "eps_4q": null,
            "eps_4q_growth_year": null,
            "roe": null,
            "gross_profit": null,
            "gross_margin": null,
            "net_income": null,
            "revenue": null,
            "common_shares": null,
            "equity": null,
            "current_ratio": null,
            "debt_ratio": null,
            "inventory_turnover_ratio": null,
            "account_receivable_turnover_ratio": null,
            "reinvestment_rate": null,
            "research_to_sale_ratio": null,
            "price_fair": 0,
            "eps_avg_yearly": 0,
            "eps_latest_yearly": 0,
            "eps_growth_yearly": 0
        },
        "20072": {
            "year_quarter": 20072,
            "year": 2007,
            "quarter": 2,
            "eps": null,
            "eps_growth_year": null,
            "eps_4q": null,
            "eps_4q_growth_year": null,
            "roe": null,
            "gross_profit": null,
            "gross_margin": null,
            "net_income": null,
            "revenue": null,
            "common_shares": null,
            "equity": null,
            "current_ratio": null,
            "debt_ratio": null,
            "inventory_turnover_ratio": null,
            "account_receivable_turnover_ratio": null,
            "reinvestment_rate": null,
            "research_to_sale_ratio": null,
            "price_fair": 0,
            "eps_avg_yearly": 0,
            "eps_latest_yearly": 0,
            "eps_growth_yearly": 0
        },
        "20073": {
            "year_quarter": 20073,
            "year": 2007,
            "quarter": 3,
            "eps": null,
            "eps_growth_year": null,
            "eps_4q": null,
            "eps_4q_growth_year": null,
            "roe": null,
            "gross_profit": null,
            "gross_margin": null,
            "net_income": null,
            "revenue": null,
            "common_shares": null,
            "equity": null,
            "current_ratio": null,
            "debt_ratio": null,
            "inventory_turnover_ratio": null,
            "account_receivable_turnover_ratio": null,
            "reinvestment_rate": null,
            "research_to_sale_ratio": null,
            "price_fair": 0,
            "eps_avg_yearly": 0,
            "eps_latest_yearly": 0,
            "eps_growth_yearly": 0
        },
        "20074": {
            "year_quarter": 20074,
            "year": 2007,
            "quarter": 4,
            "eps": null,
            "eps_growth_year": null,
            "eps_4q": null,
            "eps_4q_growth_year": null,
            "roe": null,
            "gross_profit": null,
            "gross_margin": null,
            "net_income": null,
            "revenue": null,
            "common_shares": null,
            "equity": null,
            "current_ratio": null,
            "debt_ratio": null,
            "inventory_turnover_ratio": null,
            "account_receivable_turnover_ratio": null,
            "reinvestment_rate": null,
            "research_to_sale_ratio": null,
            "price_fair": 0,
            "eps_avg_yearly": 0,
            "eps_latest_yearly": 0,
            "eps_growth_yearly": 0
        },
        "20081": {
            "year_quarter": 20081,
            "year": 2008,
            "quarter": 1,
            "eps": null,
            "eps_growth_year": null,
            "eps_4q": null,
            "eps_4q_growth_year": null,
            "roe": null,
            "gross_profit": null,
            "gross_margin": null,
            "net_income": null,
            "revenue": null,
            "common_shares": null,
            "equity": null,
            "current_ratio": null,
            "debt_ratio": null,
            "inventory_turnover_ratio": null,
            "account_receivable_turnover_ratio": null,
            "reinvestment_rate": null,
            "research_to_sale_ratio": null,
            "price_fair": 0,
            "eps_avg_yearly": 0,
            "eps_latest_yearly": 0,
            "eps_growth_yearly": 0
        },
        "20082": {
            "year_quarter": 20082,
            "year": 2008,
            "quarter": 2,
            "eps": null,
            "eps_growth_year": null,
            "eps_4q": null,
            "eps_4q_growth_year": null,
            "roe": null,
            "gross_profit": null,
            "gross_margin": null,
            "net_income": null,
            "revenue": null,
            "common_shares": null,
            "equity": null,
            "current_ratio": null,
            "debt_ratio": null,
            "inventory_turnover_ratio": null,
            "account_receivable_turnover_ratio": null,
            "reinvestment_rate": null,
            "research_to_sale_ratio": null,
            "price_fair": 0,
            "eps_avg_yearly": 0,
            "eps_latest_yearly": 0,
            "eps_growth_yearly": 0
        },
        "20083": {
            "year_quarter": 20083,
            "year": 2008,
            "quarter": 3,
            "eps": null,
            "eps_growth_year": null,
            "eps_4q": null,
            "eps_4q_growth_year": null,
            "roe": null,
            "gross_profit": null,
            "gross_margin": null,
            "net_income": null,
            "revenue": null,
            "common_shares": null,
            "equity": null,
            "current_ratio": null,
            "debt_ratio": null,
            "inventory_turnover_ratio": null,
            "account_receivable_turnover_ratio": null,
            "reinvestment_rate": null,
            "research_to_sale_ratio": null,
            "price_fair": 0,
            "eps_avg_yearly": 0,
            "eps_latest_yearly": 0,
            "eps_growth_yearly": 0
        },
        "20084": {
            "year_quarter": 20084,
            "year": 2008,
            "quarter": 4,
            "eps": null,
            "eps_growth_year": null,
            "eps_4q": null,
            "eps_4q_growth_year": null,
            "roe": null,
            "gross_profit": null,
            "gross_margin": null,
            "net_income": null,
            "revenue": null,
            "common_shares": null,
            "equity": null,
            "current_ratio": null,
            "debt_ratio": null,
            "inventory_turnover_ratio": null,
            "account_receivable_turnover_ratio": null,
            "reinvestment_rate": null,
            "research_to_sale_ratio": null,
            "price_fair": 0,
            "eps_avg_yearly": 0,
            "eps_latest_yearly": 0,
            "eps_growth_yearly": 0
        },
        "20091": {
            "year_quarter": 20091,
            "year": 2009,
            "quarter": 1,
            "eps": null,
            "eps_growth_year": null,
            "eps_4q": null,
            "eps_4q_growth_year": null,
            "roe": null,
            "gross_profit": null,
            "gross_margin": null,
            "net_income": null,
            "revenue": null,
            "common_shares": null,
            "equity": null,
            "current_ratio": null,
            "debt_ratio": null,
            "inventory_turnover_ratio": null,
            "account_receivable_turnover_ratio": null,
            "reinvestment_rate": null,
            "research_to_sale_ratio": null,
            "price_fair": 0,
            "eps_avg_yearly": 0,
            "eps_latest_yearly": 0,
            "eps_growth_yearly": 0
        },
        "20092": {
            "year_quarter": 20092,
            "year": 2009,
            "quarter": 2,
            "eps": null,
            "eps_growth_year": null,
            "eps_4q": null,
            "eps_4q_growth_year": null,
            "roe": null,
            "gross_profit": null,
            "gross_margin": null,
            "net_income": null,
            "revenue": null,
            "common_shares": 23905063,
            "equity": 41153006,
            "current_ratio": null,
            "debt_ratio": null,
            "inventory_turnover_ratio": null,
            "account_receivable_turnover_ratio": null,
            "reinvestment_rate": null,
            "research_to_sale_ratio": null,
            "price_fair": 0,
            "eps_avg_yearly": 0,
            "eps_latest_yearly": 0,
            "eps_growth_yearly": 0
        },
        "20093": {
            "year_quarter": 20093,
            "year": 2009,
            "quarter": 3,
            "eps": null,
            "eps_growth_year": null,
            "eps_4q": null,
            "eps_4q_growth_year": null,
            "roe": null,
            "gross_profit": null,
            "gross_margin": null,
            "net_income": null,
            "revenue": null,
            "common_shares": null,
            "equity": null,
            "current_ratio": null,
            "debt_ratio": null,
            "inventory_turnover_ratio": null,
            "account_receivable_turnover_ratio": null,
            "reinvestment_rate": null,
            "research_to_sale_ratio": null,
            "price_fair": 0,
            "eps_avg_yearly": 0,
            "eps_latest_yearly": 0,
            "eps_growth_yearly": 0
        },
        "20094": {
            "year_quarter": 20094,
            "year": 2009,
            "quarter": 4,
            "eps": null,
            "eps_growth_year": null,
            "eps_4q": null,
            "eps_4q_growth_year": null,
            "roe": null,
            "gross_profit": null,
            "gross_margin": null,
            "net_income": null,
            "revenue": null,
            "common_shares": 23905063,
            "equity": 42384497,
            "current_ratio": null,
            "debt_ratio": null,
            "inventory_turnover_ratio": null,
            "account_receivable_turnover_ratio": null,
            "reinvestment_rate": null,
            "research_to_sale_ratio": null,
            "price_fair": 0,
            "eps_avg_yearly": 0,
            "eps_latest_yearly": 0,
            "eps_growth_yearly": 0
        },
        "20101": {
            "year_quarter": 20101,
            "year": 2010,
            "quarter": 1,
            "eps": null,
            "eps_growth_year": null,
            "eps_4q": null,
            "eps_4q_growth_year": null,
            "roe": null,
            "gross_profit": null,
            "gross_margin": null,
            "net_income": null,
            "revenue": null,
            "common_shares": null,
            "equity": null,
            "current_ratio": null,
            "debt_ratio": null,
            "inventory_turnover_ratio": null,
            "account_receivable_turnover_ratio": null,
            "reinvestment_rate": null,
            "research_to_sale_ratio": null,
            "price_fair": 0,
            "eps_avg_yearly": 0,
            "eps_latest_yearly": 0,
            "eps_growth_yearly": 0
        },
        "20102": {
            "year_quarter": 20102,
            "year": 2010,
            "quarter": 2,
            "eps": null,
            "eps_growth_year": null,
            "eps_4q": null,
            "eps_4q_growth_year": null,
            "roe": null,
            "gross_profit": null,
            "gross_margin": null,
            "net_income": null,
            "revenue": null,
            "common_shares": 23905063,
            "equity": 39378184,
            "current_ratio": null,
            "debt_ratio": 86.69,
            "inventory_turnover_ratio": null,
            "account_receivable_turnover_ratio": null,
            "reinvestment_rate": null,
            "research_to_sale_ratio": null,
            "price_fair": 0,
            "eps_avg_yearly": 0,
            "eps_latest_yearly": 0,
            "eps_growth_yearly": 0
        },
        "20103": {
            "year_quarter": 20103,
            "year": 2010,
            "quarter": 3,
            "eps": null,
            "eps_growth_year": null,
            "eps_4q": null,
            "eps_4q_growth_year": null,
            "roe": null,
            "gross_profit": null,
            "gross_margin": null,
            "net_income": null,
            "revenue": null,
            "common_shares": null,
            "equity": null,
            "current_ratio": null,
            "debt_ratio": null,
            "inventory_turnover_ratio": null,
            "account_receivable_turnover_ratio": null,
            "reinvestment_rate": null,
            "research_to_sale_ratio": null,
            "price_fair": 0,
            "eps_avg_yearly": 0,
            "eps_latest_yearly": 0,
            "eps_growth_yearly": 0
        },
        "20104": {
            "year_quarter": 20104,
            "year": 2010,
            "quarter": 4,
            "eps": null,
            "eps_growth_year": null,
            "eps_4q": null,
            "eps_4q_growth_year": null,
            "roe": null,
            "gross_profit": null,
            "gross_margin": null,
            "net_income": null,
            "revenue": null,
            "common_shares": 23905063,
            "equity": 40619972,
            "current_ratio": null,
            "debt_ratio": 86.59,
            "inventory_turnover_ratio": null,
            "account_receivable_turnover_ratio": null,
            "reinvestment_rate": null,
            "research_to_sale_ratio": null,
            "price_fair": 0,
            "eps_avg_yearly": 0,
            "eps_latest_yearly": 0,
            "eps_growth_yearly": 0
        },
        "20111": {
            "year_quarter": 20111,
            "year": 2011,
            "quarter": 1,
            "eps": null,
            "eps_growth_year": null,
            "eps_4q": null,
            "eps_4q_growth_year": null,
            "roe": null,
            "gross_profit": null,
            "gross_margin": null,
            "net_income": null,
            "revenue": null,
            "common_shares": null,
            "equity": null,
            "current_ratio": null,
            "debt_ratio": null,
            "inventory_turnover_ratio": null,
            "account_receivable_turnover_ratio": null,
            "reinvestment_rate": null,
            "research_to_sale_ratio": null,
            "price_fair": 0,
            "eps_avg_yearly": 0,
            "eps_latest_yearly": 0,
            "eps_growth_yearly": 0
        },
        "20112": {
            "year_quarter": 20112,
            "year": 2011,
            "quarter": 2,
            "eps": null,
            "eps_growth_year": null,
            "eps_4q": null,
            "eps_4q_growth_year": null,
            "roe": null,
            "gross_profit": null,
            "gross_margin": null,
            "net_income": null,
            "revenue": null,
            "common_shares": 23905063,
            "equity": 39706851,
            "current_ratio": null,
            "debt_ratio": 86.3,
            "inventory_turnover_ratio": null,
            "account_receivable_turnover_ratio": null,
            "reinvestment_rate": null,
            "research_to_sale_ratio": null,
            "price_fair": 0,
            "eps_avg_yearly": 0,
            "eps_latest_yearly": 0,
            "eps_growth_yearly": 0
        },
        "20113": {
            "year_quarter": 20113,
            "year": 2011,
            "quarter": 3,
            "eps": null,
            "eps_growth_year": null,
            "eps_4q": null,
            "eps_4q_growth_year": null,
            "roe": null,
            "gross_profit": null,
            "gross_margin": null,
            "net_income": null,
            "revenue": null,
            "common_shares": null,
            "equity": null,
            "current_ratio": null,
            "debt_ratio": null,
            "inventory_turnover_ratio": null,
            "account_receivable_turnover_ratio": null,
            "reinvestment_rate": null,
            "research_to_sale_ratio": null,
            "price_fair": 0,
            "eps_avg_yearly": 0,
            "eps_latest_yearly": 0,
            "eps_growth_yearly": 0
        },
        "20114": {
            "year_quarter": 20114,
            "year": 2011,
            "quarter": 4,
            "eps": null,
            "eps_growth_year": null,
            "eps_4q": null,
            "eps_4q_growth_year": null,
            "roe": null,
            "gross_profit": null,
            "gross_margin": null,
            "net_income": null,
            "revenue": null,
            "common_shares": 23905063,
            "equity": 43321761,
            "current_ratio": null,
            "debt_ratio": 86.99,
            "inventory_turnover_ratio": null,
            "account_receivable_turnover_ratio": null,
            "reinvestment_rate": null,
            "research_to_sale_ratio": null,
            "price_fair": 0,
            "eps_avg_yearly": 0,
            "eps_latest_yearly": 0,
            "eps_growth_yearly": 0
        },
        "20121": {
            "year_quarter": 20121,
            "year": 2012,
            "quarter": 1,
            "eps": null,
            "eps_growth_year": null,
            "eps_4q": null,
            "eps_4q_growth_year": null,
            "roe": null,
            "gross_profit": null,
            "gross_margin": null,
            "net_income": null,
            "revenue": null,
            "common_shares": null,
            "equity": null,
            "current_ratio": null,
            "debt_ratio": null,
            "inventory_turnover_ratio": null,
            "account_receivable_turnover_ratio": null,
            "reinvestment_rate": null,
            "research_to_sale_ratio": null,
            "price_fair": 0,
            "eps_avg_yearly": 0,
            "eps_latest_yearly": 0,
            "eps_growth_yearly": 0
        },
        "20122": {
            "year_quarter": 20122,
            "year": 2012,
            "quarter": 2,
            "eps": null,
            "eps_growth_year": null,
            "eps_4q": null,
            "eps_4q_growth_year": null,
            "roe": null,
            "gross_profit": null,
            "gross_margin": null,
            "net_income": null,
            "revenue": null,
            "common_shares": 23905063,
            "equity": 42258045,
            "current_ratio": null,
            "debt_ratio": 87.54,
            "inventory_turnover_ratio": null,
            "account_receivable_turnover_ratio": null,
            "reinvestment_rate": null,
            "research_to_sale_ratio": null,
            "price_fair": 0,
            "eps_avg_yearly": 0,
            "eps_latest_yearly": 0,
            "eps_growth_yearly": 0
        },
        "20123": {
            "year_quarter": 20123,
            "year": 2012,
            "quarter": 3,
            "eps": null,
            "eps_growth_year": null,
            "eps_4q": null,
            "eps_4q_growth_year": null,
            "roe": null,
            "gross_profit": null,
            "gross_margin": null,
            "net_income": null,
            "revenue": null,
            "common_shares": null,
            "equity": null,
            "current_ratio": null,
            "debt_ratio": null,
            "inventory_turnover_ratio": null,
            "account_receivable_turnover_ratio": null,
            "reinvestment_rate": null,
            "research_to_sale_ratio": null,
            "price_fair": 0,
            "eps_avg_yearly": 0,
            "eps_latest_yearly": 0,
            "eps_growth_yearly": 0
        },
        "20124": {
            "year_quarter": 20124,
            "year": 2012,
            "quarter": 4,
            "eps": null,
            "eps_growth_year": null,
            "eps_4q": null,
            "eps_4q_growth_year": null,
            "roe": null,
            "gross_profit": null,
            "gross_margin": null,
            "net_income": null,
            "revenue": null,
            "common_shares": 23905063,
            "equity": 42487944,
            "current_ratio": null,
            "debt_ratio": 87.74,
            "inventory_turnover_ratio": null,
            "account_receivable_turnover_ratio": null,
            "reinvestment_rate": null,
            "research_to_sale_ratio": null,
            "price_fair": 0,
            "eps_avg_yearly": 0,
            "eps_latest_yearly": 0,
            "eps_growth_yearly": 0
        },
        "20131": {
            "year_quarter": 20131,
            "year": 2013,
            "quarter": 1,
            "eps": null,
            "eps_growth_year": null,
            "eps_4q": null,
            "eps_4q_growth_year": null,
            "roe": null,
            "gross_profit": null,
            "gross_margin": null,
            "net_income": null,
            "revenue": null,
            "common_shares": null,
            "equity": null,
            "current_ratio": null,
            "debt_ratio": null,
            "inventory_turnover_ratio": null,
            "account_receivable_turnover_ratio": null,
            "reinvestment_rate": null,
            "research_to_sale_ratio": null,
            "price_fair": 0,
            "eps_avg_yearly": 0,
            "eps_latest_yearly": 0,
            "eps_growth_yearly": 0
        },
        "20132": {
            "year_quarter": 20132,
            "year": 2013,
            "quarter": 2,
            "eps": null,
            "eps_growth_year": null,
            "eps_4q": null,
            "eps_4q_growth_year": null,
            "roe": null,
            "gross_profit": null,
            "gross_margin": null,
            "net_income": null,
            "revenue": null,
            "common_shares": 23905063,
            "equity": 42148878,
            "current_ratio": null,
            "debt_ratio": 88.69,
            "inventory_turnover_ratio": null,
            "account_receivable_turnover_ratio": null,
            "reinvestment_rate": null,
            "research_to_sale_ratio": null,
            "price_fair": 0,
            "eps_avg_yearly": 0,
            "eps_latest_yearly": 0,
            "eps_growth_yearly": 0
        },
        "20133": {
            "year_quarter": 20133,
            "year": 2013,
            "quarter": 3,
            "eps": null,
            "eps_growth_year": null,
            "eps_4q": null,
            "eps_4q_growth_year": null,
            "roe": null,
            "gross_profit": null,
            "gross_margin": null,
            "net_income": null,
            "revenue": null,
            "common_shares": null,
            "equity": null,
            "current_ratio": null,
            "debt_ratio": null,
            "inventory_turnover_ratio": null,
            "account_receivable_turnover_ratio": null,
            "reinvestment_rate": null,
            "research_to_sale_ratio": null,
            "price_fair": 0,
            "eps_avg_yearly": 0,
            "eps_latest_yearly": 0,
            "eps_growth_yearly": 0
        },
        "20134": {
            "year_quarter": 20134,
            "year": 2013,
            "quarter": 4,
            "eps": null,
            "eps_growth_year": null,
            "eps_4q": null,
            "eps_4q_growth_year": null,
            "roe": null,
            "gross_profit": null,
            "gross_margin": null,
            "net_income": null,
            "revenue": null,
            "common_shares": 23905063,
            "equity": 42895706,
            "current_ratio": null,
            "debt_ratio": 89.09,
            "inventory_turnover_ratio": null,
            "account_receivable_turnover_ratio": null,
            "reinvestment_rate": null,
            "research_to_sale_ratio": null,
            "price_fair": 0,
            "eps_avg_yearly": 0,
            "eps_latest_yearly": 0,
            "eps_growth_yearly": 0
        },
        "20141": {
            "year_quarter": 20141,
            "year": 2014,
            "quarter": 1,
            "eps": null,
            "eps_growth_year": null,
            "eps_4q": null,
            "eps_4q_growth_year": null,
            "roe": null,
            "gross_profit": null,
            "gross_margin": null,
            "net_income": null,
            "revenue": null,
            "common_shares": null,
            "equity": null,
            "current_ratio": null,
            "debt_ratio": null,
            "inventory_turnover_ratio": null,
            "account_receivable_turnover_ratio": null,
            "reinvestment_rate": null,
            "research_to_sale_ratio": null,
            "price_fair": 0,
            "eps_avg_yearly": 0,
            "eps_latest_yearly": 0,
            "eps_growth_yearly": 0
        },
        "20142": {
            "year_quarter": 20142,
            "year": 2014,
            "quarter": 2,
            "eps": null,
            "eps_growth_year": null,
            "eps_4q": null,
            "eps_4q_growth_year": null,
            "roe": null,
            "gross_profit": null,
            "gross_margin": null,
            "net_income": null,
            "revenue": null,
            "common_shares": 23905063,
            "equity": 43580593,
            "current_ratio": null,
            "debt_ratio": 89.43,
            "inventory_turnover_ratio": null,
            "account_receivable_turnover_ratio": null,
            "reinvestment_rate": null,
            "research_to_sale_ratio": null,
            "price_fair": 0,
            "eps_avg_yearly": 0,
            "eps_latest_yearly": 0,
            "eps_growth_yearly": 0
        },
        "20143": {
            "year_quarter": 20143,
            "year": 2014,
            "quarter": 3,
            "eps": null,
            "eps_growth_year": null,
            "eps_4q": null,
            "eps_4q_growth_year": null,
            "roe": null,
            "gross_profit": null,
            "gross_margin": null,
            "net_income": null,
            "revenue": null,
            "common_shares": null,
            "equity": null,
            "current_ratio": null,
            "debt_ratio": null,
            "inventory_turnover_ratio": null,
            "account_receivable_turnover_ratio": null,
            "reinvestment_rate": null,
            "research_to_sale_ratio": null,
            "price_fair": 0,
            "eps_avg_yearly": 0,
            "eps_latest_yearly": 0,
            "eps_growth_yearly": 0
        },
        "20144": {
            "year_quarter": 20144,
            "year": 2014,
            "quarter": 4,
            "eps": null,
            "eps_growth_year": null,
            "eps_4q": null,
            "eps_4q_growth_year": null,
            "roe": null,
            "gross_profit": null,
            "gross_margin": null,
            "net_income": null,
            "revenue": null,
            "common_shares": 23905063,
            "equity": 44991989,
            "current_ratio": null,
            "debt_ratio": 89.49,
            "inventory_turnover_ratio": null,
            "account_receivable_turnover_ratio": null,
            "reinvestment_rate": null,
            "research_to_sale_ratio": null,
            "price_fair": 0,
            "eps_avg_yearly": 0,
            "eps_latest_yearly": 0,
            "eps_growth_yearly": 0
        },
        "20151": {
            "year_quarter": 20151,
            "year": 2015,
            "quarter": 1,
            "eps": null,
            "eps_growth_year": null,
            "eps_4q": null,
            "eps_4q_growth_year": null,
            "roe": null,
            "gross_profit": null,
            "gross_margin": null,
            "net_income": null,
            "revenue": null,
            "common_shares": null,
            "equity": null,
            "current_ratio": null,
            "debt_ratio": null,
            "inventory_turnover_ratio": null,
            "account_receivable_turnover_ratio": null,
            "reinvestment_rate": null,
            "research_to_sale_ratio": null,
            "price_fair": 0,
            "eps_avg_yearly": 0,
            "eps_latest_yearly": 0,
            "eps_growth_yearly": 0
        },
        "20152": {
            "year_quarter": 20152,
            "year": 2015,
            "quarter": 2,
            "eps": null,
            "eps_growth_year": null,
            "eps_4q": null,
            "eps_4q_growth_year": null,
            "roe": null,
            "gross_profit": null,
            "gross_margin": null,
            "net_income": null,
            "revenue": null,
            "common_shares": 23905063,
            "equity": 44737550,
            "current_ratio": null,
            "debt_ratio": 90.12,
            "inventory_turnover_ratio": null,
            "account_receivable_turnover_ratio": null,
            "reinvestment_rate": null,
            "research_to_sale_ratio": null,
            "price_fair": 0,
            "eps_avg_yearly": 0,
            "eps_latest_yearly": 0,
            "eps_growth_yearly": 0
        },
        "20153": {
            "year_quarter": 20153,
            "year": 2015,
            "quarter": 3,
            "eps": null,
            "eps_growth_year": null,
            "eps_4q": null,
            "eps_4q_growth_year": null,
            "roe": null,
            "gross_profit": null,
            "gross_margin": null,
            "net_income": 589680,
            "revenue": 1667652,
            "common_shares": 23905063,
            "equity": 45713601,
            "current_ratio": null,
            "debt_ratio": null,
            "inventory_turnover_ratio": null,
            "account_receivable_turnover_ratio": null,
            "reinvestment_rate": null,
            "research_to_sale_ratio": null,
            "price_fair": 0,
            "eps_avg_yearly": 0,
            "eps_latest_yearly": 0,
            "eps_growth_yearly": 0
        },
        "20154": {
            "year_quarter": 20154,
            "year": 2015,
            "quarter": 4,
            "eps": null,
            "eps_growth_year": null,
            "eps_4q": null,
            "eps_4q_growth_year": null,
            "roe": null,
            "gross_profit": null,
            "gross_margin": null,
            "net_income": 647192,
            "revenue": 2185647,
            "common_shares": 23905063,
            "equity": 46281290,
            "current_ratio": null,
            "debt_ratio": 90.48,
            "inventory_turnover_ratio": null,
            "account_receivable_turnover_ratio": null,
            "reinvestment_rate": null,
            "research_to_sale_ratio": null,
            "price_fair": 0,
            "eps_avg_yearly": 0,
            "eps_latest_yearly": 0,
            "eps_growth_yearly": 0
        },
        "20161": {
            "year_quarter": 20161,
            "year": 2016,
            "quarter": 1,
            "eps": null,
            "eps_growth_year": null,
            "eps_4q": null,
            "eps_4q_growth_year": null,
            "roe": null,
            "gross_profit": null,
            "gross_margin": null,
            "net_income": null,
            "revenue": null,
            "common_shares": null,
            "equity": null,
            "current_ratio": null,
            "debt_ratio": null,
            "inventory_turnover_ratio": null,
            "account_receivable_turnover_ratio": null,
            "reinvestment_rate": null,
            "research_to_sale_ratio": null,
            "price_fair": 0,
            "eps_avg_yearly": 0,
            "eps_latest_yearly": 0,
            "eps_growth_yearly": 0
        },
        "20162": {
            "year_quarter": 20162,
            "year": 2016,
            "quarter": 2,
            "eps": null,
            "eps_growth_year": null,
            "eps_4q": null,
            "eps_4q_growth_year": null,
            "roe": null,
            "gross_profit": null,
            "gross_margin": null,
            "net_income": null,
            "revenue": null,
            "common_shares": 23905063,
            "equity": 46138380,
            "current_ratio": null,
            "debt_ratio": 90.93,
            "inventory_turnover_ratio": null,
            "account_receivable_turnover_ratio": null,
            "reinvestment_rate": null,
            "research_to_sale_ratio": null,
            "price_fair": 0,
            "eps_avg_yearly": 0,
            "eps_latest_yearly": 0,
            "eps_growth_yearly": 0
        },
        "20163": {
            "year_quarter": 20163,
            "year": 2016,
            "quarter": 3,
            "eps": 0.21,
            "eps_growth_year": null,
            "eps_4q": null,
            "eps_4q_growth_year": null,
            "roe": 1.7,
            "gross_profit": null,
            "gross_margin": null,
            "net_income": 786519,
            "revenue": 1962163,
            "common_shares": 23905063,
            "equity": 46486108,
            "current_ratio": null,
            "debt_ratio": 90.67,
            "inventory_turnover_ratio": null,
            "account_receivable_turnover_ratio": null,
            "reinvestment_rate": null,
            "research_to_sale_ratio": null,
            "price_fair": 0,
            "eps_avg_yearly": 0,
            "eps_latest_yearly": 0,
            "eps_growth_yearly": 0
        },
        "20164": {
            "year_quarter": 20164,
            "year": 2016,
            "quarter": 4,
            "eps": 0.09,
            "eps_growth_year": null,
            "eps_4q": null,
            "eps_4q_growth_year": null,
            "roe": 0.95,
            "gross_profit": null,
            "gross_margin": null,
            "net_income": 440703,
            "revenue": 1854953,
            "common_shares": 23905063,
            "equity": 45871109,
            "current_ratio": null,
            "debt_ratio": 90.77,
            "inventory_turnover_ratio": null,
            "account_receivable_turnover_ratio": null,
            "reinvestment_rate": null,
            "research_to_sale_ratio": null,
            "price_fair": 1.08,
            "eps_avg_yearly": 0.36,
            "eps_latest_yearly": 0.36,
            "eps_growth_yearly": -228.57
        },
        "20171": {
            "year_quarter": 20171,
            "year": 2017,
            "quarter": 1,
            "eps": 0.19,
            "eps_growth_year": null,
            "eps_4q": null,
            "eps_4q_growth_year": null,
            "roe": 1.48,
            "gross_profit": null,
            "gross_margin": null,
            "net_income": 682058,
            "revenue": 1860357,
            "common_shares": 23905063,
            "equity": 46362051,
            "current_ratio": null,
            "debt_ratio": 90.5,
            "inventory_turnover_ratio": null,
            "account_receivable_turnover_ratio": null,
            "reinvestment_rate": null,
            "research_to_sale_ratio": null,
            "price_fair": 19.6,
            "eps_avg_yearly": 0.56,
            "eps_latest_yearly": 0.76,
            "eps_growth_yearly": 107.94
        },
        "20172": {
            "year_quarter": 20172,
            "year": 2017,
            "quarter": 2,
            "eps": 0.12,
            "eps_growth_year": null,
            "eps_4q": 0.61,
            "eps_4q_growth_year": null,
            "roe": 1.19,
            "gross_profit": null,
            "gross_margin": null,
            "net_income": 547916,
            "revenue": 2011032,
            "common_shares": 24130063,
            "equity": 45595407,
            "current_ratio": null,
            "debt_ratio": 91.12,
            "inventory_turnover_ratio": null,
            "account_receivable_turnover_ratio": null,
            "reinvestment_rate": null,
            "research_to_sale_ratio": null,
            "price_fair": 17.51,
            "eps_avg_yearly": 0.53,
            "eps_latest_yearly": 0.48,
            "eps_growth_yearly": 22.83
        },
        "20173": {
            "year_quarter": 20173,
            "year": 2017,
            "quarter": 3,
            "eps": 0.12,
            "eps_growth_year": -42.86,
            "eps_4q": 0.52,
            "eps_4q_growth_year": null,
            "roe": 1.24,
            "gross_profit": null,
            "gross_margin": null,
            "net_income": 568990,
            "revenue": 2083606,
            "common_shares": 24130063,
            "equity": 45953765,
            "current_ratio": null,
            "debt_ratio": 91.58,
            "inventory_turnover_ratio": null,
            "account_receivable_turnover_ratio": null,
            "reinvestment_rate": null,
            "research_to_sale_ratio": null,
            "price_fair": 14.11,
            "eps_avg_yearly": 0.52,
            "eps_latest_yearly": 0.48,
            "eps_growth_yearly": 17.13
        },
        "20174": {
            "year_quarter": 20174,
            "year": 2017,
            "quarter": 4,
            "eps": 0.01,
            "eps_growth_year": -88.52,
            "eps_4q": 0.44,
            "eps_4q_growth_year": null,
            "roe": 0.56,
            "gross_profit": null,
            "gross_margin": null,
            "net_income": 259937,
            "revenue": 1959059,
            "common_shares": 24130063,
            "equity": 46174643,
            "current_ratio": null,
            "debt_ratio": 91.46,
            "inventory_turnover_ratio": null,
            "account_receivable_turnover_ratio": null,
            "reinvestment_rate": null,
            "research_to_sale_ratio": null,
            "price_fair": 1.27,
            "eps_avg_yearly": 0.42,
            "eps_latest_yearly": 0.04,
            "eps_growth_yearly": -59.63
        },
        "20181": {
            "year_quarter": 20181,
            "year": 2018,
            "quarter": 1,
            "eps": 0.07,
            "eps_growth_year": -63.16,
            "eps_4q": 0.33,
            "eps_4q_growth_year": null,
            "roe": 0.92,
            "gross_profit": null,
            "gross_margin": null,
            "net_income": 424701,
            "revenue": 1802113,
            "common_shares": 24130063,
            "equity": 46165952,
            "current_ratio": null,
            "debt_ratio": 91.58,
            "inventory_turnover_ratio": null,
            "account_receivable_turnover_ratio": null,
            "reinvestment_rate": null,
            "research_to_sale_ratio": null,
            "price_fair": 14,
            "eps_avg_yearly": 0.4,
            "eps_latest_yearly": 0.28,
            "eps_growth_yearly": 350.31
        },
        "20182": {
            "year_quarter": 20182,
            "year": 2018,
            "quarter": 2,
            "eps": 0.14,
            "eps_growth_year": 16.67,
            "eps_4q": 0.35,
            "eps_4q_growth_year": -43.1,
            "roe": 1.35,
            "gross_profit": null,
            "gross_margin": null,
            "net_income": 618639,
            "revenue": 2065933,
            "common_shares": 24130063,
            "equity": 45577624,
            "current_ratio": null,
            "debt_ratio": 91.63,
            "inventory_turnover_ratio": null,
            "account_receivable_turnover_ratio": null,
            "reinvestment_rate": null,
            "research_to_sale_ratio": null,
            "price_fair": 14.8,
            "eps_avg_yearly": 0.42,
            "eps_latest_yearly": 0.56,
            "eps_growth_yearly": 357.41
        },
        "20183": {
            "year_quarter": 20183,
            "year": 2018,
            "quarter": 3,
            "eps": 0.09,
            "eps_growth_year": -25,
            "eps_4q": 0.31,
            "eps_4q_growth_year": -40.37,
            "roe": 1,
            "gross_profit": null,
            "gross_margin": null,
            "net_income": 457689,
            "revenue": 1956552,
            "common_shares": 24130063,
            "equity": 45979436,
            "current_ratio": null,
            "debt_ratio": 91.78,
            "inventory_turnover_ratio": null,
            "account_receivable_turnover_ratio": null,
            "reinvestment_rate": null,
            "research_to_sale_ratio": null,
            "price_fair": 14.53,
            "eps_avg_yearly": 0.42,
            "eps_latest_yearly": 0.36,
            "eps_growth_yearly": 294.87
        },
        "20184": {
            "year_quarter": 20184,
            "year": 2018,
            "quarter": 4,
            "eps": 0.09,
            "eps_growth_year": 812.54,
            "eps_4q": 0.4,
            "eps_4q_growth_year": -10.95,
            "roe": 0.93,
            "gross_profit": null,
            "gross_margin": null,
            "net_income": 441324,
            "revenue": 1997315,
            "common_shares": 24130063,
            "equity": 49118712,
            "current_ratio": null,
            "debt_ratio": 91.26,
            "inventory_turnover_ratio": null,
            "account_receivable_turnover_ratio": null,
            "reinvestment_rate": null,
            "research_to_sale_ratio": null,
            "price_fair": 14.31,
            "eps_avg_yearly": 0.41,
            "eps_latest_yearly": 0.36,
            "eps_growth_yearly": 262.11
        },
        "20191": {
            "year_quarter": 20191,
            "year": 2019,
            "quarter": 1,
            "eps": 0.2,
            "eps_growth_year": 185.71,
            "eps_4q": 0.52,
            "eps_4q_growth_year": 57.83,
            "roe": 1.42,
            "gross_profit": null,
            "gross_margin": null,
            "net_income": 706180,
            "revenue": 2226216,
            "common_shares": 24130063,
            "equity": 50434826,
            "current_ratio": null,
            "debt_ratio": 91.13,
            "inventory_turnover_ratio": null,
            "account_receivable_turnover_ratio": null,
            "reinvestment_rate": null,
            "research_to_sale_ratio": null,
            "price_fair": 15.68,
            "eps_avg_yearly": 0.45,
            "eps_latest_yearly": 0.8,
            "eps_growth_yearly": 284.79
        },
        "20192": {
            "year_quarter": 20192,
            "year": 2019,
            "quarter": 2,
            "eps": 0.1,
            "eps_growth_year": -28.57,
            "eps_4q": 0.49,
            "eps_4q_growth_year": 41.1,
            "roe": 1,
            "gross_profit": null,
            "gross_margin": null,
            "net_income": 503542,
            "revenue": 2221691,
            "common_shares": 24130063,
            "equity": 50283276,
            "current_ratio": null,
            "debt_ratio": 91.09,
            "inventory_turnover_ratio": null,
            "account_receivable_turnover_ratio": null,
            "reinvestment_rate": null,
            "research_to_sale_ratio": null,
            "price_fair": 15.53,
            "eps_avg_yearly": 0.44,
            "eps_latest_yearly": 0.4,
            "eps_growth_yearly": 240.72
        },
        "20193": {
            "year_quarter": 20193,
            "year": 2019,
            "quarter": 3,
            "eps": 0.13,
            "eps_growth_year": 44.44,
            "eps_4q": 0.53,
            "eps_4q_growth_year": 69.67,
            "roe": 1.08,
            "gross_profit": null,
            "gross_margin": null,
            "net_income": 548129,
            "revenue": 1968526,
            "common_shares": 24130063,
            "equity": 50777284,
            "current_ratio": null,
            "debt_ratio": 90.99,
            "inventory_turnover_ratio": null,
            "account_receivable_turnover_ratio": null,
            "reinvestment_rate": null,
            "research_to_sale_ratio": null,
            "price_fair": 15.75,
            "eps_avg_yearly": 0.45,
            "eps_latest_yearly": 0.52,
            "eps_growth_yearly": 230.66
        },
        "20194": {
            "year_quarter": 20194,
            "year": 2019,
            "quarter": 4,
            "eps": 0.02,
            "eps_growth_year": -77.64,
            "eps_4q": 0.46,
            "eps_4q_growth_year": 15.27,
            "roe": 0.53,
            "gross_profit": null,
            "gross_margin": null,
            "net_income": 268750,
            "revenue": 1895518,
            "common_shares": 24130063,
            "equity": 50816277,
            "current_ratio": null,
            "debt_ratio": 90.94,
            "inventory_turnover_ratio": null,
            "account_receivable_turnover_ratio": null,
            "reinvestment_rate": null,
            "research_to_sale_ratio": null,
            "price_fair": 14.75,
            "eps_avg_yearly": 0.42,
            "eps_latest_yearly": 0.08,
            "eps_growth_yearly": 186.88
        },
        "20201": {
            "year_quarter": 20201,
            "year": 2020,
            "quarter": 1,
            "eps": 0.05,
            "eps_growth_year": -75,
            "eps_4q": 0.31,
            "eps_4q_growth_year": -40.4,
            "roe": 0.75,
            "gross_profit": null,
            "gross_margin": null,
            "net_income": 377630,
            "revenue": 1883085,
            "common_shares": 24130063,
            "equity": 50261471,
            "current_ratio": null,
            "debt_ratio": 91,
            "inventory_turnover_ratio": null,
            "account_receivable_turnover_ratio": null,
            "reinvestment_rate": null,
            "research_to_sale_ratio": null,
            "price_fair": 14.2,
            "eps_avg_yearly": 0.41,
            "eps_latest_yearly": 0.2,
            "eps_growth_yearly": 216.39
        },
        "20202": {
            "year_quarter": 20202,
            "year": 2020,
            "quarter": 2,
            "eps": 0.09,
            "eps_growth_year": -10,
            "eps_4q": 0.34,
            "eps_4q_growth_year": -30.73,
            "roe": 1.22,
            "gross_profit": null,
            "gross_margin": null,
            "net_income": 613638,
            "revenue": 1992973,
            "common_shares": 24130063,
            "equity": 50282333,
            "current_ratio": null,
            "debt_ratio": 91.24,
            "inventory_turnover_ratio": null,
            "account_receivable_turnover_ratio": null,
            "reinvestment_rate": -14.68,
            "research_to_sale_ratio": null,
            "price_fair": 14.09,
            "eps_avg_yearly": 0.4,
            "eps_latest_yearly": 0.36,
            "eps_growth_yearly": 223.29
        },
        "20203": {
            "year_quarter": 20203,
            "year": 2020,
            "quarter": 3,
            "eps": 0.18,
            "eps_growth_year": 38.46,
            "eps_4q": 0.39,
            "eps_4q_growth_year": -25.7,
            "roe": 1.53,
            "gross_profit": null,
            "gross_margin": null,
            "net_income": 775678,
            "revenue": 2131528,
            "common_shares": 24130063,
            "equity": 51147371,
            "current_ratio": null,
            "debt_ratio": 91.37,
            "inventory_turnover_ratio": null,
            "account_receivable_turnover_ratio": null,
            "reinvestment_rate": -2.55,
            "research_to_sale_ratio": null,
            "price_fair": 14.79,
            "eps_avg_yearly": 0.42,
            "eps_latest_yearly": 0.72,
            "eps_growth_yearly": 234.34
        },
        "20204": {
            "year_quarter": 20204,
            "year": 2020,
            "quarter": 4,
            "eps": 0.09,
            "eps_growth_year": 338.89,
            "eps_4q": 0.42,
            "eps_4q_growth_year": -7.75,
            "roe": 1.01,
            "gross_profit": null,
            "gross_margin": null,
            "net_income": 533983,
            "revenue": 2048905,
            "common_shares": 27330063,
            "equity": 54252765,
            "current_ratio": null,
            "debt_ratio": 90.57,
            "inventory_turnover_ratio": null,
            "account_receivable_turnover_ratio": null,
            "reinvestment_rate": -9.75,
            "research_to_sale_ratio": null,
            "price_fair": 14.79,
            "eps_avg_yearly": 0.42,
            "eps_latest_yearly": 0.36,
            "eps_growth_yearly": 236.12
        },
        "20211": {
            "year_quarter": 20211,
            "year": 2021,
            "quarter": 1,
            "eps": 0.17,
            "eps_growth_year": 240,
            "eps_4q": 0.54,
            "eps_4q_growth_year": 76.67,
            "roe": 1.54,
            "gross_profit": null,
            "gross_margin": null,
            "net_income": 841460,
            "revenue": 2305129,
            "common_shares": 27330063,
            "equity": 54958338,
            "current_ratio": null,
            "debt_ratio": 90.25,
            "inventory_turnover_ratio": null,
            "account_receivable_turnover_ratio": null,
            "reinvestment_rate": -11.51,
            "research_to_sale_ratio": null,
            "price_fair": 14.61,
            "eps_avg_yearly": 0.42,
            "eps_latest_yearly": 0.68,
            "eps_growth_yearly": 230.57
        },
        "20212": {
            "year_quarter": 20212,
            "year": 2021,
            "quarter": 2,
            "eps": 0.14,
            "eps_growth_year": 55.56,
            "eps_4q": 0.61,
            "eps_4q_growth_year": 80.14,
            "roe": 1.56,
            "gross_profit": null,
            "gross_margin": null,
            "net_income": 854529,
            "revenue": 2377209,
            "common_shares": 27330063,
            "equity": 54245845,
            "current_ratio": null,
            "debt_ratio": 90.32,
            "inventory_turnover_ratio": null,
            "account_receivable_turnover_ratio": null,
            "reinvestment_rate": -14.29,
            "research_to_sale_ratio": null,
            "price_fair": 14.79,
            "eps_avg_yearly": 0.42,
            "eps_latest_yearly": 0.56,
            "eps_growth_yearly": 235.37
        },
        "20213": {
            "year_quarter": 20213,
            "year": 2021,
            "quarter": 3,
            "eps": 0.18,
            "eps_growth_year": 0,
            "eps_4q": 0.63,
            "eps_4q_growth_year": 59.16,
            "roe": 1.5,
            "gross_profit": null,
            "gross_margin": null,
            "net_income": 815576,
            "revenue": 2356929,
            "common_shares": 27330063,
            "equity": 54617151,
            "current_ratio": null,
            "debt_ratio": 90.74,
            "inventory_turnover_ratio": null,
            "account_receivable_turnover_ratio": null,
            "reinvestment_rate": 7.4,
            "research_to_sale_ratio": null,
            "price_fair": 15.31,
            "eps_avg_yearly": 0.44,
            "eps_latest_yearly": 0.72,
            "eps_growth_yearly": 242.51
        },
        "20214": {
            "year_quarter": 20214,
            "year": 2021,
            "quarter": 4,
            "eps": 0.14,
            "eps_growth_year": 53.37,
            "eps_4q": 0.67,
            "eps_4q_growth_year": 60.44,
            "roe": 1.25,
            "gross_profit": null,
            "gross_margin": null,
            "net_income": 688358,
            "revenue": 2275545,
            "common_shares": 27330063,
            "equity": 55167387,
            "current_ratio": null,
            "debt_ratio": 90.41,
            "inventory_turnover_ratio": null,
            "account_receivable_turnover_ratio": null,
            "reinvestment_rate": 6.76,
            "research_to_sale_ratio": null,
            "price_fair": 16.45,
            "eps_avg_yearly": 0.47,
            "eps_latest_yearly": 0.56,
            "eps_growth_yearly": 259.87
        },
        "20221": {
            "year_quarter": 20221,
            "year": 2022,
            "quarter": 1,
            "eps": 0.21,
            "eps_growth_year": 23.53,
            "eps_4q": 0.72,
            "eps_4q_growth_year": 32.34,
            "roe": 1.63,
            "gross_profit": null,
            "gross_margin": null,
            "net_income": 892401,
            "revenue": 2297044,
            "common_shares": 27333603,
            "equity": 54050661,
            "current_ratio": null,
            "debt_ratio": 90.53,
            "inventory_turnover_ratio": null,
            "account_receivable_turnover_ratio": null,
            "reinvestment_rate": 9.77,
            "research_to_sale_ratio": null,
            "price_fair": 17.68,
            "eps_avg_yearly": 0.51,
            "eps_latest_yearly": 0.84,
            "eps_growth_yearly": 122.37
        },
        "20222": {
            "year_quarter": 20222,
            "year": 2022,
            "quarter": 2,
            "eps": 0.11,
            "eps_growth_year": -21.43,
            "eps_4q": 0.69,
            "eps_4q_growth_year": 12.37,
            "roe": 1.07,
            "gross_profit": null,
            "gross_margin": null,
            "net_income": 556329,
            "revenue": 2078636,
            "common_shares": 27339923,
            "equity": 50074587,
            "current_ratio": null,
            "debt_ratio": 91.29,
            "inventory_turnover_ratio": null,
            "account_receivable_turnover_ratio": null,
            "reinvestment_rate": 10.35,
            "research_to_sale_ratio": null,
            "price_fair": 17.41,
            "eps_avg_yearly": 0.5,
            "eps_latest_yearly": 0.44,
            "eps_growth_yearly": 85.47
        },
        "20223": {
            "year_quarter": 20223,
            "year": 2022,
            "quarter": 3,
            "eps": 0.26,
            "eps_growth_year": 44.44,
            "eps_4q": 0.77,
            "eps_4q_growth_year": 22.32,
            "roe": 1.87,
            "gross_profit": null,
            "gross_margin": null,
            "net_income": 937582,
            "revenue": 2592224,
            "common_shares": 27339923,
            "equity": 50281957,
            "current_ratio": null,
            "debt_ratio": 91.62,
            "inventory_turnover_ratio": null,
            "account_receivable_turnover_ratio": null,
            "reinvestment_rate": 8.79,
            "research_to_sale_ratio": null,
            "price_fair": 18.9,
            "eps_avg_yearly": 0.54,
            "eps_latest_yearly": 1.04,
            "eps_growth_yearly": 128.49
        },
        "20224": {
            "year_quarter": 20224,
            "year": 2022,
            "quarter": 4,
            "eps": 1.22,
            "eps_growth_year": 761.04,
            "eps_4q": 1.84,
            "eps_4q_growth_year": 173.07,
            "roe": 6.56,
            "gross_profit": null,
            "gross_margin": null,
            "net_income": 3422043,
            "revenue": 5140834,
            "common_shares": 27339923,
            "equity": 54009564,
            "current_ratio": null,
            "debt_ratio": 90.65,
            "inventory_turnover_ratio": null,
            "account_receivable_turnover_ratio": null,
            "reinvestment_rate": 73.39,
            "research_to_sale_ratio": null,
            "price_fair": 28.79,
            "eps_avg_yearly": 0.82,
            "eps_latest_yearly": 4.88,
            "eps_growth_yearly": 220.79
        },
        "20231": {
            "year_quarter": 20231,
            "year": 2023,
            "quarter": 1,
            "eps": 0.27,
            "eps_growth_year": 28.57,
            "eps_4q": 1.9,
            "eps_4q_growth_year": 163.61,
            "roe": 2.02,
            "gross_profit": null,
            "gross_margin": null,
            "net_income": 1109666,
            "revenue": 2583533,
            "common_shares": 27339923,
            "equity": 56059140,
            "current_ratio": null,
            "debt_ratio": 90.73,
            "inventory_turnover_ratio": null,
            "account_receivable_turnover_ratio": null,
            "reinvestment_rate": 72.17,
            "research_to_sale_ratio": null,
            "price_fair": 29.4,
            "eps_avg_yearly": 0.84,
            "eps_latest_yearly": 1.08,
            "eps_growth_yearly": 170.77
        }
    },
    "months": {
        "2004-08": {
            "month": "2004-08",
            "price": "9.74",
            "revenue": 242487
        },
        "2004-09": {
            "month": "2004-09",
            "price": "9.07",
            "revenue": 190441
        },
        "2004-10": {
            "month": "2004-10",
            "price": "8.92",
            "revenue": 148814
        },
        "2004-11": {
            "month": "2004-11",
            "price": "8.88",
            "revenue": 222832
        },
        "2004-12": {
            "month": "2004-12",
            "price": "9.00",
            "revenue": 393283
        },
        "2005-01": {
            "month": "2005-01",
            "price": "8.96",
            "revenue": 227975
        },
        "2005-02": {
            "month": "2005-02",
            "price": "8.90",
            "revenue": 318246
        },
        "2005-03": {
            "month": "2005-03",
            "price": "9.23",
            "revenue": 424060
        },
        "2005-04": {
            "month": "2005-04",
            "price": "9.34",
            "revenue": 235626
        },
        "2005-05": {
            "month": "2005-05",
            "price": "9.42",
            "revenue": 302036
        },
        "2005-06": {
            "month": "2005-06",
            "price": "9.39",
            "revenue": 461242
        },
        "2005-07": {
            "month": "2005-07",
            "price": "8.80",
            "revenue": 518431
        },
        "2005-08": {
            "month": "2005-08",
            "price": "8.93",
            "revenue": 400848
        },
        "2005-09": {
            "month": "2005-09",
            "price": "8.25",
            "revenue": 364708
        },
        "2005-10": {
            "month": "2005-10",
            "price": "7.98",
            "revenue": 72656
        },
        "2005-11": {
            "month": "2005-11",
            "price": "7.83",
            "revenue": 415387
        },
        "2005-12": {
            "month": "2005-12",
            "price": "7.42",
            "revenue": 824064
        },
        "2006-01": {
            "month": "2006-01",
            "price": "7.30",
            "revenue": 338217
        },
        "2006-02": {
            "month": "2006-02",
            "price": "7.65",
            "revenue": 324329
        },
        "2006-03": {
            "month": "2006-03",
            "price": "7.52",
            "revenue": 409770
        },
        "2006-04": {
            "month": "2006-04",
            "price": "7.26",
            "revenue": 567701
        },
        "2006-05": {
            "month": "2006-05",
            "price": "7.62",
            "revenue": 10069
        },
        "2006-06": {
            "month": "2006-06",
            "price": "7.70",
            "revenue": 158045
        },
        "2006-07": {
            "month": "2006-07",
            "price": "8.63",
            "revenue": 384046
        },
        "2006-08": {
            "month": "2006-08",
            "price": "7.25",
            "revenue": 451934
        },
        "2006-09": {
            "month": "2006-09",
            "price": "7.00",
            "revenue": 443192
        },
        "2006-10": {
            "month": "2006-10",
            "price": "7.20",
            "revenue": 483326
        },
        "2006-11": {
            "month": "2006-11",
            "price": "7.16",
            "revenue": 622123
        },
        "2006-12": {
            "month": "2006-12",
            "price": "7.51",
            "revenue": 403643
        },
        "2007-01": {
            "month": "2007-01",
            "price": "7.58",
            "revenue": 368911
        },
        "2007-02": {
            "month": "2007-02",
            "price": "7.49",
            "revenue": 908544
        },
        "2007-03": {
            "month": "2007-03",
            "price": "7.54",
            "revenue": 515312
        },
        "2007-04": {
            "month": "2007-04",
            "price": "7.87",
            "revenue": 294622
        },
        "2007-05": {
            "month": "2007-05",
            "price": "8.24",
            "revenue": 658269
        },
        "2007-06": {
            "month": "2007-06",
            "price": "8.07",
            "revenue": 381961
        },
        "2007-07": {
            "month": "2007-07",
            "price": "8.36",
            "revenue": 651787
        },
        "2007-08": {
            "month": "2007-08",
            "price": "8.36",
            "revenue": 33822
        },
        "2007-09": {
            "month": "2007-09",
            "price": "8.48",
            "revenue": 329752
        },
        "2007-10": {
            "month": "2007-10",
            "price": "8.71",
            "revenue": 93208
        },
        "2007-11": {
            "month": "2007-11",
            "price": "8.80",
            "revenue": 127376
        },
        "2007-12": {
            "month": "2007-12",
            "price": "8.33",
            "revenue": 99663
        },
        "2008-01": {
            "month": "2008-01",
            "price": "8.31",
            "revenue": -20359
        },
        "2008-02": {
            "month": "2008-02",
            "price": "8.45",
            "revenue": 409225
        },
        "2008-03": {
            "month": "2008-03",
            "price": "8.88",
            "revenue": 271016
        },
        "2008-04": {
            "month": "2008-04",
            "price": "9.53",
            "revenue": 360517
        },
        "2008-05": {
            "month": "2008-05",
            "price": "9.71",
            "revenue": 215913
        },
        "2008-06": {
            "month": "2008-06",
            "price": "9.37",
            "revenue": 17139
        },
        "2008-07": {
            "month": "2008-07",
            "price": "8.36",
            "revenue": 56174
        },
        "2008-08": {
            "month": "2008-08",
            "price": "7.69",
            "revenue": 233099
        },
        "2008-09": {
            "month": "2008-09",
            "price": "6.52",
            "revenue": -80654
        },
        "2008-10": {
            "month": "2008-10",
            "price": "4.84",
            "revenue": 39368
        },
        "2008-11": {
            "month": "2008-11",
            "price": "4.41",
            "revenue": 61291
        },
        "2008-12": {
            "month": "2008-12",
            "price": "3.84",
            "revenue": -1402744
        },
        "2009-01": {
            "month": "2009-01",
            "price": "4.12",
            "revenue": 196905
        },
        "2009-02": {
            "month": "2009-02",
            "price": "3.56",
            "revenue": 172021
        },
        "2009-03": {
            "month": "2009-03",
            "price": "3.80",
            "revenue": 236906
        },
        "2009-04": {
            "month": "2009-04",
            "price": "4.78",
            "revenue": 340617
        },
        "2009-05": {
            "month": "2009-05",
            "price": "5.66",
            "revenue": 646655
        },
        "2009-06": {
            "month": "2009-06",
            "price": "5.85",
            "revenue": -90696
        },
        "2009-07": {
            "month": "2009-07",
            "price": "6.28",
            "revenue": 275353
        },
        "2009-08": {
            "month": "2009-08",
            "price": "6.10",
            "revenue": 95903
        },
        "2009-09": {
            "month": "2009-09",
            "price": "6.15",
            "revenue": 278970
        },
        "2009-10": {
            "month": "2009-10",
            "price": "6.23",
            "revenue": 197733
        },
        "2009-11": {
            "month": "2009-11",
            "price": "6.27",
            "revenue": 251336
        },
        "2009-12": {
            "month": "2009-12",
            "price": "6.39",
            "revenue": 262641
        },
        "2010-01": {
            "month": "2010-01",
            "price": "6.79",
            "revenue": -7182
        },
        "2010-02": {
            "month": "2010-02",
            "price": "6.42",
            "revenue": 146755
        },
        "2010-03": {
            "month": "2010-03",
            "price": "6.73",
            "revenue": 350857
        },
        "2010-04": {
            "month": "2010-04",
            "price": "7.64",
            "revenue": 217215
        },
        "2010-05": {
            "month": "2010-05",
            "price": "7.08",
            "revenue": 150069
        },
        "2010-06": {
            "month": "2010-06",
            "price": "6.91",
            "revenue": 122696
        },
        "2010-07": {
            "month": "2010-07",
            "price": "7.22",
            "revenue": 217137
        },
        "2010-08": {
            "month": "2010-08",
            "price": "7.27",
            "revenue": 300699
        },
        "2010-09": {
            "month": "2010-09",
            "price": "7.19",
            "revenue": 394513
        },
        "2010-10": {
            "month": "2010-10",
            "price": "7.16",
            "revenue": 217530
        },
        "2010-11": {
            "month": "2010-11",
            "price": "7.01",
            "revenue": 250304
        },
        "2010-12": {
            "month": "2010-12",
            "price": "7.19",
            "revenue": 172608
        },
        "2011-01": {
            "month": "2011-01",
            "price": "8.26",
            "revenue": 333355
        },
        "2011-02": {
            "month": "2011-02",
            "price": "8.16",
            "revenue": 114702
        },
        "2011-03": {
            "month": "2011-03",
            "price": "8.05",
            "revenue": 97833
        },
        "2011-04": {
            "month": "2011-04",
            "price": "8.22",
            "revenue": 198521
        },
        "2011-05": {
            "month": "2011-05",
            "price": "7.99",
            "revenue": 74058
        },
        "2011-06": {
            "month": "2011-06",
            "price": "7.72",
            "revenue": -72750
        },
        "2011-07": {
            "month": "2011-07",
            "price": "7.73",
            "revenue": 329508
        },
        "2011-08": {
            "month": "2011-08",
            "price": "7.18",
            "revenue": 59832
        },
        "2011-09": {
            "month": "2011-09",
            "price": "6.77",
            "revenue": 56371
        },
        "2011-10": {
            "month": "2011-10",
            "price": "6.85",
            "revenue": 115351
        },
        "2011-11": {
            "month": "2011-11",
            "price": "6.25",
            "revenue": 89323
        },
        "2011-12": {
            "month": "2011-12",
            "price": "5.86",
            "revenue": 1587789
        },
        "2012-01": {
            "month": "2012-01",
            "price": "5.83",
            "revenue": 272517
        },
        "2012-02": {
            "month": "2012-02",
            "price": "6.92",
            "revenue": 365793
        },
        "2012-03": {
            "month": "2012-03",
            "price": "7.24",
            "revenue": 154074
        },
        "2012-04": {
            "month": "2012-04",
            "price": "7.24",
            "revenue": 254618
        },
        "2012-05": {
            "month": "2012-05",
            "price": "7.05",
            "revenue": 178265
        },
        "2012-06": {
            "month": "2012-06",
            "price": "6.95",
            "revenue": 127348
        },
        "2012-07": {
            "month": "2012-07",
            "price": "6.85",
            "revenue": 276493
        },
        "2012-08": {
            "month": "2012-08",
            "price": "6.79",
            "revenue": 300416
        },
        "2012-09": {
            "month": "2012-09",
            "price": "6.85",
            "revenue": 220643
        },
        "2012-10": {
            "month": "2012-10",
            "price": "6.86",
            "revenue": 287119
        },
        "2012-11": {
            "month": "2012-11",
            "price": "6.48",
            "revenue": 141899
        },
        "2012-12": {
            "month": "2012-12",
            "price": "6.76",
            "revenue": -211909
        },
        "2013-01": {
            "month": "2013-01",
            "price": "6.76",
            "revenue": 673534
        },
        "2013-02": {
            "month": "2013-02",
            "price": "6.67",
            "revenue": 433745
        },
        "2013-03": {
            "month": "2013-03",
            "price": "6.50",
            "revenue": 879415
        },
        "2013-04": {
            "month": "2013-04",
            "price": "6.49",
            "revenue": 438483
        },
        "2013-05": {
            "month": "2013-05",
            "price": "6.30",
            "revenue": 610494
        },
        "2013-06": {
            "month": "2013-06",
            "price": "5.81",
            "revenue": 266436
        },
        "2013-07": {
            "month": "2013-07",
            "price": "6.38",
            "revenue": 577147
        },
        "2013-08": {
            "month": "2013-08",
            "price": "6.78",
            "revenue": 518815
        },
        "2013-09": {
            "month": "2013-09",
            "price": "6.73",
            "revenue": 527386
        },
        "2013-10": {
            "month": "2013-10",
            "price": "6.48",
            "revenue": 534264
        },
        "2013-11": {
            "month": "2013-11",
            "price": "6.40",
            "revenue": 626699
        },
        "2013-12": {
            "month": "2013-12",
            "price": "6.27",
            "revenue": 562205
        },
        "2014-01": {
            "month": "2014-01",
            "price": "6.40",
            "revenue": 606381
        },
        "2014-02": {
            "month": "2014-02",
            "price": "6.47",
            "revenue": 578013
        },
        "2014-03": {
            "month": "2014-03",
            "price": "6.46",
            "revenue": 647749
        },
        "2014-04": {
            "month": "2014-04",
            "price": "6.24",
            "revenue": 499629
        },
        "2014-05": {
            "month": "2014-05",
            "price": "6.21",
            "revenue": 674841
        },
        "2014-06": {
            "month": "2014-06",
            "price": "6.29",
            "revenue": 596616
        },
        "2014-07": {
            "month": "2014-07",
            "price": "6.37",
            "revenue": 571258
        },
        "2014-08": {
            "month": "2014-08",
            "price": "6.37",
            "revenue": 581707
        },
        "2014-09": {
            "month": "2014-09",
            "price": "6.63",
            "revenue": 585686
        },
        "2014-10": {
            "month": "2014-10",
            "price": "6.85",
            "revenue": 465505
        },
        "2014-11": {
            "month": "2014-11",
            "price": "6.68",
            "revenue": 570298
        },
        "2014-12": {
            "month": "2014-12",
            "price": "6.73",
            "revenue": 650435
        },
        "2015-01": {
            "month": "2015-01",
            "price": "6.78",
            "revenue": 732920
        },
        "2015-02": {
            "month": "2015-02",
            "price": "6.90",
            "revenue": 572672
        },
        "2015-03": {
            "month": "2015-03",
            "price": "7.29",
            "revenue": 735083
        },
        "2015-04": {
            "month": "2015-04",
            "price": "8.54",
            "revenue": 730202
        },
        "2015-05": {
            "month": "2015-05",
            "price": "8.74",
            "revenue": 666239
        },
        "2015-06": {
            "month": "2015-06",
            "price": "8.95",
            "revenue": 599220
        },
        "2015-07": {
            "month": "2015-07",
            "price": "8.40",
            "revenue": 633445
        },
        "2015-08": {
            "month": "2015-08",
            "price": "8.19",
            "revenue": 281367
        },
        "2015-09": {
            "month": "2015-09",
            "price": "7.92",
            "revenue": 763721
        },
        "2015-10": {
            "month": "2015-10",
            "price": "7.93",
            "revenue": 611953
        },
        "2015-11": {
            "month": "2015-11",
            "price": "7.74",
            "revenue": 661027
        },
        "2015-12": {
            "month": "2015-12",
            "price": "7.70",
            "revenue": 628221
        },
        "2016-01": {
            "month": "2016-01",
            "price": "7.05",
            "revenue": 666215
        },
        "2016-02": {
            "month": "2016-02",
            "price": "7.00",
            "revenue": 705832
        },
        "2016-03": {
            "month": "2016-03",
            "price": "7.14",
            "revenue": 775990
        },
        "2016-04": {
            "month": "2016-04",
            "price": "7.43",
            "revenue": 540915
        },
        "2016-05": {
            "month": "2016-05",
            "price": "7.64",
            "revenue": 632402
        },
        "2016-06": {
            "month": "2016-06",
            "price": "7.71",
            "revenue": 664452
        },
        "2016-07": {
            "month": "2016-07",
            "price": "7.66",
            "revenue": 549497
        },
        "2016-08": {
            "month": "2016-08",
            "price": "7.58",
            "revenue": 796332
        },
        "2016-09": {
            "month": "2016-09",
            "price": "7.80",
            "revenue": 529673
        },
        "2016-10": {
            "month": "2016-10",
            "price": "8.03",
            "revenue": 649741
        },
        "2016-11": {
            "month": "2016-11",
            "price": "8.20",
            "revenue": 573939
        },
        "2016-12": {
            "month": "2016-12",
            "price": "8.39",
            "revenue": 625858
        },
        "2017-01": {
            "month": "2017-01",
            "price": "8.15",
            "revenue": 617690
        },
        "2017-02": {
            "month": "2017-02",
            "price": "8.29",
            "revenue": 616225
        },
        "2017-03": {
            "month": "2017-03",
            "price": "8.49",
            "revenue": 633846
        },
        "2017-04": {
            "month": "2017-04",
            "price": "9.23",
            "revenue": 576023
        },
        "2017-05": {
            "month": "2017-05",
            "price": "8.97",
            "revenue": 648654
        },
        "2017-06": {
            "month": "2017-06",
            "price": "9.02",
            "revenue": 778385
        },
        "2017-07": {
            "month": "2017-07",
            "price": "9.19",
            "revenue": 772994
        },
        "2017-08": {
            "month": "2017-08",
            "price": "8.95",
            "revenue": 698831
        },
        "2017-09": {
            "month": "2017-09",
            "price": "8.84",
            "revenue": 612757
        },
        "2017-10": {
            "month": "2017-10",
            "price": "8.81",
            "revenue": 620336
        },
        "2017-11": {
            "month": "2017-11",
            "price": "8.97",
            "revenue": 637534
        },
        "2017-12": {
            "month": "2017-12",
            "price": "8.93",
            "revenue": 687710
        },
        "2018-01": {
            "month": "2018-01",
            "price": "9.01",
            "revenue": 641266
        },
        "2018-02": {
            "month": "2018-02",
            "price": "8.82",
            "revenue": 501769
        },
        "2018-03": {
            "month": "2018-03",
            "price": "8.78",
            "revenue": 659199
        },
        "2018-04": {
            "month": "2018-04",
            "price": "8.65",
            "revenue": 651942
        },
        "2018-05": {
            "month": "2018-05",
            "price": "8.53",
            "revenue": 702262
        },
        "2018-06": {
            "month": "2018-06",
            "price": "8.52",
            "revenue": 716127
        },
        "2018-07": {
            "month": "2018-07",
            "price": "8.26",
            "revenue": 683237
        },
        "2018-08": {
            "month": "2018-08",
            "price": "8.23",
            "revenue": 711109
        },
        "2018-09": {
            "month": "2018-09",
            "price": "8.20",
            "revenue": 557564
        },
        "2018-10": {
            "month": "2018-10",
            "price": "7.83",
            "revenue": 655245
        },
        "2018-11": {
            "month": "2018-11",
            "price": "8.11",
            "revenue": 663746
        },
        "2018-12": {
            "month": "2018-12",
            "price": "8.01",
            "revenue": 686773
        },
        "2019-01": {
            "month": "2019-01",
            "price": "7.86",
            "revenue": 757627
        },
        "2019-02": {
            "month": "2019-02",
            "price": "7.88",
            "revenue": 728887
        },
        "2019-03": {
            "month": "2019-03",
            "price": "7.81",
            "revenue": 739702
        },
        "2019-04": {
            "month": "2019-04",
            "price": "7.84",
            "revenue": 760355
        },
        "2019-05": {
            "month": "2019-05",
            "price": "8.00",
            "revenue": 792481
        },
        "2019-06": {
            "month": "2019-06",
            "price": "8.32",
            "revenue": 669263
        },
        "2019-07": {
            "month": "2019-07",
            "price": "7.92",
            "revenue": 703541
        },
        "2019-08": {
            "month": "2019-08",
            "price": "7.75",
            "revenue": 680535
        },
        "2019-09": {
            "month": "2019-09",
            "price": "7.70",
            "revenue": 584035
        },
        "2019-10": {
            "month": "2019-10",
            "price": "7.67",
            "revenue": 621136
        },
        "2019-11": {
            "month": "2019-11",
            "price": "7.75",
            "revenue": 582159
        },
        "2019-12": {
            "month": "2019-12",
            "price": "7.79",
            "revenue": 692232
        },
        "2020-01": {
            "month": "2020-01",
            "price": "7.78",
            "revenue": 675805
        },
        "2020-02": {
            "month": "2020-02",
            "price": "7.58",
            "revenue": 601205
        },
        "2020-03": {
            "month": "2020-03",
            "price": "6.68",
            "revenue": 606075
        },
        "2020-04": {
            "month": "2020-04",
            "price": "6.80",
            "revenue": 663844
        },
        "2020-05": {
            "month": "2020-05",
            "price": "7.08",
            "revenue": 685044
        },
        "2020-06": {
            "month": "2020-06",
            "price": "7.23",
            "revenue": 644085
        },
        "2020-07": {
            "month": "2020-07",
            "price": "7.28",
            "revenue": 782295
        },
        "2020-08": {
            "month": "2020-08",
            "price": "6.75",
            "revenue": 748804
        },
        "2020-09": {
            "month": "2020-09",
            "price": "6.87",
            "revenue": 601719
        },
        "2020-10": {
            "month": "2020-10",
            "price": "6.59",
            "revenue": 680152
        },
        "2020-11": {
            "month": "2020-11",
            "price": "6.54",
            "revenue": 713673
        },
        "2020-12": {
            "month": "2020-12",
            "price": "6.60",
            "revenue": 647527
        },
        "2021-01": {
            "month": "2021-01",
            "price": "6.76",
            "revenue": 886345
        },
        "2021-02": {
            "month": "2021-02",
            "price": "6.74",
            "revenue": 603219
        },
        "2021-03": {
            "month": "2021-03",
            "price": "6.95",
            "revenue": 815660
        },
        "2021-04": {
            "month": "2021-04",
            "price": "7.25",
            "revenue": 929120
        },
        "2021-05": {
            "month": "2021-05",
            "price": "7.03",
            "revenue": 643247
        },
        "2021-06": {
            "month": "2021-06",
            "price": "7.03",
            "revenue": 804937
        },
        "2021-07": {
            "month": "2021-07",
            "price": "7.12",
            "revenue": 836558
        },
        "2021-08": {
            "month": "2021-08",
            "price": "7.05",
            "revenue": 786414
        },
        "2021-09": {
            "month": "2021-09",
            "price": "7.82",
            "revenue": 733766
        },
        "2021-10": {
            "month": "2021-10",
            "price": "7.77",
            "revenue": 737022
        },
        "2021-11": {
            "month": "2021-11",
            "price": "7.93",
            "revenue": 764135
        },
        "2021-12": {
            "month": "2021-12",
            "price": "7.90",
            "revenue": 774389
        },
        "2022-01": {
            "month": "2022-01",
            "price": "8.44",
            "revenue": 834973
        },
        "2022-02": {
            "month": "2022-02",
            "price": "9.00",
            "revenue": 763344
        },
        "2022-03": {
            "month": "2022-03",
            "price": "9.44",
            "revenue": 699003
        },
        "2022-04": {
            "month": "2022-04",
            "price": "9.98",
            "revenue": 584839
        },
        "2022-05": {
            "month": "2022-05",
            "price": "8.79",
            "revenue": 638851
        },
        "2022-06": {
            "month": "2022-06",
            "price": "8.83",
            "revenue": 854670
        },
        "2022-07": {
            "month": "2022-07",
            "price": "8.22",
            "revenue": 893584
        },
        "2022-08": {
            "month": "2022-08",
            "price": "8.42",
            "revenue": 1005423
        },
        "2022-09": {
            "month": "2022-09",
            "price": "8.57",
            "revenue": 705298
        },
        "2022-10": {
            "month": "2022-10",
            "price": "8.03",
            "revenue": 690542
        },
        "2022-11": {
            "month": "2022-11",
            "price": "8.28",
            "revenue": 536610
        },
        "2022-12": {
            "month": "2022-12",
            "price": "8.43",
            "revenue": 3923076
        },
        "2023-01": {
            "month": "2023-01",
            "price": "8.81",
            "revenue": 881644
        },
        "2023-02": {
            "month": "2023-02",
            "price": "9.64",
            "revenue": 839733
        },
        "2023-03": {
            "month": "2023-03",
            "price": "9.60",
            "revenue": 862156
        },
        "2023-04": {
            "month": "2023-04",
            "price": "10.04",
            "revenue": 701523
        }
    }
}
