{
    "summary": {
        "stock_name": "欣欣",
        "stock_id": "2901",
        "category": "貿易百貨",
        "main_business": "百貨業<br>超市<br>電影院",
        "website_url": "http://www.shinshinltd.com.tw",
        "ceo": "孟正光",
        "pe_ratio": 94,
        "report_year_from": 2001,
        "report_year_to": 2023,
        "age": 22,
        "eps_negative_percentage": 0,
        "eps_growth_avg": {
            "last_all": 11.83,
            "last_2y": -6.98,
            "last_4y": -5.34,
            "last_8y": -2.94,
            "last_12y": 3.06,
            "last_16y": 8.4,
            "last_20y": 11.83,
            "at_2006_last_3y": 27.57,
            "at_2007_last_3y": 27.57,
            "at_2008_last_3y": 46.23,
            "at_2009_last_3y": 25.78,
            "at_2010_last_3y": 42.28,
            "at_2011_last_3y": 33.02,
            "at_2012_last_3y": 14.14,
            "at_2013_last_3y": 16.54,
            "at_2014_last_3y": 18.54,
            "at_2015_last_3y": 5.35,
            "at_2016_last_3y": -1.91,
            "at_2017_last_3y": 0.07,
            "at_2018_last_3y": -2.04,
            "at_2019_last_3y": -3.43,
            "at_2020_last_3y": -12.31,
            "at_2021_last_3y": -31.68,
            "at_2022_last_3y": -4.07,
            "at_2023_last_3y": -4.07,
            "at_2006_last_all": 5.9,
            "at_2007_last_all": 21.58,
            "at_2008_last_all": 30.26,
            "at_2009_last_all": 26.08,
            "at_2010_last_all": 22.07,
            "at_2011_last_all": 26.16,
            "at_2012_last_all": 24.4,
            "at_2013_last_all": 22.9,
            "at_2014_last_all": 20.98,
            "at_2015_last_all": 20.21,
            "at_2016_last_all": 17.38,
            "at_2017_last_all": 17.19,
            "at_2018_last_all": 15.57,
            "at_2019_last_all": 14.96,
            "at_2020_last_all": 11.13,
            "at_2021_last_all": 7.42,
            "at_2022_last_all": 11.83,
            "at_2023_last_all": 11.83
        },
        "latest_eps": 0.28,
        "latest_price": 26.3,
        "latest_roe": 2.34,
        "latest_gross_margin": 84.02,
        "latest_equity": 864106,
        "latest_revenue": 32782,
        "latest_gross_profit": 27543,
        "latest_net_income": 7334,
        "latest_debt_ratio": 13.8,
        "latest_current_ratio": 662.22,
        "latest_account_receivable_turnover_ratio": 12.21,
        "latest_inventory_turnover_ratio": 1.39,
        "latest_reinvestment_rate": -65.42,
        "latest_research_to_sale_ratio": null
    },
    "eps_dividends": {
        "1991": {
            "cash": 0,
            "stock": 1.79,
            "eps": 0
        },
        "1993": {
            "cash": 0,
            "stock": 1.01,
            "eps": 0
        },
        "2001": {
            "cash": 0,
            "stock": 0,
            "eps": 0.26
        },
        "2002": {
            "cash": 0.21,
            "stock": 0,
            "eps": 0.05
        },
        "2003": {
            "cash": 0,
            "stock": 0,
            "eps": 0.13
        },
        "2004": {
            "cash": 0,
            "stock": 0,
            "eps": 0.14
        },
        "2005": {
            "cash": 0.2,
            "stock": 0,
            "eps": 0.25
        },
        "2006": {
            "cash": 0.2,
            "stock": 0,
            "eps": 0.06
        },
        "2007": {
            "cash": 0,
            "stock": 0,
            "eps": 0.17
        },
        "2008": {
            "cash": 0.17,
            "stock": 0,
            "eps": 0.31
        },
        "2009": {
            "cash": 0.28,
            "stock": 0,
            "eps": 0.3
        },
        "2010": {
            "cash": 0.31,
            "stock": 0,
            "eps": 0.27
        },
        "2011": {
            "cash": 0.67,
            "stock": 0,
            "eps": 0.44
        },
        "2012": {
            "cash": 0,
            "stock": 0,
            "eps": 0.47
        },
        "2013": {
            "cash": 0.43,
            "stock": 0,
            "eps": 0.5
        },
        "2014": {
            "cash": 0.38,
            "stock": 0,
            "eps": 0.49
        },
        "2015": {
            "cash": 0.44,
            "stock": 0,
            "eps": 0.54
        },
        "2016": {
            "cash": 0.49,
            "stock": 0,
            "eps": 0.42
        },
        "2017": {
            "cash": 0.38,
            "stock": 0,
            "eps": 0.48
        },
        "2018": {
            "cash": 0.41,
            "stock": 0,
            "eps": 0.43
        },
        "2019": {
            "cash": 0.39,
            "stock": 0,
            "eps": 0.45
        },
        "2020": {
            "cash": 0.4,
            "stock": 0,
            "eps": 0.19
        },
        "2021": {
            "cash": 0.18,
            "stock": 0,
            "eps": 0.07
        },
        "2022": {
            "cash": 0.07,
            "stock": 0,
            "eps": 0.24
        },
        "2023": {
            "cash": 0.21,
            "stock": 0,
            "eps": 0.17
        }
    },
    "dividends": {
        "1991-05-25": {
            "cash": 0,
            "stock": 1.79
        },
        "1993-06-23": {
            "cash": 0,
            "stock": 1.01
        },
        "2002-06-06": {
            "cash": 0.21,
            "stock": 0
        },
        "2005-06-10": {
            "cash": 0.2,
            "stock": 0
        },
        "2006-06-14": {
            "cash": 0.2,
            "stock": 0
        },
        "2008-03-20": {
            "cash": 0.17,
            "stock": 0
        },
        "2009-03-18": {
            "cash": 0.28,
            "stock": 0
        },
        "2010-03-18": {
            "cash": 0.31,
            "stock": 0
        },
        "2011-01-01": {
            "cash": 0.4,
            "stock": 0
        },
        "2011-03-21": {
            "cash": 0.27,
            "stock": 0
        },
        "2013-03-12": {
            "cash": 0.43,
            "stock": 0
        },
        "2014-08-20": {
            "cash": 0.38,
            "stock": 0
        },
        "2015-09-25": {
            "cash": 0.44,
            "stock": 0
        },
        "2016-09-14": {
            "cash": 0.49,
            "stock": 0
        },
        "2017-09-29": {
            "cash": 0.38,
            "stock": 0
        },
        "2018-09-28": {
            "cash": 0.41,
            "stock": 0
        },
        "2019-09-25": {
            "cash": 0.39,
            "stock": 0
        },
        "2020-09-15": {
            "cash": 0.4,
            "stock": 0
        },
        "2021-11-15": {
            "cash": 0.18,
            "stock": 0
        },
        "2022-09-13": {
            "cash": 0.07,
            "stock": 0
        },
        "2023-09-28": {
            "cash": 0.21,
            "stock": 0
        }
    },
    "prices": {
        "200101": "18.49",
        "200102": "22.38",
        "200103": "21.22",
        "200104": "19.13",
        "200105": "18.77",
        "200106": "16.50",
        "200107": "13.92",
        "200108": "14.16",
        "200109": "13.08",
        "200110": "13.14",
        "200111": "13.10",
        "200112": "15.92",
        "200201": "17.92",
        "200202": "16.82",
        "200203": "17.51",
        "200204": "19.94",
        "200205": "21.10",
        "200206": "19.34",
        "200207": "18.61",
        "200208": "17.59",
        "200209": "16.68",
        "200210": "16.31",
        "200211": "17.00",
        "200212": "18.11",
        "200301": "19.52",
        "200302": "19.96",
        "200303": "19.05",
        "200304": "18.08",
        "200305": "17.45",
        "200306": "17.47",
        "200307": "18.15",
        "200308": "18.28",
        "200309": "18.16",
        "200310": "19.35",
        "200311": "19.10",
        "200312": "18.05",
        "200401": "19.89",
        "200402": "20.36",
        "200403": "18.73",
        "200404": "18.23",
        "200405": "16.78",
        "200406": "16.24",
        "200407": "15.73",
        "200408": "16.62",
        "200409": "16.90",
        "200410": "15.96",
        "200411": "15.46",
        "200412": "14.62",
        "200501": "14.66",
        "200502": "13.80",
        "200503": "14.07",
        "200504": "13.44",
        "200505": "13.96",
        "200506": "15.33",
        "200507": "14.89",
        "200508": "14.61",
        "200509": "13.66",
        "200510": "13.12",
        "200511": "12.90",
        "200512": "13.46",
        "200601": "13.84",
        "200602": "13.66",
        "200603": "13.50",
        "200604": "15.28",
        "200605": "19.81",
        "200606": "17.02",
        "200607": "16.29",
        "200608": "15.63",
        "200609": "16.03",
        "200610": "20.58",
        "200611": "22.89",
        "200612": "26.08",
        "200701": "24.27",
        "200702": "25.26",
        "200703": "26.52",
        "200704": "29.57",
        "200705": "27.92",
        "200706": "27.45",
        "200707": "30.64",
        "200708": "27.21",
        "200709": "26.03",
        "200710": "25.55",
        "200711": "23.35",
        "200712": "21.81",
        "200801": "23.21",
        "200802": "24.90",
        "200803": "28.40",
        "200804": "32.58",
        "200805": "34.18",
        "200806": "28.82",
        "200807": "23.76",
        "200808": "23.04",
        "200809": "19.76",
        "200810": "17.19",
        "200811": "15.99",
        "200812": "16.99",
        "200901": "17.05",
        "200902": "16.46",
        "200903": "17.11",
        "200904": "19.00",
        "200905": "22.62",
        "200906": "26.19",
        "200907": "27.25",
        "200908": "26.30",
        "200909": "25.73",
        "200910": "25.93",
        "200911": "24.37",
        "200912": "24.45",
        "201001": "25.10",
        "201002": "23.86",
        "201003": "24.56",
        "201004": "25.39",
        "201005": "23.71",
        "201006": "24.50",
        "201007": "26.31",
        "201008": "28.96",
        "201009": "29.11",
        "201010": "29.37",
        "201011": "28.52",
        "201012": "28.76",
        "201101": "29.24",
        "201102": "27.94",
        "201103": "26.11",
        "201104": "25.67",
        "201105": "25.88",
        "201106": "25.93",
        "201107": "26.46",
        "201108": "25.77",
        "201109": "24.96",
        "201110": "24.88",
        "201111": "24.12",
        "201112": "25.49",
        "201201": "25.67",
        "201202": "26.01",
        "201203": "25.68",
        "201204": "25.30",
        "201205": "25.09",
        "201206": "25.18",
        "201207": "25.70",
        "201208": "26.62",
        "201209": "32.20",
        "201210": "43.18",
        "201211": "41.92",
        "201212": "40.67",
        "201301": "38.84",
        "201302": "37.92",
        "201303": "38.17",
        "201304": "37.40",
        "201305": "39.22",
        "201306": "40.14",
        "201307": "38.78",
        "201308": "37.98",
        "201309": "38.05",
        "201310": "39.45",
        "201311": "38.70",
        "201312": "38.32",
        "201401": "37.98",
        "201402": "37.23",
        "201403": "37.02",
        "201404": "36.32",
        "201405": "34.42",
        "201406": "34.98",
        "201407": "37.64",
        "201408": "35.10",
        "201409": "34.53",
        "201410": "32.82",
        "201411": "31.98",
        "201412": "32.41",
        "201501": "31.86",
        "201502": "31.25",
        "201503": "30.85",
        "201504": "30.88",
        "201505": "31.07",
        "201506": "28.99",
        "201507": "28.95",
        "201508": "28.21",
        "201509": "27.06",
        "201510": "27.08",
        "201511": "26.76",
        "201512": "26.92",
        "201601": "26.15",
        "201602": "25.99",
        "201603": "27.03",
        "201604": "26.02",
        "201605": "25.73",
        "201606": "25.74",
        "201607": "26.01",
        "201608": "25.73",
        "201609": "25.53",
        "201610": "25.92",
        "201611": "25.45",
        "201612": "25.58",
        "201701": "25.31",
        "201702": "26.33",
        "201703": "25.98",
        "201704": "24.33",
        "201705": "23.70",
        "201706": "23.95",
        "201707": "24.28",
        "201708": "24.89",
        "201709": "26.52",
        "201710": "27.11",
        "201711": "26.70",
        "201712": "26.30",
        "201801": "26.04",
        "201802": "25.33",
        "201803": "25.42",
        "201804": "25.74",
        "201805": "25.50",
        "201806": "25.50",
        "201807": "25.20",
        "201808": "25.11",
        "201809": "24.54",
        "201810": "24.52",
        "201811": "24.35",
        "201812": "24.55",
        "201901": "24.54",
        "201902": "24.15",
        "201903": "24.04",
        "201904": "24.04",
        "201905": "23.95",
        "201906": "24.11",
        "201907": "24.14",
        "201908": "23.29",
        "201909": "22.83",
        "201910": "22.98",
        "201911": "23.21",
        "201912": "23.67",
        "202001": "24.23",
        "202002": "23.75",
        "202003": "22.71",
        "202004": "22.00",
        "202005": "22.64",
        "202006": "23.98",
        "202007": "25.14",
        "202008": "24.01",
        "202009": "23.69",
        "202010": "23.84",
        "202011": "24.21",
        "202012": "24.67",
        "202101": "24.02",
        "202102": "23.63",
        "202103": "27.64",
        "202104": "35.12",
        "202105": "29.95",
        "202106": "29.07",
        "202107": "28.91",
        "202108": "25.80",
        "202109": "26.14",
        "202110": "25.20",
        "202111": "25.12",
        "202112": "25.22",
        "202201": "25.57",
        "202202": "25.19",
        "202203": "25.12",
        "202204": "24.76",
        "202205": "23.77",
        "202206": "23.77",
        "202207": "23.74",
        "202208": "23.85",
        "202209": "23.90",
        "202210": "23.33",
        "202211": "23.42",
        "202212": "23.55",
        "202301": "23.69",
        "202302": "24.55",
        "202303": "25.00",
        "202304": "24.91",
        "202305": "25.84",
        "202306": "28.93",
        "202307": "26.11",
        "202308": "25.59",
        "202309": "26.20",
        "202310": "26.81"
    },
    "quarters": {
        "20011": {
            "year_quarter": 20011,
            "year": 2001,
            "quarter": 1,
            "eps": 0.11,
            "eps_growth_year": 0,
            "eps_4q": 0.19,
            "eps_4q_growth_year": -32.7,
            "roe": 1.06,
            "roe_4q": 1.06,
            "gross_profit": 34364,
            "gross_margin": 14.95,
            "gross_margin_4q_avg": 14.95,
            "net_income": 8392,
            "net_income_4q": null,
            "revenue": 229861,
            "revenue_4q": null,
            "common_shares": 730433,
            "book_valuer_per_share": 10.87,
            "book_valuer_per_share_4q_avg": 10.87,
            "equity": 793676,
            "current_ratio": 417.6,
            "debt_ratio": 16.97,
            "inventory_turnover_ratio": 31.07,
            "account_receivable_turnover_ratio": null,
            "reinvestment_rate": null,
            "research_to_sale_ratio": null,
            "price_fair": 0,
            "eps_avg_yearly": 0,
            "eps_latest_yearly": 0,
            "eps_growth_yearly": 0
        },
        "20012": {
            "year_quarter": 20012,
            "year": 2001,
            "quarter": 2,
            "eps": 0.06,
            "eps_growth_year": 20,
            "eps_4q": 0.2,
            "eps_4q_growth_year": -19.86,
            "roe": 0.6,
            "roe_4q": 1.6600000000000001,
            "gross_profit": 31871,
            "gross_margin": 16.59,
            "gross_margin_4q_avg": 15.77,
            "net_income": 4734,
            "net_income_4q": null,
            "revenue": 192059,
            "revenue_4q": null,
            "common_shares": 730433,
            "book_valuer_per_share": 10.75,
            "book_valuer_per_share_4q_avg": 10.81,
            "equity": 785549,
            "current_ratio": 327.03,
            "debt_ratio": 18.72,
            "inventory_turnover_ratio": 26.88,
            "account_receivable_turnover_ratio": null,
            "reinvestment_rate": null,
            "research_to_sale_ratio": null,
            "price_fair": 0,
            "eps_avg_yearly": 0,
            "eps_latest_yearly": 0,
            "eps_growth_yearly": 0
        },
        "20013": {
            "year_quarter": 20013,
            "year": 2001,
            "quarter": 3,
            "eps": 0.01,
            "eps_growth_year": -80,
            "eps_4q": 0.18,
            "eps_4q_growth_year": -10,
            "roe": 0.09,
            "roe_4q": 1.75,
            "gross_profit": 32255,
            "gross_margin": 15.73,
            "gross_margin_4q_avg": 15.76,
            "net_income": 704,
            "net_income_4q": null,
            "revenue": 205070,
            "revenue_4q": null,
            "common_shares": 730433,
            "book_valuer_per_share": 10.76,
            "book_valuer_per_share_4q_avg": 10.79,
            "equity": 786253,
            "current_ratio": 343.39,
            "debt_ratio": 18.55,
            "inventory_turnover_ratio": 30.82,
            "account_receivable_turnover_ratio": null,
            "reinvestment_rate": null,
            "research_to_sale_ratio": null,
            "price_fair": 0,
            "eps_avg_yearly": 0,
            "eps_latest_yearly": 0,
            "eps_growth_yearly": 0
        },
        "20014": {
            "year_quarter": 20014,
            "year": 2001,
            "quarter": 4,
            "eps": 0.08,
            "eps_growth_year": null,
            "eps_4q": 0.26,
            "eps_4q_growth_year": 44.59,
            "roe": 0.78,
            "roe_4q": 2.5300000000000002,
            "gross_profit": 31428,
            "gross_margin": 16.41,
            "gross_margin_4q_avg": 15.92,
            "net_income": 6138,
            "net_income_4q": null,
            "revenue": 191564,
            "revenue_4q": null,
            "common_shares": 730433,
            "book_valuer_per_share": 10.85,
            "book_valuer_per_share_4q_avg": 10.81,
            "equity": 792391,
            "current_ratio": 369.51,
            "debt_ratio": 18.6,
            "inventory_turnover_ratio": 21.7,
            "account_receivable_turnover_ratio": null,
            "reinvestment_rate": null,
            "research_to_sale_ratio": null,
            "price_fair": 0,
            "eps_avg_yearly": 0,
            "eps_latest_yearly": 0,
            "eps_growth_yearly": 0
        },
        "20021": {
            "year_quarter": 20021,
            "year": 2002,
            "quarter": 1,
            "eps": 0.07,
            "eps_growth_year": -36.36,
            "eps_4q": 0.22,
            "eps_4q_growth_year": 18.68,
            "roe": 0.67,
            "roe_4q": 2.14,
            "gross_profit": 31376,
            "gross_margin": 16.33,
            "gross_margin_4q_avg": 16.27,
            "net_income": 5289,
            "net_income_4q": null,
            "revenue": 192113,
            "revenue_4q": null,
            "common_shares": 730433,
            "book_valuer_per_share": 10.92,
            "book_valuer_per_share_4q_avg": 10.82,
            "equity": 797680,
            "current_ratio": 483.19,
            "debt_ratio": 17.14,
            "inventory_turnover_ratio": 20.24,
            "account_receivable_turnover_ratio": null,
            "reinvestment_rate": null,
            "research_to_sale_ratio": null,
            "price_fair": 0.84,
            "eps_avg_yearly": 0.28,
            "eps_latest_yearly": 0.28,
            "eps_growth_yearly": -50
        },
        "20022": {
            "year_quarter": 20022,
            "year": 2002,
            "quarter": 2,
            "eps": 0.03,
            "eps_growth_year": -50,
            "eps_4q": 0.21,
            "eps_4q_growth_year": 6.9,
            "roe": 0.25,
            "roe_4q": 1.7900000000000003,
            "gross_profit": 29580,
            "gross_margin": 17.6,
            "gross_margin_4q_avg": 16.52,
            "net_income": 1973,
            "net_income_4q": null,
            "revenue": 168051,
            "revenue_4q": null,
            "common_shares": 730433,
            "book_valuer_per_share": 10.7,
            "book_valuer_per_share_4q_avg": 10.81,
            "equity": 781682,
            "current_ratio": 362.14,
            "debt_ratio": 18.99,
            "inventory_turnover_ratio": 24.18,
            "account_receivable_turnover_ratio": null,
            "reinvestment_rate": null,
            "research_to_sale_ratio": null,
            "price_fair": 0.6,
            "eps_avg_yearly": 0.2,
            "eps_latest_yearly": 0.12,
            "eps_growth_yearly": -139.29
        },
        "20023": {
            "year_quarter": 20023,
            "year": 2002,
            "quarter": 3,
            "eps": 0.01,
            "eps_growth_year": 0,
            "eps_4q": 0.19,
            "eps_4q_growth_year": 8.82,
            "roe": 0.1,
            "roe_4q": 1.8,
            "gross_profit": 29151,
            "gross_margin": 16.62,
            "gross_margin_4q_avg": 16.74,
            "net_income": 777,
            "net_income_4q": null,
            "revenue": 175377,
            "revenue_4q": null,
            "common_shares": 730433,
            "book_valuer_per_share": 10.71,
            "book_valuer_per_share_4q_avg": 10.8,
            "equity": 782459,
            "current_ratio": 400.78,
            "debt_ratio": 19.55,
            "inventory_turnover_ratio": 26.32,
            "account_receivable_turnover_ratio": null,
            "reinvestment_rate": null,
            "research_to_sale_ratio": null,
            "price_fair": 0.44,
            "eps_avg_yearly": 0.15,
            "eps_latest_yearly": 0.04,
            "eps_growth_yearly": -181.75
        },
        "20024": {
            "year_quarter": 20024,
            "year": 2002,
            "quarter": 4,
            "eps": -0.06,
            "eps_growth_year": -175,
            "eps_4q": 0.05,
            "eps_4q_growth_year": -80.79,
            "roe": -0.55,
            "roe_4q": 0.47,
            "gross_profit": 26037,
            "gross_margin": 17.87,
            "gross_margin_4q_avg": 17.11,
            "net_income": -4300,
            "net_income_4q": null,
            "revenue": 145698,
            "revenue_4q": null,
            "common_shares": 730433,
            "book_valuer_per_share": 10.6,
            "book_valuer_per_share_4q_avg": 10.73,
            "equity": 774135,
            "current_ratio": 469.31,
            "debt_ratio": 19.28,
            "inventory_turnover_ratio": 16.91,
            "account_receivable_turnover_ratio": null,
            "reinvestment_rate": -171.46,
            "research_to_sale_ratio": null,
            "price_fair": 0.44,
            "eps_avg_yearly": 0.15,
            "eps_latest_yearly": 0.04,
            "eps_growth_yearly": -181.75
        },
        "20031": {
            "year_quarter": 20031,
            "year": 2003,
            "quarter": 1,
            "eps": 0.06,
            "eps_growth_year": -14.29,
            "eps_4q": 0.04,
            "eps_4q_growth_year": -83.46,
            "roe": 0.52,
            "roe_4q": 0.31999999999999995,
            "gross_profit": 31455,
            "gross_margin": 16.32,
            "gross_margin_4q_avg": 17.1,
            "net_income": 4028,
            "net_income_4q": null,
            "revenue": 192735,
            "revenue_4q": null,
            "common_shares": 730433,
            "book_valuer_per_share": 10.65,
            "book_valuer_per_share_4q_avg": 10.67,
            "equity": 778163,
            "current_ratio": 486.07,
            "debt_ratio": 19.34,
            "inventory_turnover_ratio": 20.75,
            "account_receivable_turnover_ratio": null,
            "reinvestment_rate": -175.25,
            "research_to_sale_ratio": null,
            "price_fair": 0.44,
            "eps_avg_yearly": 0.15,
            "eps_latest_yearly": 0.04,
            "eps_growth_yearly": -181.75
        },
        "20032": {
            "year_quarter": 20032,
            "year": 2003,
            "quarter": 2,
            "eps": 0.01,
            "eps_growth_year": -66.67,
            "eps_4q": 0.02,
            "eps_4q_growth_year": -92.03,
            "roe": 0.1,
            "roe_4q": 0.16999999999999996,
            "gross_profit": 27631,
            "gross_margin": 17.3,
            "gross_margin_4q_avg": 17.03,
            "net_income": 744,
            "net_income_4q": null,
            "revenue": 159727,
            "revenue_4q": null,
            "common_shares": 730433,
            "book_valuer_per_share": 10.66,
            "book_valuer_per_share_4q_avg": 10.66,
            "equity": 778907,
            "current_ratio": 503.19,
            "debt_ratio": 19.17,
            "inventory_turnover_ratio": 19.78,
            "account_receivable_turnover_ratio": null,
            "reinvestment_rate": -191.8,
            "research_to_sale_ratio": null,
            "price_fair": 0.36,
            "eps_avg_yearly": 0.12,
            "eps_latest_yearly": 0.04,
            "eps_growth_yearly": -219.64
        },
        "20033": {
            "year_quarter": 20033,
            "year": 2003,
            "quarter": 3,
            "eps": 0.04,
            "eps_growth_year": 300,
            "eps_4q": 0.05,
            "eps_4q_growth_year": -76.1,
            "roe": 0.38,
            "roe_4q": 0.44999999999999996,
            "gross_profit": 31142,
            "gross_margin": 15.25,
            "gross_margin_4q_avg": 16.69,
            "net_income": 2955,
            "net_income_4q": null,
            "revenue": 204256,
            "revenue_4q": null,
            "common_shares": 730433,
            "book_valuer_per_share": 10.7,
            "book_valuer_per_share_4q_avg": 10.65,
            "equity": 781862,
            "current_ratio": 453.09,
            "debt_ratio": 20.12,
            "inventory_turnover_ratio": 28.64,
            "account_receivable_turnover_ratio": null,
            "reinvestment_rate": -204.07,
            "research_to_sale_ratio": null,
            "price_fair": 4.48,
            "eps_avg_yearly": 0.13,
            "eps_latest_yearly": 0.16,
            "eps_growth_yearly": 64.29
        },
        "20034": {
            "year_quarter": 20034,
            "year": 2003,
            "quarter": 4,
            "eps": 0.02,
            "eps_growth_year": null,
            "eps_4q": 0.13,
            "eps_4q_growth_year": 167.1,
            "roe": 0.17,
            "roe_4q": 1.17,
            "gross_profit": 30413,
            "gross_margin": 15.45,
            "gross_margin_4q_avg": 16.08,
            "net_income": 1361,
            "net_income_4q": null,
            "revenue": 196796,
            "revenue_4q": null,
            "common_shares": 730433,
            "book_valuer_per_share": 10.72,
            "book_valuer_per_share_4q_avg": 10.68,
            "equity": 782749,
            "current_ratio": 418.72,
            "debt_ratio": 20.25,
            "inventory_turnover_ratio": 24.87,
            "account_receivable_turnover_ratio": null,
            "reinvestment_rate": -195.92,
            "research_to_sale_ratio": null,
            "price_fair": 3.63,
            "eps_avg_yearly": 0.12,
            "eps_latest_yearly": 0.08,
            "eps_growth_yearly": 20.24
        },
        "20041": {
            "year_quarter": 20041,
            "year": 2004,
            "quarter": 1,
            "eps": 0.05,
            "eps_growth_year": -16.67,
            "eps_4q": 0.12,
            "eps_4q_growth_year": 217.51,
            "roe": 0.48,
            "roe_4q": 1.1300000000000001,
            "gross_profit": 28964,
            "gross_margin": 15.02,
            "gross_margin_4q_avg": 15.76,
            "net_income": 3765,
            "net_income_4q": null,
            "revenue": 192799,
            "revenue_4q": null,
            "common_shares": 730433,
            "book_valuer_per_share": 10.77,
            "book_valuer_per_share_4q_avg": 10.71,
            "equity": 786514,
            "current_ratio": 501.49,
            "debt_ratio": 19.23,
            "inventory_turnover_ratio": 23.2,
            "account_receivable_turnover_ratio": null,
            "reinvestment_rate": -210.58,
            "research_to_sale_ratio": null,
            "price_fair": 4.6,
            "eps_avg_yearly": 0.13,
            "eps_latest_yearly": 0.2,
            "eps_growth_yearly": 103.06
        },
        "20042": {
            "year_quarter": 20042,
            "year": 2004,
            "quarter": 2,
            "eps": 0.01,
            "eps_growth_year": 0,
            "eps_4q": 0.12,
            "eps_4q_growth_year": 605.87,
            "roe": 0.09,
            "roe_4q": 1.12,
            "gross_profit": 28736,
            "gross_margin": 15.36,
            "gross_margin_4q_avg": 15.27,
            "net_income": 735,
            "net_income_4q": null,
            "revenue": 187072,
            "revenue_4q": null,
            "common_shares": 730433,
            "book_valuer_per_share": 10.78,
            "book_valuer_per_share_4q_avg": 10.74,
            "equity": 787249,
            "current_ratio": 509.27,
            "debt_ratio": 19.26,
            "inventory_turnover_ratio": 23.16,
            "account_receivable_turnover_ratio": null,
            "reinvestment_rate": -219.33,
            "research_to_sale_ratio": null,
            "price_fair": 4.2,
            "eps_avg_yearly": 0.12,
            "eps_latest_yearly": 0.04,
            "eps_growth_yearly": 50.18
        },
        "20043": {
            "year_quarter": 20043,
            "year": 2004,
            "quarter": 3,
            "eps": 0.03,
            "eps_growth_year": -25,
            "eps_4q": 0.11,
            "eps_4q_growth_year": 137.98,
            "roe": 0.28,
            "roe_4q": 1.02,
            "gross_profit": 27937,
            "gross_margin": 14.22,
            "gross_margin_4q_avg": 15.01,
            "net_income": 2187,
            "net_income_4q": null,
            "revenue": 196414,
            "revenue_4q": null,
            "common_shares": 730433,
            "book_valuer_per_share": 10.81,
            "book_valuer_per_share_4q_avg": 10.77,
            "equity": 789436,
            "current_ratio": 489.53,
            "debt_ratio": 19.64,
            "inventory_turnover_ratio": 24.94,
            "account_receivable_turnover_ratio": null,
            "reinvestment_rate": -223.11,
            "research_to_sale_ratio": null,
            "price_fair": 4.2,
            "eps_avg_yearly": 0.12,
            "eps_latest_yearly": 0.12,
            "eps_growth_yearly": 133.49
        },
        "20044": {
            "year_quarter": 20044,
            "year": 2004,
            "quarter": 4,
            "eps": 0.05,
            "eps_growth_year": 150,
            "eps_4q": 0.14,
            "eps_4q_growth_year": 4.7,
            "roe": 0.47,
            "roe_4q": 1.3199999999999998,
            "gross_profit": 31219,
            "gross_margin": 15.42,
            "gross_margin_4q_avg": 15.01,
            "net_income": 3722,
            "net_income_4q": null,
            "revenue": 202437,
            "revenue_4q": null,
            "common_shares": 730433,
            "book_valuer_per_share": 10.87,
            "book_valuer_per_share_4q_avg": 10.81,
            "equity": 793969,
            "current_ratio": 508.04,
            "debt_ratio": 19.29,
            "inventory_turnover_ratio": 26.22,
            "account_receivable_turnover_ratio": null,
            "reinvestment_rate": -197.85,
            "research_to_sale_ratio": null,
            "price_fair": 4.48,
            "eps_avg_yearly": 0.13,
            "eps_latest_yearly": 0.2,
            "eps_growth_yearly": 146.81
        },
        "20051": {
            "year_quarter": 20051,
            "year": 2005,
            "quarter": 1,
            "eps": 0.06,
            "eps_growth_year": 20,
            "eps_4q": 0.15,
            "eps_4q_growth_year": 26.8,
            "roe": 0.56,
            "roe_4q": 1.4000000000000001,
            "gross_profit": 29505,
            "gross_margin": 15.31,
            "gross_margin_4q_avg": 15.08,
            "net_income": 4499,
            "net_income_4q": null,
            "revenue": 192731,
            "revenue_4q": null,
            "common_shares": 730433,
            "book_valuer_per_share": 11.3,
            "book_valuer_per_share_4q_avg": 10.94,
            "equity": 825665,
            "current_ratio": 581.19,
            "debt_ratio": 15.85,
            "inventory_turnover_ratio": 25.74,
            "account_receivable_turnover_ratio": null,
            "reinvestment_rate": -213.13,
            "research_to_sale_ratio": null,
            "price_fair": 4.84,
            "eps_avg_yearly": 0.14,
            "eps_latest_yearly": 0.24,
            "eps_growth_yearly": 140.74
        },
        "20052": {
            "year_quarter": 20052,
            "year": 2005,
            "quarter": 2,
            "eps": 0.07,
            "eps_growth_year": 600,
            "eps_4q": 0.22,
            "eps_4q_growth_year": 79.87,
            "roe": 0.6,
            "roe_4q": 1.9100000000000001,
            "gross_profit": 28922,
            "gross_margin": 16.95,
            "gross_margin_4q_avg": 15.48,
            "net_income": 4953,
            "net_income_4q": null,
            "revenue": 170667,
            "revenue_4q": null,
            "common_shares": 730433,
            "book_valuer_per_share": 11.14,
            "book_valuer_per_share_4q_avg": 11.03,
            "equity": 813431,
            "current_ratio": 459.36,
            "debt_ratio": 17.35,
            "inventory_turnover_ratio": 21.47,
            "account_receivable_turnover_ratio": null,
            "reinvestment_rate": -206.3,
            "research_to_sale_ratio": null,
            "price_fair": 5.25,
            "eps_avg_yearly": 0.15,
            "eps_latest_yearly": 0.28,
            "eps_growth_yearly": 134.56
        },
        "20053": {
            "year_quarter": 20053,
            "year": 2005,
            "quarter": 3,
            "eps": 0.05,
            "eps_growth_year": 66.67,
            "eps_4q": 0.21,
            "eps_4q_growth_year": 94.53,
            "roe": 0.49,
            "roe_4q": 2.12,
            "gross_profit": 28287,
            "gross_margin": 16.21,
            "gross_margin_4q_avg": 15.97,
            "net_income": 3998,
            "net_income_4q": null,
            "revenue": 174507,
            "revenue_4q": null,
            "common_shares": 730433,
            "book_valuer_per_share": 11.19,
            "book_valuer_per_share_4q_avg": 11.13,
            "equity": 817429,
            "current_ratio": 581.52,
            "debt_ratio": 15.91,
            "inventory_turnover_ratio": 21.83,
            "account_receivable_turnover_ratio": null,
            "reinvestment_rate": -185.63,
            "research_to_sale_ratio": null,
            "price_fair": 5.38,
            "eps_avg_yearly": 0.15,
            "eps_latest_yearly": 0.2,
            "eps_growth_yearly": 115.42
        },
        "20054": {
            "year_quarter": 20054,
            "year": 2005,
            "quarter": 4,
            "eps": 0.07,
            "eps_growth_year": 40,
            "eps_4q": 0.26,
            "eps_4q_growth_year": 83.87,
            "roe": 0.61,
            "roe_4q": 2.2600000000000002,
            "gross_profit": 29626,
            "gross_margin": 16.17,
            "gross_margin_4q_avg": 16.16,
            "net_income": 5032,
            "net_income_4q": null,
            "revenue": 183237,
            "revenue_4q": null,
            "common_shares": 730433,
            "book_valuer_per_share": 11.26,
            "book_valuer_per_share_4q_avg": 11.22,
            "equity": 822771,
            "current_ratio": 513.54,
            "debt_ratio": 16.16,
            "inventory_turnover_ratio": 21.44,
            "account_receivable_turnover_ratio": null,
            "reinvestment_rate": -185.84,
            "research_to_sale_ratio": null,
            "price_fair": 5.7,
            "eps_avg_yearly": 0.16,
            "eps_latest_yearly": 0.28,
            "eps_growth_yearly": 118.61
        },
        "20061": {
            "year_quarter": 20061,
            "year": 2006,
            "quarter": 1,
            "eps": 0.07,
            "eps_growth_year": 16.67,
            "eps_4q": 0.26,
            "eps_4q_growth_year": 72.37,
            "roe": 0.64,
            "roe_4q": 2.34,
            "gross_profit": 28644,
            "gross_margin": 16.24,
            "gross_margin_4q_avg": 16.39,
            "net_income": 5258,
            "net_income_4q": null,
            "revenue": 176358,
            "revenue_4q": null,
            "common_shares": 730433,
            "book_valuer_per_share": 11.34,
            "book_valuer_per_share_4q_avg": 11.23,
            "equity": 828029,
            "current_ratio": 595.56,
            "debt_ratio": 15.33,
            "inventory_turnover_ratio": 19.75,
            "account_receivable_turnover_ratio": null,
            "reinvestment_rate": -178.82,
            "research_to_sale_ratio": null,
            "price_fair": 5.7,
            "eps_avg_yearly": 0.16,
            "eps_latest_yearly": 0.28,
            "eps_growth_yearly": 122.18
        },
        "20062": {
            "year_quarter": 20062,
            "year": 2006,
            "quarter": 2,
            "eps": -0.14,
            "eps_growth_year": -300,
            "eps_4q": 0.05,
            "eps_4q_growth_year": -75.97,
            "roe": -1.29,
            "roe_4q": 0.44999999999999996,
            "gross_profit": 26880,
            "gross_margin": 17.35,
            "gross_margin_4q_avg": 16.49,
            "net_income": -10478,
            "net_income_4q": null,
            "revenue": 154912,
            "revenue_4q": null,
            "common_shares": 730433,
            "book_valuer_per_share": 10.97,
            "book_valuer_per_share_4q_avg": 11.19,
            "equity": 801263,
            "current_ratio": 391.31,
            "debt_ratio": 18.02,
            "inventory_turnover_ratio": 18.35,
            "account_receivable_turnover_ratio": null,
            "reinvestment_rate": -244.76,
            "research_to_sale_ratio": null,
            "price_fair": 5.82,
            "eps_avg_yearly": 0.17,
            "eps_latest_yearly": 0.28,
            "eps_growth_yearly": 149.16
        },
        "20063": {
            "year_quarter": 20063,
            "year": 2006,
            "quarter": 3,
            "eps": 0.06,
            "eps_growth_year": 20,
            "eps_4q": 0.06,
            "eps_4q_growth_year": -73.24,
            "roe": 0.56,
            "roe_4q": 0.52,
            "gross_profit": 25568,
            "gross_margin": 16.3,
            "gross_margin_4q_avg": 16.52,
            "net_income": 4475,
            "net_income_4q": null,
            "revenue": 156884,
            "revenue_4q": null,
            "common_shares": 730433,
            "book_valuer_per_share": 11.03,
            "book_valuer_per_share_4q_avg": 11.15,
            "equity": 805738,
            "current_ratio": 392.87,
            "debt_ratio": 18.52,
            "inventory_turnover_ratio": 19.07,
            "account_receivable_turnover_ratio": null,
            "reinvestment_rate": -204.49,
            "research_to_sale_ratio": null,
            "price_fair": 6.18,
            "eps_avg_yearly": 0.18,
            "eps_latest_yearly": 0.28,
            "eps_growth_yearly": 183.81
        },
        "20064": {
            "year_quarter": 20064,
            "year": 2006,
            "quarter": 4,
            "eps": 0.07,
            "eps_growth_year": 0,
            "eps_4q": 0.06,
            "eps_4q_growth_year": -76.9,
            "roe": 0.61,
            "roe_4q": 0.5199999999999999,
            "gross_profit": 26972,
            "gross_margin": 17.24,
            "gross_margin_4q_avg": 16.78,
            "net_income": 4916,
            "net_income_4q": null,
            "revenue": 156494,
            "revenue_4q": null,
            "common_shares": 730433,
            "book_valuer_per_share": 11.07,
            "book_valuer_per_share_4q_avg": 11.1,
            "equity": 808748,
            "current_ratio": 481.54,
            "debt_ratio": 16.99,
            "inventory_turnover_ratio": 26.35,
            "account_receivable_turnover_ratio": null,
            "reinvestment_rate": -147.73,
            "research_to_sale_ratio": null,
            "price_fair": 6.46,
            "eps_avg_yearly": 0.18,
            "eps_latest_yearly": 0.28,
            "eps_growth_yearly": 174.8
        },
        "20071": {
            "year_quarter": 20071,
            "year": 2007,
            "quarter": 1,
            "eps": -0.02,
            "eps_growth_year": -128.57,
            "eps_4q": -0.03,
            "eps_4q_growth_year": -113.6,
            "roe": -0.18,
            "roe_4q": -0.30000000000000004,
            "gross_profit": 17849,
            "gross_margin": 17.87,
            "gross_margin_4q_avg": 17.19,
            "net_income": -1465,
            "net_income_4q": null,
            "revenue": 99909,
            "revenue_4q": null,
            "common_shares": 730433,
            "book_valuer_per_share": 11.05,
            "book_valuer_per_share_4q_avg": 11.03,
            "equity": 807283,
            "current_ratio": 777.87,
            "debt_ratio": 13.79,
            "inventory_turnover_ratio": 26.95,
            "account_receivable_turnover_ratio": null,
            "reinvestment_rate": 24.91,
            "research_to_sale_ratio": null,
            "price_fair": 6.46,
            "eps_avg_yearly": 0.18,
            "eps_latest_yearly": 0.28,
            "eps_growth_yearly": 174.8
        },
        "20072": {
            "year_quarter": 20072,
            "year": 2007,
            "quarter": 2,
            "eps": 0.11,
            "eps_growth_year": null,
            "eps_4q": 0.22,
            "eps_4q_growth_year": 322.52,
            "roe": 0.97,
            "roe_4q": 1.96,
            "gross_profit": 31320,
            "gross_margin": 19.04,
            "gross_margin_4q_avg": 17.61,
            "net_income": 7898,
            "net_income_4q": null,
            "revenue": 164510,
            "revenue_4q": null,
            "common_shares": 730433,
            "book_valuer_per_share": 11.16,
            "book_valuer_per_share_4q_avg": 11.08,
            "equity": 815181,
            "current_ratio": 461.75,
            "debt_ratio": 15.44,
            "inventory_turnover_ratio": 32.63,
            "account_receivable_turnover_ratio": null,
            "reinvestment_rate": 112.99,
            "research_to_sale_ratio": null,
            "price_fair": 6.88,
            "eps_avg_yearly": 0.2,
            "eps_latest_yearly": 0.28,
            "eps_growth_yearly": 217.14
        },
        "20073": {
            "year_quarter": 20073,
            "year": 2007,
            "quarter": 3,
            "eps": 0,
            "eps_growth_year": -100,
            "eps_4q": 0.16,
            "eps_4q_growth_year": 177.82,
            "roe": 0.04,
            "roe_4q": 1.44,
            "gross_profit": 29195,
            "gross_margin": 16.13,
            "gross_margin_4q_avg": 17.57,
            "net_income": 315,
            "net_income_4q": null,
            "revenue": 181012,
            "revenue_4q": null,
            "common_shares": 730433,
            "book_valuer_per_share": 11.16,
            "book_valuer_per_share_4q_avg": 11.11,
            "equity": 815496,
            "current_ratio": 383.23,
            "debt_ratio": 16.31,
            "inventory_turnover_ratio": 34.98,
            "account_receivable_turnover_ratio": null,
            "reinvestment_rate": 136.82,
            "research_to_sale_ratio": null,
            "price_fair": 7,
            "eps_avg_yearly": 0.2,
            "eps_latest_yearly": 0.28,
            "eps_growth_yearly": 127.79
        },
        "20074": {
            "year_quarter": 20074,
            "year": 2007,
            "quarter": 4,
            "eps": 0.08,
            "eps_growth_year": 14.29,
            "eps_4q": 0.18,
            "eps_4q_growth_year": 197.74,
            "roe": 0.68,
            "roe_4q": 1.51,
            "gross_profit": 30585,
            "gross_margin": 17.22,
            "gross_margin_4q_avg": 17.57,
            "net_income": 5575,
            "net_income_4q": null,
            "revenue": 177588,
            "revenue_4q": null,
            "common_shares": 730433,
            "book_valuer_per_share": 11.25,
            "book_valuer_per_share_4q_avg": 11.16,
            "equity": 821761,
            "current_ratio": 336.84,
            "debt_ratio": 16.38,
            "inventory_turnover_ratio": 38.98,
            "account_receivable_turnover_ratio": null,
            "reinvestment_rate": 144.05,
            "research_to_sale_ratio": null,
            "price_fair": 7.42,
            "eps_avg_yearly": 0.21,
            "eps_latest_yearly": 0.28,
            "eps_growth_yearly": 160.57
        },
        "20081": {
            "year_quarter": 20081,
            "year": 2008,
            "quarter": 1,
            "eps": 0.09,
            "eps_growth_year": null,
            "eps_4q": 0.29,
            "eps_4q_growth_year": null,
            "roe": 0.76,
            "roe_4q": 2.45,
            "gross_profit": 28758,
            "gross_margin": 16.95,
            "gross_margin_4q_avg": 17.34,
            "net_income": 6240,
            "net_income_4q": null,
            "revenue": 169681,
            "revenue_4q": null,
            "common_shares": 730433,
            "book_valuer_per_share": 11.34,
            "book_valuer_per_share_4q_avg": 11.23,
            "equity": 828001,
            "current_ratio": 526.09,
            "debt_ratio": 14.02,
            "inventory_turnover_ratio": 36.78,
            "account_receivable_turnover_ratio": null,
            "reinvestment_rate": 139.74,
            "research_to_sale_ratio": null,
            "price_fair": 7.98,
            "eps_avg_yearly": 0.23,
            "eps_latest_yearly": 0.36,
            "eps_growth_yearly": 105.57
        },
        "20082": {
            "year_quarter": 20082,
            "year": 2008,
            "quarter": 2,
            "eps": 0.05,
            "eps_growth_year": -54.55,
            "eps_4q": 0.21,
            "eps_4q_growth_year": -5.98,
            "roe": 0.47,
            "roe_4q": 1.9500000000000002,
            "gross_profit": 26982,
            "gross_margin": 17.92,
            "gross_margin_4q_avg": 17.06,
            "net_income": 3858,
            "net_income_4q": null,
            "revenue": 150557,
            "revenue_4q": null,
            "common_shares": 730433,
            "book_valuer_per_share": 11.2,
            "book_valuer_per_share_4q_avg": 11.24,
            "equity": 817724,
            "current_ratio": 418.24,
            "debt_ratio": 16.14,
            "inventory_turnover_ratio": 32.03,
            "account_receivable_turnover_ratio": null,
            "reinvestment_rate": 130.26,
            "research_to_sale_ratio": null,
            "price_fair": 8.54,
            "eps_avg_yearly": 0.24,
            "eps_latest_yearly": 0.2,
            "eps_growth_yearly": 119.79
        },
        "20083": {
            "year_quarter": 20083,
            "year": 2008,
            "quarter": 3,
            "eps": 0.08,
            "eps_growth_year": null,
            "eps_4q": 0.29,
            "eps_4q_growth_year": 80.27,
            "roe": 0.74,
            "roe_4q": 2.65,
            "gross_profit": 28503,
            "gross_margin": 15.86,
            "gross_margin_4q_avg": 16.99,
            "net_income": 6032,
            "net_income_4q": null,
            "revenue": 179681,
            "revenue_4q": null,
            "common_shares": 730433,
            "book_valuer_per_share": 11.26,
            "book_valuer_per_share_4q_avg": 11.26,
            "equity": 822476,
            "current_ratio": 416.45,
            "debt_ratio": 16.35,
            "inventory_turnover_ratio": 43.38,
            "account_receivable_turnover_ratio": null,
            "reinvestment_rate": 121.63,
            "research_to_sale_ratio": null,
            "price_fair": 9.24,
            "eps_avg_yearly": 0.26,
            "eps_latest_yearly": 0.32,
            "eps_growth_yearly": 63.79
        },
        "20084": {
            "year_quarter": 20084,
            "year": 2008,
            "quarter": 4,
            "eps": 0.09,
            "eps_growth_year": 12.5,
            "eps_4q": 0.31,
            "eps_4q_growth_year": 74.66,
            "roe": 0.8,
            "roe_4q": 2.7699999999999996,
            "gross_profit": 30114,
            "gross_margin": 18.08,
            "gross_margin_4q_avg": 17.2,
            "net_income": 6633,
            "net_income_4q": null,
            "revenue": 166556,
            "revenue_4q": null,
            "common_shares": 730433,
            "book_valuer_per_share": 11.37,
            "book_valuer_per_share_4q_avg": 11.29,
            "equity": 830278,
            "current_ratio": 593.08,
            "debt_ratio": 14.38,
            "inventory_turnover_ratio": 42.72,
            "account_receivable_turnover_ratio": 183.03,
            "reinvestment_rate": 115.63,
            "research_to_sale_ratio": null,
            "price_fair": 9.8,
            "eps_avg_yearly": 0.28,
            "eps_latest_yearly": 0.36,
            "eps_growth_yearly": 42.13
        },
        "20091": {
            "year_quarter": 20091,
            "year": 2009,
            "quarter": 1,
            "eps": 0.07,
            "eps_growth_year": -22.22,
            "eps_4q": 0.29,
            "eps_4q_growth_year": 1.08,
            "roe": 0.63,
            "roe_4q": 2.6399999999999997,
            "gross_profit": 29117,
            "gross_margin": 17.16,
            "gross_margin_4q_avg": 17.26,
            "net_income": 5210,
            "net_income_4q": null,
            "revenue": 169705,
            "revenue_4q": null,
            "common_shares": 730433,
            "book_valuer_per_share": 11.45,
            "book_valuer_per_share_4q_avg": 11.32,
            "equity": 836052,
            "current_ratio": 538.03,
            "debt_ratio": 14.94,
            "inventory_turnover_ratio": 49.92,
            "account_receivable_turnover_ratio": 94.75,
            "reinvestment_rate": 112.07,
            "research_to_sale_ratio": null,
            "price_fair": 9.94,
            "eps_avg_yearly": 0.28,
            "eps_latest_yearly": 0.28,
            "eps_growth_yearly": 25.24
        },
        "20092": {
            "year_quarter": 20092,
            "year": 2009,
            "quarter": 2,
            "eps": 0.05,
            "eps_growth_year": 0,
            "eps_4q": 0.29,
            "eps_4q_growth_year": 38.18,
            "roe": 0.46,
            "roe_4q": 2.63,
            "gross_profit": 28598,
            "gross_margin": 18.08,
            "gross_margin_4q_avg": 17.3,
            "net_income": 3782,
            "net_income_4q": null,
            "revenue": 158212,
            "revenue_4q": null,
            "common_shares": 730433,
            "book_valuer_per_share": 11.24,
            "book_valuer_per_share_4q_avg": 11.33,
            "equity": 820741,
            "current_ratio": 398.17,
            "debt_ratio": 16.72,
            "inventory_turnover_ratio": 58.37,
            "account_receivable_turnover_ratio": 49.71,
            "reinvestment_rate": 112.9,
            "research_to_sale_ratio": null,
            "price_fair": 4.73,
            "eps_avg_yearly": 0.28,
            "eps_latest_yearly": 0.2,
            "eps_growth_yearly": 7.14
        },
        "20093": {
            "year_quarter": 20093,
            "year": 2009,
            "quarter": 3,
            "eps": 0.07,
            "eps_growth_year": -12.5,
            "eps_4q": 0.28,
            "eps_4q_growth_year": -3.7,
            "roe": 0.64,
            "roe_4q": 2.5300000000000002,
            "gross_profit": 28888,
            "gross_margin": 17.01,
            "gross_margin_4q_avg": 17.58,
            "net_income": 5278,
            "net_income_4q": null,
            "revenue": 169818,
            "revenue_4q": null,
            "common_shares": 730433,
            "book_valuer_per_share": 11.33,
            "book_valuer_per_share_4q_avg": 11.35,
            "equity": 827662,
            "current_ratio": 591.07,
            "debt_ratio": 14.73,
            "inventory_turnover_ratio": 77.26,
            "account_receivable_turnover_ratio": 37.73,
            "reinvestment_rate": 108.25,
            "research_to_sale_ratio": null,
            "price_fair": 9.94,
            "eps_avg_yearly": 0.28,
            "eps_latest_yearly": 0.28,
            "eps_growth_yearly": 34.57
        },
        "20094": {
            "year_quarter": 20094,
            "year": 2009,
            "quarter": 4,
            "eps": 0.11,
            "eps_growth_year": 22.22,
            "eps_4q": 0.3,
            "eps_4q_growth_year": -2.52,
            "roe": 0.93,
            "roe_4q": 2.66,
            "gross_profit": 30931,
            "gross_margin": 16.73,
            "gross_margin_4q_avg": 17.25,
            "net_income": 7722,
            "net_income_4q": null,
            "revenue": 184934,
            "revenue_4q": null,
            "common_shares": 730433,
            "book_valuer_per_share": 11.43,
            "book_valuer_per_share_4q_avg": 11.36,
            "equity": 835004,
            "current_ratio": 619.96,
            "debt_ratio": 14.16,
            "inventory_turnover_ratio": 75.01,
            "account_receivable_turnover_ratio": 173.48,
            "reinvestment_rate": 101.74,
            "research_to_sale_ratio": null,
            "price_fair": 10.5,
            "eps_avg_yearly": 0.3,
            "eps_latest_yearly": 0.44,
            "eps_growth_yearly": 41.43
        },
        "20101": {
            "year_quarter": 20101,
            "year": 2010,
            "quarter": 1,
            "eps": 0.06,
            "eps_growth_year": -14.29,
            "eps_4q": 0.29,
            "eps_4q_growth_year": -0.39,
            "roe": 0.53,
            "roe_4q": 2.56,
            "gross_profit": 29113,
            "gross_margin": 16.36,
            "gross_margin_4q_avg": 17.05,
            "net_income": 4464,
            "net_income_4q": null,
            "revenue": 177898,
            "revenue_4q": null,
            "common_shares": 730433,
            "book_valuer_per_share": 11.5,
            "book_valuer_per_share_4q_avg": 11.38,
            "equity": 839940,
            "current_ratio": 647.23,
            "debt_ratio": 13.92,
            "inventory_turnover_ratio": 62.86,
            "account_receivable_turnover_ratio": 86.78,
            "reinvestment_rate": 100,
            "research_to_sale_ratio": null,
            "price_fair": 9.84,
            "eps_avg_yearly": 0.3,
            "eps_latest_yearly": 0.24,
            "eps_growth_yearly": 23.25
        },
        "20102": {
            "year_quarter": 20102,
            "year": 2010,
            "quarter": 2,
            "eps": 0.07,
            "eps_growth_year": 41.42,
            "eps_4q": 0.31,
            "eps_4q_growth_year": 8.2,
            "roe": 0.62,
            "roe_4q": 2.72,
            "gross_profit": 28292,
            "gross_margin": 18.52,
            "gross_margin_4q_avg": 17.16,
            "net_income": 5165,
            "net_income_4q": null,
            "revenue": 152732,
            "revenue_4q": null,
            "common_shares": 730433,
            "book_valuer_per_share": 11.25,
            "book_valuer_per_share_4q_avg": 11.38,
            "equity": 821846,
            "current_ratio": 442.87,
            "debt_ratio": 15.82,
            "inventory_turnover_ratio": 53.77,
            "account_receivable_turnover_ratio": 68.03,
            "reinvestment_rate": 76.62,
            "research_to_sale_ratio": null,
            "price_fair": 10.31,
            "eps_avg_yearly": 0.29,
            "eps_latest_yearly": 0.28,
            "eps_growth_yearly": 27.19
        },
        "20103": {
            "year_quarter": 20103,
            "year": 2010,
            "quarter": 3,
            "eps": 0.08,
            "eps_growth_year": 8.43,
            "eps_4q": 0.31,
            "eps_4q_growth_year": 13.06,
            "roe": 0.67,
            "roe_4q": 2.75,
            "gross_profit": 28928,
            "gross_margin": 16.1,
            "gross_margin_4q_avg": 16.93,
            "net_income": 5544,
            "net_income_4q": null,
            "revenue": 179666,
            "revenue_4q": null,
            "common_shares": 730433,
            "book_valuer_per_share": 11.33,
            "book_valuer_per_share_4q_avg": 11.38,
            "equity": 827672,
            "current_ratio": 639.72,
            "debt_ratio": 14.05,
            "inventory_turnover_ratio": 61.88,
            "account_receivable_turnover_ratio": 69.94,
            "reinvestment_rate": 70.61,
            "research_to_sale_ratio": null,
            "price_fair": 10.38,
            "eps_avg_yearly": 0.3,
            "eps_latest_yearly": 0.32,
            "eps_growth_yearly": 29.69
        },
        "20104": {
            "year_quarter": 20104,
            "year": 2010,
            "quarter": 4,
            "eps": 0.06,
            "eps_growth_year": -45.06,
            "eps_4q": 0.27,
            "eps_4q_growth_year": -10.94,
            "roe": 0.53,
            "roe_4q": 2.3500000000000005,
            "gross_profit": 29644,
            "gross_margin": 16.58,
            "gross_margin_4q_avg": 16.89,
            "net_income": 4414,
            "net_income_4q": null,
            "revenue": 178786,
            "revenue_4q": null,
            "common_shares": 730433,
            "book_valuer_per_share": 11.4,
            "book_valuer_per_share_4q_avg": 11.37,
            "equity": 832847,
            "current_ratio": 697.91,
            "debt_ratio": 13.66,
            "inventory_turnover_ratio": 58.97,
            "account_receivable_turnover_ratio": 78.86,
            "reinvestment_rate": 63.48,
            "research_to_sale_ratio": null,
            "price_fair": 7.57,
            "eps_avg_yearly": 0.29,
            "eps_latest_yearly": 0.24,
            "eps_growth_yearly": 15.8
        },
        "20111": {
            "year_quarter": 20111,
            "year": 2011,
            "quarter": 1,
            "eps": 0.08,
            "eps_growth_year": 33.33,
            "eps_4q": 0.28,
            "eps_4q_growth_year": -2.28,
            "roe": 0.67,
            "roe_4q": 2.49,
            "gross_profit": 29018,
            "gross_margin": 15.27,
            "gross_margin_4q_avg": 16.62,
            "net_income": 5638,
            "net_income_4q": null,
            "revenue": 190058,
            "revenue_4q": null,
            "common_shares": 730433,
            "book_valuer_per_share": 11.48,
            "book_valuer_per_share_4q_avg": 11.37,
            "equity": 838264,
            "current_ratio": 732.16,
            "debt_ratio": 13.57,
            "inventory_turnover_ratio": 57.1,
            "account_receivable_turnover_ratio": 130.98,
            "reinvestment_rate": -26.32,
            "research_to_sale_ratio": null,
            "price_fair": 10.29,
            "eps_avg_yearly": 0.3,
            "eps_latest_yearly": 0.32,
            "eps_growth_yearly": 24.84
        },
        "20112": {
            "year_quarter": 20112,
            "year": 2011,
            "quarter": 2,
            "eps": 0.07,
            "eps_growth_year": 4.63,
            "eps_4q": 0.29,
            "eps_4q_growth_year": -7.2,
            "roe": 0.65,
            "roe_4q": 2.52,
            "gross_profit": 28977,
            "gross_margin": 14.78,
            "gross_margin_4q_avg": 15.68,
            "net_income": 5404,
            "net_income_4q": null,
            "revenue": 196119,
            "revenue_4q": null,
            "common_shares": 730433,
            "book_valuer_per_share": 11.29,
            "book_valuer_per_share_4q_avg": 11.38,
            "equity": 824529,
            "current_ratio": 483.58,
            "debt_ratio": 15.7,
            "inventory_turnover_ratio": 60.5,
            "account_receivable_turnover_ratio": 162.22,
            "reinvestment_rate": -76.57,
            "research_to_sale_ratio": null,
            "price_fair": 8.68,
            "eps_avg_yearly": 0.29,
            "eps_latest_yearly": 0.28,
            "eps_growth_yearly": 19.5
        },
        "20113": {
            "year_quarter": 20113,
            "year": 2011,
            "quarter": 3,
            "eps": 0.09,
            "eps_growth_year": 15.84,
            "eps_4q": 0.3,
            "eps_4q_growth_year": -4.44,
            "roe": 0.78,
            "roe_4q": 2.63,
            "gross_profit": 28939,
            "gross_margin": 12.99,
            "gross_margin_4q_avg": 14.91,
            "net_income": 6422,
            "net_income_4q": null,
            "revenue": 222721,
            "revenue_4q": null,
            "common_shares": 730433,
            "book_valuer_per_share": 11.37,
            "book_valuer_per_share_4q_avg": 11.39,
            "equity": 830519,
            "current_ratio": 627.07,
            "debt_ratio": 14.41,
            "inventory_turnover_ratio": 66,
            "account_receivable_turnover_ratio": 141.01,
            "reinvestment_rate": -77.7,
            "research_to_sale_ratio": null,
            "price_fair": 10.45,
            "eps_avg_yearly": 0.3,
            "eps_latest_yearly": 0.36,
            "eps_growth_yearly": 25.82
        },
        "20114": {
            "year_quarter": 20114,
            "year": 2011,
            "quarter": 4,
            "eps": 0.2,
            "eps_growth_year": 234.14,
            "eps_4q": 0.44,
            "eps_4q_growth_year": 64.46,
            "roe": 1.76,
            "roe_4q": 3.86,
            "gross_profit": 42666,
            "gross_margin": 19.84,
            "gross_margin_4q_avg": 15.72,
            "net_income": 14749,
            "net_income_4q": null,
            "revenue": 215035,
            "revenue_4q": null,
            "common_shares": 730433,
            "book_valuer_per_share": 11.56,
            "book_valuer_per_share_4q_avg": 11.43,
            "equity": 844711,
            "current_ratio": 658.51,
            "debt_ratio": 14.28,
            "inventory_turnover_ratio": 52.04,
            "account_receivable_turnover_ratio": 107.65,
            "reinvestment_rate": -78.75,
            "research_to_sale_ratio": null,
            "price_fair": 11.55,
            "eps_avg_yearly": 0.33,
            "eps_latest_yearly": 0.8,
            "eps_growth_yearly": 54.76
        },
        "20121": {
            "year_quarter": 20121,
            "year": 2012,
            "quarter": 1,
            "eps": 0.07,
            "eps_growth_year": -12.5,
            "eps_4q": 0.44,
            "eps_4q_growth_year": 54.09,
            "roe": 0.64,
            "roe_4q": 3.8299999999999996,
            "gross_profit": 29253,
            "gross_margin": 13.63,
            "gross_margin_4q_avg": 15.31,
            "net_income": 5415,
            "net_income_4q": null,
            "revenue": 214567,
            "revenue_4q": null,
            "common_shares": 730433,
            "book_valuer_per_share": 11.64,
            "book_valuer_per_share_4q_avg": 11.47,
            "equity": 850035,
            "current_ratio": 703.3,
            "debt_ratio": 14,
            "inventory_turnover_ratio": 57.06,
            "account_receivable_turnover_ratio": 117.76,
            "reinvestment_rate": -81.06,
            "research_to_sale_ratio": null,
            "price_fair": 11.38,
            "eps_avg_yearly": 0.33,
            "eps_latest_yearly": 0.28,
            "eps_growth_yearly": 35.38
        },
        "20122": {
            "year_quarter": 20122,
            "year": 2012,
            "quarter": 2,
            "eps": 0.08,
            "eps_growth_year": 13.3,
            "eps_4q": 0.45,
            "eps_4q_growth_year": 55.76,
            "roe": 0.73,
            "roe_4q": 3.91,
            "gross_profit": 28024,
            "gross_margin": 14.59,
            "gross_margin_4q_avg": 15.26,
            "net_income": 6123,
            "net_income_4q": null,
            "revenue": 192033,
            "revenue_4q": null,
            "common_shares": 730433,
            "book_valuer_per_share": 11.32,
            "book_valuer_per_share_4q_avg": 11.47,
            "equity": 826936,
            "current_ratio": 466.63,
            "debt_ratio": 16.39,
            "inventory_turnover_ratio": 56.63,
            "account_receivable_turnover_ratio": 89.82,
            "reinvestment_rate": -79.02,
            "research_to_sale_ratio": null,
            "price_fair": 11.64,
            "eps_avg_yearly": 0.33,
            "eps_latest_yearly": 0.32,
            "eps_growth_yearly": 50.06
        },
        "20123": {
            "year_quarter": 20123,
            "year": 2012,
            "quarter": 3,
            "eps": 0.24,
            "eps_growth_year": 171.38,
            "eps_4q": 0.6,
            "eps_4q_growth_year": 99.81,
            "roe": 2.08,
            "roe_4q": 5.21,
            "gross_profit": 45743,
            "gross_margin": 21.79,
            "gross_margin_4q_avg": 17.46,
            "net_income": 17428,
            "net_income_4q": null,
            "revenue": 209950,
            "revenue_4q": null,
            "common_shares": 730433,
            "book_valuer_per_share": 11.57,
            "book_valuer_per_share_4q_avg": 11.52,
            "equity": 844805,
            "current_ratio": 746.27,
            "debt_ratio": 13.92,
            "inventory_turnover_ratio": 56.59,
            "account_receivable_turnover_ratio": 18.36,
            "reinvestment_rate": -71.26,
            "research_to_sale_ratio": null,
            "price_fair": 13.04,
            "eps_avg_yearly": 0.37,
            "eps_latest_yearly": 0.96,
            "eps_growth_yearly": 85.06
        },
        "20124": {
            "year_quarter": 20124,
            "year": 2012,
            "quarter": 4,
            "eps": 0.08,
            "eps_growth_year": -59.8,
            "eps_4q": 0.48,
            "eps_4q_growth_year": 8.33,
            "roe": 0.7,
            "roe_4q": 4.15,
            "gross_profit": 29219,
            "gross_margin": 15.13,
            "gross_margin_4q_avg": 16.29,
            "net_income": 5929,
            "net_income_4q": null,
            "revenue": 193116,
            "revenue_4q": null,
            "common_shares": 730433,
            "book_valuer_per_share": 11.65,
            "book_valuer_per_share_4q_avg": 11.55,
            "equity": 850655,
            "current_ratio": 753.47,
            "debt_ratio": 13.84,
            "inventory_turnover_ratio": 53.97,
            "account_receivable_turnover_ratio": 16.4,
            "reinvestment_rate": -71.62,
            "research_to_sale_ratio": null,
            "price_fair": 12.95,
            "eps_avg_yearly": 0.37,
            "eps_latest_yearly": 0.32,
            "eps_growth_yearly": 65.27
        },
        "20131": {
            "year_quarter": 20131,
            "year": 2013,
            "quarter": 1,
            "eps": 0.09,
            "eps_growth_year": 28.57,
            "eps_4q": 0.49,
            "eps_4q_growth_year": 12.53,
            "roe": 0.76,
            "roe_4q": 4.27,
            "gross_profit": 28703,
            "gross_margin": 84.85,
            "gross_margin_4q_avg": 34.09,
            "net_income": 6518,
            "net_income_4q": null,
            "revenue": 33826,
            "revenue_4q": null,
            "common_shares": 730433,
            "book_valuer_per_share": 11.69,
            "book_valuer_per_share_4q_avg": 11.56,
            "equity": 853702,
            "current_ratio": 761,
            "debt_ratio": 14.4,
            "inventory_turnover_ratio": 1.83,
            "account_receivable_turnover_ratio": 11.63,
            "reinvestment_rate": -222.92,
            "research_to_sale_ratio": null,
            "price_fair": 13.13,
            "eps_avg_yearly": 0.38,
            "eps_latest_yearly": 0.36,
            "eps_growth_yearly": 73.95
        },
        "20132": {
            "year_quarter": 20132,
            "year": 2013,
            "quarter": 2,
            "eps": 0.09,
            "eps_growth_year": 7.36,
            "eps_4q": 0.5,
            "eps_4q_growth_year": 11.22,
            "roe": 0.77,
            "roe_4q": 4.3100000000000005,
            "gross_profit": 29561,
            "gross_margin": 84.68,
            "gross_margin_4q_avg": 51.61,
            "net_income": 6503,
            "net_income_4q": null,
            "revenue": 34910,
            "revenue_4q": null,
            "common_shares": 730433,
            "book_valuer_per_share": 11.35,
            "book_valuer_per_share_4q_avg": 11.57,
            "equity": 828804,
            "current_ratio": 466,
            "debt_ratio": 17.35,
            "inventory_turnover_ratio": 1.75,
            "account_receivable_turnover_ratio": 7.06,
            "reinvestment_rate": -217.27,
            "research_to_sale_ratio": null,
            "price_fair": 13.48,
            "eps_avg_yearly": 0.39,
            "eps_latest_yearly": 0.36,
            "eps_growth_yearly": 81.1
        },
        "20133": {
            "year_quarter": 20133,
            "year": 2013,
            "quarter": 3,
            "eps": 0.23,
            "eps_growth_year": -3.6,
            "eps_4q": 0.49,
            "eps_4q_growth_year": -18.44,
            "roe": 2,
            "roe_4q": 4.23,
            "gross_profit": 42472,
            "gross_margin": 90.84,
            "gross_margin_4q_avg": 68.88,
            "net_income": 16705,
            "net_income_4q": null,
            "revenue": 46753,
            "revenue_4q": null,
            "common_shares": 730433,
            "book_valuer_per_share": 11.58,
            "book_valuer_per_share_4q_avg": 11.57,
            "equity": 845613,
            "current_ratio": 724.21,
            "debt_ratio": 14.57,
            "inventory_turnover_ratio": 1.16,
            "account_receivable_turnover_ratio": 3.82,
            "reinvestment_rate": -196.22,
            "research_to_sale_ratio": null,
            "price_fair": 14.88,
            "eps_avg_yearly": 0.43,
            "eps_latest_yearly": 0.92,
            "eps_growth_yearly": 109.99
        },
        "20134": {
            "year_quarter": 20134,
            "year": 2013,
            "quarter": 4,
            "eps": 0.09,
            "eps_growth_year": 13.34,
            "eps_4q": 0.5,
            "eps_4q_growth_year": 4.44,
            "roe": 0.79,
            "roe_4q": 4.32,
            "gross_profit": 29179,
            "gross_margin": 82.26,
            "gross_margin_4q_avg": 85.66,
            "net_income": 6720,
            "net_income_4q": null,
            "revenue": 35472,
            "revenue_4q": null,
            "common_shares": 730433,
            "book_valuer_per_share": 11.67,
            "book_valuer_per_share_4q_avg": 11.57,
            "equity": 852396,
            "current_ratio": 795.89,
            "debt_ratio": 14.08,
            "inventory_turnover_ratio": 1.74,
            "account_receivable_turnover_ratio": 3.57,
            "reinvestment_rate": -194.55,
            "research_to_sale_ratio": null,
            "price_fair": 14.7,
            "eps_avg_yearly": 0.42,
            "eps_latest_yearly": 0.36,
            "eps_growth_yearly": 80.48
        },
        "20141": {
            "year_quarter": 20141,
            "year": 2014,
            "quarter": 1,
            "eps": 0.08,
            "eps_growth_year": -11.11,
            "eps_4q": 0.49,
            "eps_4q_growth_year": -0.08,
            "roe": 0.71,
            "roe_4q": 4.27,
            "gross_profit": 28654,
            "gross_margin": 86.07,
            "gross_margin_4q_avg": 85.96,
            "net_income": 6042,
            "net_income_4q": null,
            "revenue": 33291,
            "revenue_4q": null,
            "common_shares": 730433,
            "book_valuer_per_share": 11.75,
            "book_valuer_per_share_4q_avg": 11.59,
            "equity": 858347,
            "current_ratio": 845.43,
            "debt_ratio": 13.77,
            "inventory_turnover_ratio": 1.41,
            "account_receivable_turnover_ratio": 13.82,
            "reinvestment_rate": -191.43,
            "research_to_sale_ratio": null,
            "price_fair": 14.88,
            "eps_avg_yearly": 0.43,
            "eps_latest_yearly": 0.32,
            "eps_growth_yearly": 89.07
        },
        "20142": {
            "year_quarter": 20142,
            "year": 2014,
            "quarter": 2,
            "eps": 0.08,
            "eps_growth_year": -11.11,
            "eps_4q": 0.49,
            "eps_4q_growth_year": -2.17,
            "roe": 0.72,
            "roe_4q": 4.22,
            "gross_profit": 28860,
            "gross_margin": 84.21,
            "gross_margin_4q_avg": 85.85,
            "net_income": 6121,
            "net_income_4q": null,
            "revenue": 34273,
            "revenue_4q": null,
            "common_shares": 730433,
            "book_valuer_per_share": 11.46,
            "book_valuer_per_share_4q_avg": 11.62,
            "equity": 837169,
            "current_ratio": 531.99,
            "debt_ratio": 15.85,
            "inventory_turnover_ratio": 1.59,
            "account_receivable_turnover_ratio": 14.61,
            "reinvestment_rate": -189,
            "research_to_sale_ratio": null,
            "price_fair": 14.96,
            "eps_avg_yearly": 0.43,
            "eps_latest_yearly": 0.32,
            "eps_growth_yearly": 84.9
        },
        "20143": {
            "year_quarter": 20143,
            "year": 2014,
            "quarter": 3,
            "eps": 0.24,
            "eps_growth_year": 4.35,
            "eps_4q": 0.5,
            "eps_4q_growth_year": 1.72,
            "roe": 2.06,
            "roe_4q": 4.28,
            "gross_profit": 43195,
            "gross_margin": 91.19,
            "gross_margin_4q_avg": 85.93,
            "net_income": 17385,
            "net_income_4q": null,
            "revenue": 47369,
            "revenue_4q": null,
            "common_shares": 730433,
            "book_valuer_per_share": 11.7,
            "book_valuer_per_share_4q_avg": 11.65,
            "equity": 854712,
            "current_ratio": 843.98,
            "debt_ratio": 13.42,
            "inventory_turnover_ratio": 1.05,
            "account_receivable_turnover_ratio": 4.89,
            "reinvestment_rate": -170.42,
            "research_to_sale_ratio": null,
            "price_fair": 16.36,
            "eps_avg_yearly": 0.47,
            "eps_latest_yearly": 0.96,
            "eps_growth_yearly": 131.33
        },
        "20144": {
            "year_quarter": 20144,
            "year": 2014,
            "quarter": 4,
            "eps": 0.09,
            "eps_growth_year": -7.2,
            "eps_4q": 0.49,
            "eps_4q_growth_year": -1.82,
            "roe": 0.73,
            "roe_4q": 4.22,
            "gross_profit": 29279,
            "gross_margin": 82.73,
            "gross_margin_4q_avg": 86.05,
            "net_income": 6236,
            "net_income_4q": null,
            "revenue": 35393,
            "revenue_4q": null,
            "common_shares": 730433,
            "book_valuer_per_share": 11.78,
            "book_valuer_per_share_4q_avg": 11.67,
            "equity": 860354,
            "current_ratio": 872.25,
            "debt_ratio": 13.06,
            "inventory_turnover_ratio": 1.52,
            "account_receivable_turnover_ratio": 3.86,
            "reinvestment_rate": -166.13,
            "research_to_sale_ratio": null,
            "price_fair": 16.63,
            "eps_avg_yearly": 0.48,
            "eps_latest_yearly": 0.36,
            "eps_growth_yearly": 121.96
        },
        "20151": {
            "year_quarter": 20151,
            "year": 2015,
            "quarter": 1,
            "eps": 0.09,
            "eps_growth_year": 12.5,
            "eps_4q": 0.5,
            "eps_4q_growth_year": 0.92,
            "roe": 0.76,
            "roe_4q": 4.27,
            "gross_profit": 28892,
            "gross_margin": 86.42,
            "gross_margin_4q_avg": 86.14,
            "net_income": 6559,
            "net_income_4q": null,
            "revenue": 33432,
            "revenue_4q": null,
            "common_shares": 730433,
            "book_valuer_per_share": 11.87,
            "book_valuer_per_share_4q_avg": 11.7,
            "equity": 867151,
            "current_ratio": 943.38,
            "debt_ratio": 12.8,
            "inventory_turnover_ratio": 1.29,
            "account_receivable_turnover_ratio": 18.23,
            "reinvestment_rate": -164.3,
            "research_to_sale_ratio": null,
            "price_fair": 16.71,
            "eps_avg_yearly": 0.48,
            "eps_latest_yearly": 0.36,
            "eps_growth_yearly": 113.62
        },
        "20152": {
            "year_quarter": 20152,
            "year": 2015,
            "quarter": 2,
            "eps": 0.09,
            "eps_growth_year": 12.5,
            "eps_4q": 0.51,
            "eps_4q_growth_year": 4.07,
            "roe": 0.8,
            "roe_4q": 4.35,
            "gross_profit": 28941,
            "gross_margin": 83.87,
            "gross_margin_4q_avg": 86.05,
            "net_income": 6857,
            "net_income_4q": null,
            "revenue": 34507,
            "revenue_4q": null,
            "common_shares": 730433,
            "book_valuer_per_share": 11.52,
            "book_valuer_per_share_4q_avg": 11.72,
            "equity": 841780,
            "current_ratio": 513.49,
            "debt_ratio": 16.19,
            "inventory_turnover_ratio": 1.58,
            "account_receivable_turnover_ratio": 16.02,
            "reinvestment_rate": -161.52,
            "research_to_sale_ratio": null,
            "price_fair": 16.89,
            "eps_avg_yearly": 0.48,
            "eps_latest_yearly": 0.36,
            "eps_growth_yearly": 116.75
        },
        "20153": {
            "year_quarter": 20153,
            "year": 2015,
            "quarter": 3,
            "eps": 0.29,
            "eps_growth_year": 20.83,
            "eps_4q": 0.56,
            "eps_4q_growth_year": 12.79,
            "roe": 2.49,
            "roe_4q": 4.779999999999999,
            "gross_profit": 48776,
            "gross_margin": 92.18,
            "gross_margin_4q_avg": 86.3,
            "net_income": 21253,
            "net_income_4q": null,
            "revenue": 52916,
            "revenue_4q": null,
            "common_shares": 730433,
            "book_valuer_per_share": 11.81,
            "book_valuer_per_share_4q_avg": 11.75,
            "equity": 862533,
            "current_ratio": 834,
            "debt_ratio": 13.43,
            "inventory_turnover_ratio": 1.08,
            "account_receivable_turnover_ratio": 4.51,
            "reinvestment_rate": -145.8,
            "research_to_sale_ratio": null,
            "price_fair": 18.64,
            "eps_avg_yearly": 0.53,
            "eps_latest_yearly": 1.16,
            "eps_growth_yearly": 165.16
        },
        "20154": {
            "year_quarter": 20154,
            "year": 2015,
            "quarter": 4,
            "eps": 0.07,
            "eps_growth_year": -14.3,
            "eps_4q": 0.55,
            "eps_4q_growth_year": 11.82,
            "roe": 0.62,
            "roe_4q": 4.67,
            "gross_profit": 29060,
            "gross_margin": 82.27,
            "gross_margin_4q_avg": 86.19,
            "net_income": 5344,
            "net_income_4q": null,
            "revenue": 35321,
            "revenue_4q": null,
            "common_shares": 730433,
            "book_valuer_per_share": 11.88,
            "book_valuer_per_share_4q_avg": 11.77,
            "equity": 867914,
            "current_ratio": 866.53,
            "debt_ratio": 13.31,
            "inventory_turnover_ratio": 1.61,
            "account_receivable_turnover_ratio": 3.13,
            "reinvestment_rate": -152.76,
            "research_to_sale_ratio": null,
            "price_fair": 17.5,
            "eps_avg_yearly": 0.5,
            "eps_latest_yearly": 0.28,
            "eps_growth_yearly": 115.64
        },
        "20161": {
            "year_quarter": 20161,
            "year": 2016,
            "quarter": 1,
            "eps": 0.08,
            "eps_growth_year": -11.11,
            "eps_4q": 0.54,
            "eps_4q_growth_year": 8.79,
            "roe": 0.69,
            "roe_4q": 4.6000000000000005,
            "gross_profit": 28029,
            "gross_margin": 86.21,
            "gross_margin_4q_avg": 86.13,
            "net_income": 6037,
            "net_income_4q": null,
            "revenue": 32512,
            "revenue_4q": null,
            "common_shares": 730433,
            "book_valuer_per_share": 11.97,
            "book_valuer_per_share_4q_avg": 11.8,
            "equity": 873969,
            "current_ratio": 921.4,
            "debt_ratio": 11.74,
            "inventory_turnover_ratio": 1.14,
            "account_receivable_turnover_ratio": 24.88,
            "reinvestment_rate": -144.69,
            "research_to_sale_ratio": null,
            "price_fair": 17.59,
            "eps_avg_yearly": 0.5,
            "eps_latest_yearly": 0.32,
            "eps_growth_yearly": 135.46
        },
        "20162": {
            "year_quarter": 20162,
            "year": 2016,
            "quarter": 2,
            "eps": 0.05,
            "eps_growth_year": -44.44,
            "eps_4q": 0.5,
            "eps_4q_growth_year": -1.12,
            "roe": 0.46,
            "roe_4q": 4.26,
            "gross_profit": 27494,
            "gross_margin": 83.4,
            "gross_margin_4q_avg": 86.02,
            "net_income": 3987,
            "net_income_4q": null,
            "revenue": 32968,
            "revenue_4q": null,
            "common_shares": 730433,
            "book_valuer_per_share": 11.53,
            "book_valuer_per_share_4q_avg": 11.8,
            "equity": 842300,
            "current_ratio": 439.13,
            "debt_ratio": 16.19,
            "inventory_turnover_ratio": 1.32,
            "account_receivable_turnover_ratio": 25.05,
            "reinvestment_rate": -140.29,
            "research_to_sale_ratio": null,
            "price_fair": 17.33,
            "eps_avg_yearly": 0.5,
            "eps_latest_yearly": 0.2,
            "eps_growth_yearly": 122.51
        },
        "20163": {
            "year_quarter": 20163,
            "year": 2016,
            "quarter": 3,
            "eps": 0.24,
            "eps_growth_year": -17.24,
            "eps_4q": 0.45,
            "eps_4q_growth_year": -19.15,
            "roe": 2.08,
            "roe_4q": 3.85,
            "gross_profit": 44663,
            "gross_margin": 90.93,
            "gross_margin_4q_avg": 85.7,
            "net_income": 17705,
            "net_income_4q": null,
            "revenue": 49118,
            "revenue_4q": null,
            "common_shares": 730433,
            "book_valuer_per_share": 11.77,
            "book_valuer_per_share_4q_avg": 11.79,
            "equity": 859868,
            "current_ratio": 801.96,
            "debt_ratio": 12.25,
            "inventory_turnover_ratio": 1.04,
            "account_receivable_turnover_ratio": 5.63,
            "reinvestment_rate": -133.44,
            "research_to_sale_ratio": null,
            "price_fair": 17.33,
            "eps_avg_yearly": 0.5,
            "eps_latest_yearly": 0.96,
            "eps_growth_yearly": 167.51
        },
        "20164": {
            "year_quarter": 20164,
            "year": 2016,
            "quarter": 4,
            "eps": 0.05,
            "eps_growth_year": -32.15,
            "eps_4q": 0.43,
            "eps_4q_growth_year": -21.64,
            "roe": 0.42,
            "roe_4q": 3.65,
            "gross_profit": 28561,
            "gross_margin": 79.71,
            "gross_margin_4q_avg": 85.06,
            "net_income": 3626,
            "net_income_4q": null,
            "revenue": 35830,
            "revenue_4q": null,
            "common_shares": 730433,
            "book_valuer_per_share": 11.82,
            "book_valuer_per_share_4q_avg": 11.77,
            "equity": 863113,
            "current_ratio": 782.82,
            "debt_ratio": 12.31,
            "inventory_turnover_ratio": 1.61,
            "account_receivable_turnover_ratio": 3.76,
            "reinvestment_rate": -130.56,
            "research_to_sale_ratio": null,
            "price_fair": 17.06,
            "eps_avg_yearly": 0.49,
            "eps_latest_yearly": 0.2,
            "eps_growth_yearly": 164.39
        },
        "20171": {
            "year_quarter": 20171,
            "year": 2017,
            "quarter": 1,
            "eps": 0.08,
            "eps_growth_year": 0,
            "eps_4q": 0.42,
            "eps_4q_growth_year": -22.01,
            "roe": 0.63,
            "roe_4q": 3.59,
            "gross_profit": 28820,
            "gross_margin": 86.09,
            "gross_margin_4q_avg": 85.03,
            "net_income": 5483,
            "net_income_4q": null,
            "revenue": 33477,
            "revenue_4q": null,
            "common_shares": 730433,
            "book_valuer_per_share": 11.89,
            "book_valuer_per_share_4q_avg": 11.75,
            "equity": 868731,
            "current_ratio": 879.46,
            "debt_ratio": 11.88,
            "inventory_turnover_ratio": 1.05,
            "account_receivable_turnover_ratio": 14.02,
            "reinvestment_rate": -13.92,
            "research_to_sale_ratio": null,
            "price_fair": 16.98,
            "eps_avg_yearly": 0.49,
            "eps_latest_yearly": 0.32,
            "eps_growth_yearly": 176.26
        },
        "20172": {
            "year_quarter": 20172,
            "year": 2017,
            "quarter": 2,
            "eps": 0.08,
            "eps_growth_year": 60,
            "eps_4q": 0.45,
            "eps_4q_growth_year": -11.08,
            "roe": 0.67,
            "roe_4q": 3.8,
            "gross_profit": 28533,
            "gross_margin": 82.62,
            "gross_margin_4q_avg": 84.84,
            "net_income": 5750,
            "net_income_4q": null,
            "revenue": 34537,
            "revenue_4q": null,
            "common_shares": 730433,
            "book_valuer_per_share": 11.59,
            "book_valuer_per_share_4q_avg": 11.77,
            "equity": 846678,
            "current_ratio": 504.44,
            "debt_ratio": 15.13,
            "inventory_turnover_ratio": 1.35,
            "account_receivable_turnover_ratio": 12.37,
            "reinvestment_rate": -14.55,
            "research_to_sale_ratio": null,
            "price_fair": 16.89,
            "eps_avg_yearly": 0.48,
            "eps_latest_yearly": 0.32,
            "eps_growth_yearly": 176.26
        },
        "20173": {
            "year_quarter": 20173,
            "year": 2017,
            "quarter": 3,
            "eps": 0.22,
            "eps_growth_year": -8.33,
            "eps_4q": 0.42,
            "eps_4q_growth_year": -7.23,
            "roe": 1.85,
            "roe_4q": 3.57,
            "gross_profit": 42653,
            "gross_margin": 90.69,
            "gross_margin_4q_avg": 84.78,
            "net_income": 15824,
            "net_income_4q": null,
            "revenue": 47032,
            "revenue_4q": null,
            "common_shares": 730433,
            "book_valuer_per_share": 11.81,
            "book_valuer_per_share_4q_avg": 11.78,
            "equity": 862483,
            "current_ratio": 756.5,
            "debt_ratio": 12.71,
            "inventory_turnover_ratio": 1.18,
            "account_receivable_turnover_ratio": 4.42,
            "reinvestment_rate": -15.48,
            "research_to_sale_ratio": null,
            "price_fair": 16.8,
            "eps_avg_yearly": 0.48,
            "eps_latest_yearly": 0.88,
            "eps_growth_yearly": 181.12
        },
        "20174": {
            "year_quarter": 20174,
            "year": 2017,
            "quarter": 4,
            "eps": 0.1,
            "eps_growth_year": 94.32,
            "eps_4q": 0.47,
            "eps_4q_growth_year": 8.76,
            "roe": 0.81,
            "roe_4q": 3.96,
            "gross_profit": 29117,
            "gross_margin": 85.72,
            "gross_margin_4q_avg": 86.28,
            "net_income": 7046,
            "net_income_4q": null,
            "revenue": 33966,
            "revenue_4q": null,
            "common_shares": 730433,
            "book_valuer_per_share": 11.89,
            "book_valuer_per_share_4q_avg": 11.8,
            "equity": 868477,
            "current_ratio": 754.31,
            "debt_ratio": 12.93,
            "inventory_turnover_ratio": 1.62,
            "account_receivable_turnover_ratio": 2.32,
            "reinvestment_rate": -17.73,
            "research_to_sale_ratio": null,
            "price_fair": 16.89,
            "eps_avg_yearly": 0.48,
            "eps_latest_yearly": 0.4,
            "eps_growth_yearly": 182.71
        },
        "20181": {
            "year_quarter": 20181,
            "year": 2018,
            "quarter": 1,
            "eps": 0.08,
            "eps_growth_year": 0,
            "eps_4q": 0.47,
            "eps_4q_growth_year": 11.98,
            "roe": 0.67,
            "roe_4q": 4,
            "gross_profit": 28663,
            "gross_margin": 87.85,
            "gross_margin_4q_avg": 86.72,
            "net_income": 5871,
            "net_income_4q": null,
            "revenue": 32627,
            "revenue_4q": null,
            "common_shares": 730433,
            "book_valuer_per_share": 11.97,
            "book_valuer_per_share_4q_avg": 11.82,
            "equity": 874475,
            "current_ratio": 820.08,
            "debt_ratio": 12.35,
            "inventory_turnover_ratio": 1.37,
            "account_receivable_turnover_ratio": 5.01,
            "reinvestment_rate": -18.48,
            "research_to_sale_ratio": null,
            "price_fair": 16.89,
            "eps_avg_yearly": 0.48,
            "eps_latest_yearly": 0.32,
            "eps_growth_yearly": 180.48
        },
        "20182": {
            "year_quarter": 20182,
            "year": 2018,
            "quarter": 2,
            "eps": 0.05,
            "eps_growth_year": -37.5,
            "eps_4q": 0.45,
            "eps_4q_growth_year": 0.54,
            "roe": 0.46,
            "roe_4q": 3.79,
            "gross_profit": 25700,
            "gross_margin": 84.72,
            "gross_margin_4q_avg": 87.25,
            "net_income": 4000,
            "net_income_4q": null,
            "revenue": 30335,
            "revenue_4q": null,
            "common_shares": 730433,
            "book_valuer_per_share": 11.62,
            "book_valuer_per_share_4q_avg": 11.82,
            "equity": 848819,
            "current_ratio": 506.29,
            "debt_ratio": 15.47,
            "inventory_turnover_ratio": 1.69,
            "account_receivable_turnover_ratio": 18.74,
            "reinvestment_rate": -19.02,
            "research_to_sale_ratio": null,
            "price_fair": 16.63,
            "eps_avg_yearly": 0.48,
            "eps_latest_yearly": 0.2,
            "eps_growth_yearly": 171.11
        },
        "20183": {
            "year_quarter": 20183,
            "year": 2018,
            "quarter": 3,
            "eps": 0.18,
            "eps_growth_year": -18.18,
            "eps_4q": 0.41,
            "eps_4q_growth_year": -3,
            "roe": 1.5,
            "roe_4q": 3.44,
            "gross_profit": 37809,
            "gross_margin": 90.97,
            "gross_margin_4q_avg": 87.32,
            "net_income": 12847,
            "net_income_4q": null,
            "revenue": 41561,
            "revenue_4q": null,
            "common_shares": 730433,
            "book_valuer_per_share": 11.8,
            "book_valuer_per_share_4q_avg": 11.82,
            "equity": 861704,
            "current_ratio": 804.23,
            "debt_ratio": 12.64,
            "inventory_turnover_ratio": 1.47,
            "account_receivable_turnover_ratio": 4.9,
            "reinvestment_rate": -20.84,
            "research_to_sale_ratio": null,
            "price_fair": 16.1,
            "eps_avg_yearly": 0.46,
            "eps_latest_yearly": 0.72,
            "eps_growth_yearly": 186.11
        },
        "20184": {
            "year_quarter": 20184,
            "year": 2018,
            "quarter": 4,
            "eps": 0.12,
            "eps_growth_year": 26.91,
            "eps_4q": 0.43,
            "eps_4q_growth_year": -7.16,
            "roe": 1.03,
            "roe_4q": 3.66,
            "gross_profit": 32115,
            "gross_margin": 87.98,
            "gross_margin_4q_avg": 87.88,
            "net_income": 8942,
            "net_income_4q": null,
            "revenue": 36502,
            "revenue_4q": null,
            "common_shares": 730433,
            "book_valuer_per_share": 11.92,
            "book_valuer_per_share_4q_avg": 11.83,
            "equity": 870495,
            "current_ratio": 766.56,
            "debt_ratio": 12.93,
            "inventory_turnover_ratio": 1.85,
            "account_receivable_turnover_ratio": 2.55,
            "reinvestment_rate": -21.31,
            "research_to_sale_ratio": null,
            "price_fair": 16.36,
            "eps_avg_yearly": 0.47,
            "eps_latest_yearly": 0.48,
            "eps_growth_yearly": 193.4
        },
        "20191": {
            "year_quarter": 20191,
            "year": 2019,
            "quarter": 1,
            "eps": 0.09,
            "eps_growth_year": 12.5,
            "eps_4q": 0.44,
            "eps_4q_growth_year": -6.09,
            "roe": 0.76,
            "roe_4q": 3.75,
            "gross_profit": 28241,
            "gross_margin": 88.02,
            "gross_margin_4q_avg": 87.92,
            "net_income": 6602,
            "net_income_4q": null,
            "revenue": 32085,
            "revenue_4q": null,
            "common_shares": 730433,
            "book_valuer_per_share": 12.01,
            "book_valuer_per_share_4q_avg": 11.84,
            "equity": 877232,
            "current_ratio": 851.47,
            "debt_ratio": 12.6,
            "inventory_turnover_ratio": 1.72,
            "account_receivable_turnover_ratio": 3.96,
            "reinvestment_rate": -20.63,
            "research_to_sale_ratio": null,
            "price_fair": 16.36,
            "eps_avg_yearly": 0.47,
            "eps_latest_yearly": 0.36,
            "eps_growth_yearly": 187.15
        },
        "20192": {
            "year_quarter": 20192,
            "year": 2019,
            "quarter": 2,
            "eps": 0.09,
            "eps_growth_year": 80,
            "eps_4q": 0.48,
            "eps_4q_growth_year": 7.01,
            "roe": 0.77,
            "roe_4q": 4.0600000000000005,
            "gross_profit": 28516,
            "gross_margin": 86.36,
            "gross_margin_4q_avg": 88.33,
            "net_income": 6645,
            "net_income_4q": null,
            "revenue": 33018,
            "revenue_4q": null,
            "common_shares": 730433,
            "book_valuer_per_share": 11.72,
            "book_valuer_per_share_4q_avg": 11.86,
            "equity": 855723,
            "current_ratio": 532.1,
            "debt_ratio": 15.51,
            "inventory_turnover_ratio": 1.89,
            "account_receivable_turnover_ratio": 11.61,
            "reinvestment_rate": -20.62,
            "research_to_sale_ratio": null,
            "price_fair": 16.36,
            "eps_avg_yearly": 0.47,
            "eps_latest_yearly": 0.36,
            "eps_growth_yearly": 187.15
        },
        "20193": {
            "year_quarter": 20193,
            "year": 2019,
            "quarter": 3,
            "eps": 0.1,
            "eps_growth_year": -44.44,
            "eps_4q": 0.4,
            "eps_4q_growth_year": -1.61,
            "roe": 0.83,
            "roe_4q": 3.3900000000000006,
            "gross_profit": 28354,
            "gross_margin": 88.46,
            "gross_margin_4q_avg": 87.71,
            "net_income": 7096,
            "net_income_4q": null,
            "revenue": 32054,
            "revenue_4q": null,
            "common_shares": 730433,
            "book_valuer_per_share": 11.81,
            "book_valuer_per_share_4q_avg": 11.87,
            "equity": 862857,
            "current_ratio": 847.54,
            "debt_ratio": 12.62,
            "inventory_turnover_ratio": 1.46,
            "account_receivable_turnover_ratio": 10.3,
            "reinvestment_rate": -22.36,
            "research_to_sale_ratio": null,
            "price_fair": 14.7,
            "eps_avg_yearly": 0.42,
            "eps_latest_yearly": 0.4,
            "eps_growth_yearly": 134.37
        },
        "20194": {
            "year_quarter": 20194,
            "year": 2019,
            "quarter": 4,
            "eps": 0.17,
            "eps_growth_year": 38.38,
            "eps_4q": 0.45,
            "eps_4q_growth_year": 3.34,
            "roe": 1.42,
            "roe_4q": 3.7800000000000002,
            "gross_profit": 36240,
            "gross_margin": 89.5,
            "gross_margin_4q_avg": 88.09,
            "net_income": 12374,
            "net_income_4q": null,
            "revenue": 40492,
            "revenue_4q": null,
            "common_shares": 730433,
            "book_valuer_per_share": 11.98,
            "book_valuer_per_share_4q_avg": 11.88,
            "equity": 875298,
            "current_ratio": 840.07,
            "debt_ratio": 12.08,
            "inventory_turnover_ratio": 1.62,
            "account_receivable_turnover_ratio": 7.64,
            "reinvestment_rate": -22.64,
            "research_to_sale_ratio": null,
            "price_fair": 15.58,
            "eps_avg_yearly": 0.45,
            "eps_latest_yearly": 0.68,
            "eps_growth_yearly": 170.84
        },
        "20201": {
            "year_quarter": 20201,
            "year": 2020,
            "quarter": 1,
            "eps": 0.07,
            "eps_growth_year": -22.22,
            "eps_4q": 0.42,
            "eps_4q_growth_year": -4.43,
            "roe": 0.55,
            "roe_4q": 3.57,
            "gross_profit": 24851,
            "gross_margin": 87.71,
            "gross_margin_4q_avg": 88.01,
            "net_income": 4841,
            "net_income_4q": null,
            "revenue": 28334,
            "revenue_4q": null,
            "common_shares": 730433,
            "book_valuer_per_share": 12.04,
            "book_valuer_per_share_4q_avg": 11.89,
            "equity": 879481,
            "current_ratio": 1034.29,
            "debt_ratio": 11.22,
            "inventory_turnover_ratio": 1.28,
            "account_receivable_turnover_ratio": 3.57,
            "reinvestment_rate": -30.33,
            "research_to_sale_ratio": null,
            "price_fair": 15.49,
            "eps_avg_yearly": 0.44,
            "eps_latest_yearly": 0.28,
            "eps_growth_yearly": 152.56
        },
        "20202": {
            "year_quarter": 20202,
            "year": 2020,
            "quarter": 2,
            "eps": 0.01,
            "eps_growth_year": -88.89,
            "eps_4q": 0.35,
            "eps_4q_growth_year": -27.63,
            "roe": 0.12,
            "roe_4q": 2.92,
            "gross_profit": 19770,
            "gross_margin": 80.47,
            "gross_margin_4q_avg": 86.54,
            "net_income": 1043,
            "net_income_4q": null,
            "revenue": 24569,
            "revenue_4q": null,
            "common_shares": 730433,
            "book_valuer_per_share": 11.66,
            "book_valuer_per_share_4q_avg": 11.87,
            "equity": 851715,
            "current_ratio": 610.49,
            "debt_ratio": 14.11,
            "inventory_turnover_ratio": 1.85,
            "account_receivable_turnover_ratio": 2.5,
            "reinvestment_rate": -37.81,
            "research_to_sale_ratio": null,
            "price_fair": 15.14,
            "eps_avg_yearly": 0.43,
            "eps_latest_yearly": 0.04,
            "eps_growth_yearly": 140.51
        },
        "20203": {
            "year_quarter": 20203,
            "year": 2020,
            "quarter": 3,
            "eps": 0.06,
            "eps_growth_year": -40,
            "eps_4q": 0.31,
            "eps_4q_growth_year": -21.78,
            "roe": 0.54,
            "roe_4q": 2.63,
            "gross_profit": 23122,
            "gross_margin": 85.7,
            "gross_margin_4q_avg": 85.85,
            "net_income": 4648,
            "net_income_4q": null,
            "revenue": 26980,
            "revenue_4q": null,
            "common_shares": 730433,
            "book_valuer_per_share": 11.72,
            "book_valuer_per_share_4q_avg": 11.85,
            "equity": 856192,
            "current_ratio": 908.24,
            "debt_ratio": 12.79,
            "inventory_turnover_ratio": 1.61,
            "account_receivable_turnover_ratio": 3.55,
            "reinvestment_rate": -49.18,
            "research_to_sale_ratio": null,
            "price_fair": 13.56,
            "eps_avg_yearly": 0.39,
            "eps_latest_yearly": 0.24,
            "eps_growth_yearly": 170.51
        },
        "20204": {
            "year_quarter": 20204,
            "year": 2020,
            "quarter": 4,
            "eps": 0.05,
            "eps_growth_year": -71.27,
            "eps_4q": 0.19,
            "eps_4q_growth_year": -56.94,
            "roe": 0.41,
            "roe_4q": 1.6199999999999999,
            "gross_profit": 24731,
            "gross_margin": 84.97,
            "gross_margin_4q_avg": 84.71,
            "net_income": 3555,
            "net_income_4q": null,
            "revenue": 29106,
            "revenue_4q": null,
            "common_shares": 730433,
            "book_valuer_per_share": 11.78,
            "book_valuer_per_share_4q_avg": 11.8,
            "equity": 860592,
            "current_ratio": 863.88,
            "debt_ratio": 12.96,
            "inventory_turnover_ratio": 2.04,
            "account_receivable_turnover_ratio": 9.81,
            "reinvestment_rate": -54.26,
            "research_to_sale_ratio": null,
            "price_fair": 13.56,
            "eps_avg_yearly": 0.39,
            "eps_latest_yearly": 0.2,
            "eps_growth_yearly": 186.13
        },
        "20211": {
            "year_quarter": 20211,
            "year": 2021,
            "quarter": 1,
            "eps": 0.06,
            "eps_growth_year": -14.29,
            "eps_4q": 0.19,
            "eps_4q_growth_year": -56.33,
            "roe": 0.5,
            "roe_4q": 1.5699999999999998,
            "gross_profit": 21789,
            "gross_margin": 85.68,
            "gross_margin_4q_avg": 84.21,
            "net_income": 4273,
            "net_income_4q": null,
            "revenue": 25430,
            "revenue_4q": null,
            "common_shares": 730433,
            "book_valuer_per_share": 11.84,
            "book_valuer_per_share_4q_avg": 11.75,
            "equity": 864969,
            "current_ratio": 1027.72,
            "debt_ratio": 11.93,
            "inventory_turnover_ratio": 1.85,
            "account_receivable_turnover_ratio": 13.58,
            "reinvestment_rate": -51.9,
            "research_to_sale_ratio": null,
            "price_fair": 13.39,
            "eps_avg_yearly": 0.38,
            "eps_latest_yearly": 0.24,
            "eps_growth_yearly": 176.13
        },
        "20212": {
            "year_quarter": 20212,
            "year": 2021,
            "quarter": 2,
            "eps": -0.05,
            "eps_growth_year": -600,
            "eps_4q": 0.12,
            "eps_4q_growth_year": -64.53,
            "roe": -0.4,
            "roe_4q": 1.05,
            "gross_profit": 13537,
            "gross_margin": 76.19,
            "gross_margin_4q_avg": 83.14,
            "net_income": -3484,
            "net_income_4q": null,
            "revenue": 17767,
            "revenue_4q": null,
            "common_shares": 730433,
            "book_valuer_per_share": 11.81,
            "book_valuer_per_share_4q_avg": 11.79,
            "equity": 862318,
            "current_ratio": 1430.21,
            "debt_ratio": 10.78,
            "inventory_turnover_ratio": 1.94,
            "account_receivable_turnover_ratio": 9.8,
            "reinvestment_rate": -49.1,
            "research_to_sale_ratio": null,
            "price_fair": 13.53,
            "eps_avg_yearly": 0.39,
            "eps_latest_yearly": 0.24,
            "eps_growth_yearly": 187.87
        },
        "20213": {
            "year_quarter": 20213,
            "year": 2021,
            "quarter": 3,
            "eps": -0.02,
            "eps_growth_year": -133.33,
            "eps_4q": 0.04,
            "eps_4q_growth_year": -88.32,
            "roe": -0.2,
            "roe_4q": 0.3099999999999999,
            "gross_profit": 14756,
            "gross_margin": 78.04,
            "gross_margin_4q_avg": 81.22,
            "net_income": -1669,
            "net_income_4q": null,
            "revenue": 18909,
            "revenue_4q": null,
            "common_shares": 730433,
            "book_valuer_per_share": 11.62,
            "book_valuer_per_share_4q_avg": 11.76,
            "equity": 848536,
            "current_ratio": 737.09,
            "debt_ratio": 13.44,
            "inventory_turnover_ratio": 1.7,
            "account_receivable_turnover_ratio": 7.06,
            "reinvestment_rate": -57.5,
            "research_to_sale_ratio": null,
            "price_fair": 12.3,
            "eps_avg_yearly": 0.35,
            "eps_latest_yearly": 0.24,
            "eps_growth_yearly": 151.29
        },
        "20214": {
            "year_quarter": 20214,
            "year": 2021,
            "quarter": 4,
            "eps": 0.08,
            "eps_growth_year": 62,
            "eps_4q": 0.07,
            "eps_4q_growth_year": -65.37,
            "roe": 0.68,
            "roe_4q": 0.5800000000000001,
            "gross_profit": 24914,
            "gross_margin": 81.01,
            "gross_margin_4q_avg": 80.23,
            "net_income": 5759,
            "net_income_4q": null,
            "revenue": 30755,
            "revenue_4q": null,
            "common_shares": 730433,
            "book_valuer_per_share": 11.7,
            "book_valuer_per_share_4q_avg": 11.74,
            "equity": 854598,
            "current_ratio": 795.65,
            "debt_ratio": 12.81,
            "inventory_turnover_ratio": 2.23,
            "account_receivable_turnover_ratio": 7.25,
            "reinvestment_rate": -58.23,
            "research_to_sale_ratio": null,
            "price_fair": 12.17,
            "eps_avg_yearly": 0.35,
            "eps_latest_yearly": 0.24,
            "eps_growth_yearly": 179.71
        },
        "20221": {
            "year_quarter": 20221,
            "year": 2022,
            "quarter": 1,
            "eps": 0.08,
            "eps_growth_year": 33.33,
            "eps_4q": 0.08,
            "eps_4q_growth_year": -54.46,
            "roe": 0.65,
            "roe_4q": 0.7300000000000001,
            "gross_profit": 25678,
            "gross_margin": 83.29,
            "gross_margin_4q_avg": 79.63,
            "net_income": 5550,
            "net_income_4q": null,
            "revenue": 30831,
            "revenue_4q": null,
            "common_shares": 730433,
            "book_valuer_per_share": 11.78,
            "book_valuer_per_share_4q_avg": 11.73,
            "equity": 860389,
            "current_ratio": 875.41,
            "debt_ratio": 12.23,
            "inventory_turnover_ratio": 1.9,
            "account_receivable_turnover_ratio": 6.8,
            "reinvestment_rate": -55.4,
            "research_to_sale_ratio": null,
            "price_fair": 12.17,
            "eps_avg_yearly": 0.35,
            "eps_latest_yearly": 0.32,
            "eps_growth_yearly": 185.87
        },
        "20222": {
            "year_quarter": 20222,
            "year": 2022,
            "quarter": 2,
            "eps": 0.05,
            "eps_growth_year": null,
            "eps_4q": 0.18,
            "eps_4q_growth_year": 48.84,
            "roe": 0.44,
            "roe_4q": 1.57,
            "gross_profit": 23647,
            "gross_margin": 82.41,
            "gross_margin_4q_avg": 81.19,
            "net_income": 3744,
            "net_income_4q": null,
            "revenue": 28694,
            "revenue_4q": null,
            "common_shares": 730433,
            "book_valuer_per_share": 11.76,
            "book_valuer_per_share_4q_avg": 11.72,
            "equity": 858961,
            "current_ratio": 818.91,
            "debt_ratio": 12.58,
            "inventory_turnover_ratio": 1.92,
            "account_receivable_turnover_ratio": 5.18,
            "reinvestment_rate": -54.72,
            "research_to_sale_ratio": null,
            "price_fair": 12.17,
            "eps_avg_yearly": 0.35,
            "eps_latest_yearly": 0.2,
            "eps_growth_yearly": 185.87
        },
        "20223": {
            "year_quarter": 20223,
            "year": 2022,
            "quarter": 3,
            "eps": 0.07,
            "eps_growth_year": null,
            "eps_4q": 0.27,
            "eps_4q_growth_year": 640.75,
            "roe": 0.55,
            "roe_4q": 2.3200000000000003,
            "gross_profit": 20391,
            "gross_margin": 80.92,
            "gross_margin_4q_avg": 81.91,
            "net_income": 4762,
            "net_income_4q": null,
            "revenue": 25200,
            "revenue_4q": null,
            "common_shares": 730433,
            "book_valuer_per_share": 11.82,
            "book_valuer_per_share_4q_avg": 11.77,
            "equity": 863297,
            "current_ratio": 825.79,
            "debt_ratio": 12.6,
            "inventory_turnover_ratio": 1.74,
            "account_receivable_turnover_ratio": 3.29,
            "reinvestment_rate": -59.44,
            "research_to_sale_ratio": null,
            "price_fair": 10.98,
            "eps_avg_yearly": 0.31,
            "eps_latest_yearly": 0.28,
            "eps_growth_yearly": 118.18
        },
        "20224": {
            "year_quarter": 20224,
            "year": 2022,
            "quarter": 4,
            "eps": 0.04,
            "eps_growth_year": -53.24,
            "eps_4q": 0.23,
            "eps_4q_growth_year": 243.29,
            "roe": 0.31,
            "roe_4q": 1.9500000000000002,
            "gross_profit": 22385,
            "gross_margin": 78.31,
            "gross_margin_4q_avg": 81.23,
            "net_income": 2693,
            "net_income_4q": null,
            "revenue": 28584,
            "revenue_4q": null,
            "common_shares": 730433,
            "book_valuer_per_share": 11.86,
            "book_valuer_per_share_4q_avg": 11.81,
            "equity": 866380,
            "current_ratio": 778.96,
            "debt_ratio": 12.84,
            "inventory_turnover_ratio": 1.96,
            "account_receivable_turnover_ratio": 4.15,
            "reinvestment_rate": -64.56,
            "research_to_sale_ratio": null,
            "price_fair": 10.12,
            "eps_avg_yearly": 0.29,
            "eps_latest_yearly": 0.16,
            "eps_growth_yearly": 115.25
        },
        "20231": {
            "year_quarter": 20231,
            "year": 2023,
            "quarter": 1,
            "eps": 0.07,
            "eps_growth_year": -12.5,
            "eps_4q": 0.23,
            "eps_4q_growth_year": 168.96,
            "roe": 0.62,
            "roe_4q": 1.92,
            "gross_profit": 25690,
            "gross_margin": 83.72,
            "gross_margin_4q_avg": 81.34,
            "net_income": 5358,
            "net_income_4q": null,
            "revenue": 30684,
            "revenue_4q": null,
            "common_shares": 730433,
            "book_valuer_per_share": 11.94,
            "book_valuer_per_share_4q_avg": 11.85,
            "equity": 871902,
            "current_ratio": 904.53,
            "debt_ratio": 11.99,
            "inventory_turnover_ratio": 1.35,
            "account_receivable_turnover_ratio": 7.67,
            "reinvestment_rate": -66.03,
            "research_to_sale_ratio": null,
            "price_fair": 9.91,
            "eps_avg_yearly": 0.28,
            "eps_latest_yearly": 0.28,
            "eps_growth_yearly": 146.02
        },
        "20232": {
            "year_quarter": 20232,
            "year": 2023,
            "quarter": 2,
            "eps": 0.1,
            "eps_growth_year": 100,
            "eps_4q": 0.28,
            "eps_4q_growth_year": 50.53,
            "roe": 0.84,
            "roe_4q": 2.3200000000000003,
            "gross_profit": 27543,
            "gross_margin": 84.02,
            "gross_margin_4q_avg": 81.74,
            "net_income": 7334,
            "net_income_4q": null,
            "revenue": 32782,
            "revenue_4q": null,
            "common_shares": 730433,
            "book_valuer_per_share": 11.83,
            "book_valuer_per_share_4q_avg": 11.86,
            "equity": 864106,
            "current_ratio": 662.22,
            "debt_ratio": 13.8,
            "inventory_turnover_ratio": 1.39,
            "account_receivable_turnover_ratio": 12.21,
            "reinvestment_rate": -65.42,
            "research_to_sale_ratio": null,
            "price_fair": 10.02,
            "eps_avg_yearly": 0.29,
            "eps_latest_yearly": 0.4,
            "eps_growth_yearly": 159.2
        }
    },
    "months": {
        "2001-06": {
            "month": "2001-06",
            "price": "16.50",
            "revenue": 69758
        },
        "2001-07": {
            "month": "2001-07",
            "price": "13.92",
            "revenue": 72233
        },
        "2001-08": {
            "month": "2001-08",
            "price": "14.16",
            "revenue": 67795
        },
        "2001-09": {
            "month": "2001-09",
            "price": "13.08",
            "revenue": 65040
        },
        "2001-10": {
            "month": "2001-10",
            "price": "13.14",
            "revenue": 62147
        },
        "2001-11": {
            "month": "2001-11",
            "price": "13.10",
            "revenue": 55703
        },
        "2001-12": {
            "month": "2001-12",
            "price": "15.92",
            "revenue": 73713
        },
        "2002-01": {
            "month": "2002-01",
            "price": "17.92",
            "revenue": 60229
        },
        "2002-02": {
            "month": "2002-02",
            "price": "16.82",
            "revenue": 77364
        },
        "2002-03": {
            "month": "2002-03",
            "price": "17.51",
            "revenue": 54519
        },
        "2002-04": {
            "month": "2002-04",
            "price": "19.94",
            "revenue": 53263
        },
        "2002-05": {
            "month": "2002-05",
            "price": "21.10",
            "revenue": 56590
        },
        "2002-06": {
            "month": "2002-06",
            "price": "19.34",
            "revenue": 58196
        },
        "2002-07": {
            "month": "2002-07",
            "price": "18.61",
            "revenue": 59137
        },
        "2002-08": {
            "month": "2002-08",
            "price": "17.59",
            "revenue": 62878
        },
        "2002-09": {
            "month": "2002-09",
            "price": "16.68",
            "revenue": 53361
        },
        "2002-10": {
            "month": "2002-10",
            "price": "16.31",
            "revenue": 46531
        },
        "2002-11": {
            "month": "2002-11",
            "price": "17.00",
            "revenue": 40312
        },
        "2002-12": {
            "month": "2002-12",
            "price": "18.11",
            "revenue": 58852
        },
        "2003-01": {
            "month": "2003-01",
            "price": "19.52",
            "revenue": 68869
        },
        "2003-02": {
            "month": "2003-02",
            "price": "19.96",
            "revenue": 66814
        },
        "2003-03": {
            "month": "2003-03",
            "price": "19.05",
            "revenue": 57052
        },
        "2003-04": {
            "month": "2003-04",
            "price": "18.08",
            "revenue": 50907
        },
        "2003-05": {
            "month": "2003-05",
            "price": "17.45",
            "revenue": 49336
        },
        "2003-06": {
            "month": "2003-06",
            "price": "17.47",
            "revenue": 59483
        },
        "2003-07": {
            "month": "2003-07",
            "price": "18.15",
            "revenue": 66243
        },
        "2003-08": {
            "month": "2003-08",
            "price": "18.28",
            "revenue": 76027
        },
        "2003-09": {
            "month": "2003-09",
            "price": "18.16",
            "revenue": 61984
        },
        "2003-10": {
            "month": "2003-10",
            "price": "19.35",
            "revenue": 60208
        },
        "2003-11": {
            "month": "2003-11",
            "price": "19.10",
            "revenue": 57078
        },
        "2003-12": {
            "month": "2003-12",
            "price": "18.05",
            "revenue": 79509
        },
        "2004-01": {
            "month": "2004-01",
            "price": "19.89",
            "revenue": 82332
        },
        "2004-02": {
            "month": "2004-02",
            "price": "20.36",
            "revenue": 56703
        },
        "2004-03": {
            "month": "2004-03",
            "price": "18.73",
            "revenue": 53763
        },
        "2004-04": {
            "month": "2004-04",
            "price": "18.23",
            "revenue": 56285
        },
        "2004-05": {
            "month": "2004-05",
            "price": "16.78",
            "revenue": 64525
        },
        "2004-06": {
            "month": "2004-06",
            "price": "16.24",
            "revenue": 66261
        },
        "2004-07": {
            "month": "2004-07",
            "price": "15.73",
            "revenue": 67970
        },
        "2004-08": {
            "month": "2004-08",
            "price": "16.62",
            "revenue": 66301
        },
        "2004-09": {
            "month": "2004-09",
            "price": "16.90",
            "revenue": 62141
        },
        "2004-10": {
            "month": "2004-10",
            "price": "15.96",
            "revenue": 64218
        },
        "2004-11": {
            "month": "2004-11",
            "price": "15.46",
            "revenue": 55967
        },
        "2004-12": {
            "month": "2004-12",
            "price": "14.62",
            "revenue": 82251
        },
        "2005-01": {
            "month": "2005-01",
            "price": "14.66",
            "revenue": 62864
        },
        "2005-02": {
            "month": "2005-02",
            "price": "13.80",
            "revenue": 74682
        },
        "2005-03": {
            "month": "2005-03",
            "price": "14.07",
            "revenue": 55184
        },
        "2005-04": {
            "month": "2005-04",
            "price": "13.44",
            "revenue": 54060
        },
        "2005-05": {
            "month": "2005-05",
            "price": "13.96",
            "revenue": 57503
        },
        "2005-06": {
            "month": "2005-06",
            "price": "15.33",
            "revenue": 59102
        },
        "2005-07": {
            "month": "2005-07",
            "price": "14.89",
            "revenue": 63875
        },
        "2005-08": {
            "month": "2005-08",
            "price": "14.61",
            "revenue": 59153
        },
        "2005-09": {
            "month": "2005-09",
            "price": "13.66",
            "revenue": 51439
        },
        "2005-10": {
            "month": "2005-10",
            "price": "13.12",
            "revenue": 56885
        },
        "2005-11": {
            "month": "2005-11",
            "price": "12.90",
            "revenue": 51810
        },
        "2005-12": {
            "month": "2005-12",
            "price": "13.46",
            "revenue": 74580
        },
        "2006-01": {
            "month": "2006-01",
            "price": "13.84",
            "revenue": 68722
        },
        "2006-02": {
            "month": "2006-02",
            "price": "13.66",
            "revenue": 59207
        },
        "2006-03": {
            "month": "2006-03",
            "price": "13.50",
            "revenue": 48427
        },
        "2006-04": {
            "month": "2006-04",
            "price": "15.28",
            "revenue": 50913
        },
        "2006-05": {
            "month": "2006-05",
            "price": "19.81",
            "revenue": 56972
        },
        "2006-06": {
            "month": "2006-06",
            "price": "17.02",
            "revenue": 47026
        },
        "2006-07": {
            "month": "2006-07",
            "price": "16.29",
            "revenue": 58004
        },
        "2006-08": {
            "month": "2006-08",
            "price": "15.63",
            "revenue": 52449
        },
        "2006-09": {
            "month": "2006-09",
            "price": "16.03",
            "revenue": 46429
        },
        "2006-10": {
            "month": "2006-10",
            "price": "20.58",
            "revenue": 54418
        },
        "2006-11": {
            "month": "2006-11",
            "price": "22.89",
            "revenue": 48835
        },
        "2006-12": {
            "month": "2006-12",
            "price": "26.08",
            "revenue": 53238
        },
        "2007-01": {
            "month": "2007-01",
            "price": "24.27",
            "revenue": 26216
        },
        "2007-02": {
            "month": "2007-02",
            "price": "25.26",
            "revenue": 42302
        },
        "2007-03": {
            "month": "2007-03",
            "price": "26.52",
            "revenue": 31390
        },
        "2007-04": {
            "month": "2007-04",
            "price": "29.57",
            "revenue": 45185
        },
        "2007-05": {
            "month": "2007-05",
            "price": "27.92",
            "revenue": 62890
        },
        "2007-06": {
            "month": "2007-06",
            "price": "27.45",
            "revenue": 56433
        },
        "2007-07": {
            "month": "2007-07",
            "price": "30.64",
            "revenue": 65556
        },
        "2007-08": {
            "month": "2007-08",
            "price": "27.21",
            "revenue": 60789
        },
        "2007-09": {
            "month": "2007-09",
            "price": "26.03",
            "revenue": 54666
        },
        "2007-10": {
            "month": "2007-10",
            "price": "25.55",
            "revenue": 51715
        },
        "2007-11": {
            "month": "2007-11",
            "price": "23.35",
            "revenue": 47946
        },
        "2007-12": {
            "month": "2007-12",
            "price": "21.81",
            "revenue": 77926
        },
        "2008-01": {
            "month": "2008-01",
            "price": "23.21",
            "revenue": 51706
        },
        "2008-02": {
            "month": "2008-02",
            "price": "24.90",
            "revenue": 69284
        },
        "2008-03": {
            "month": "2008-03",
            "price": "28.40",
            "revenue": 48690
        },
        "2008-04": {
            "month": "2008-04",
            "price": "32.58",
            "revenue": 47269
        },
        "2008-05": {
            "month": "2008-05",
            "price": "34.18",
            "revenue": 52524
        },
        "2008-06": {
            "month": "2008-06",
            "price": "28.82",
            "revenue": 50763
        },
        "2008-07": {
            "month": "2008-07",
            "price": "23.76",
            "revenue": 64270
        },
        "2008-08": {
            "month": "2008-08",
            "price": "23.04",
            "revenue": 59730
        },
        "2008-09": {
            "month": "2008-09",
            "price": "19.76",
            "revenue": 55679
        },
        "2008-10": {
            "month": "2008-10",
            "price": "17.19",
            "revenue": 60894
        },
        "2008-11": {
            "month": "2008-11",
            "price": "15.99",
            "revenue": 49322
        },
        "2008-12": {
            "month": "2008-12",
            "price": "16.99",
            "revenue": 56339
        },
        "2009-01": {
            "month": "2009-01",
            "price": "17.05",
            "revenue": 69298
        },
        "2009-02": {
            "month": "2009-02",
            "price": "16.46",
            "revenue": 49742
        },
        "2009-03": {
            "month": "2009-03",
            "price": "17.11",
            "revenue": 50664
        },
        "2009-04": {
            "month": "2009-04",
            "price": "19.00",
            "revenue": 50052
        },
        "2009-05": {
            "month": "2009-05",
            "price": "22.62",
            "revenue": 55004
        },
        "2009-06": {
            "month": "2009-06",
            "price": "26.19",
            "revenue": 53153
        },
        "2009-07": {
            "month": "2009-07",
            "price": "27.25",
            "revenue": 62952
        },
        "2009-08": {
            "month": "2009-08",
            "price": "26.30",
            "revenue": 57128
        },
        "2009-09": {
            "month": "2009-09",
            "price": "25.73",
            "revenue": 49737
        },
        "2009-10": {
            "month": "2009-10",
            "price": "25.93",
            "revenue": 60050
        },
        "2009-11": {
            "month": "2009-11",
            "price": "24.37",
            "revenue": 57222
        },
        "2009-12": {
            "month": "2009-12",
            "price": "24.45",
            "revenue": 67660
        },
        "2010-01": {
            "month": "2010-01",
            "price": "25.10",
            "revenue": 57411
        },
        "2010-02": {
            "month": "2010-02",
            "price": "23.86",
            "revenue": 71519
        },
        "2010-03": {
            "month": "2010-03",
            "price": "24.56",
            "revenue": 48966
        },
        "2010-04": {
            "month": "2010-04",
            "price": "25.39",
            "revenue": 49508
        },
        "2010-05": {
            "month": "2010-05",
            "price": "23.71",
            "revenue": 54677
        },
        "2010-06": {
            "month": "2010-06",
            "price": "24.50",
            "revenue": 48547
        },
        "2010-07": {
            "month": "2010-07",
            "price": "26.31",
            "revenue": 63883
        },
        "2010-08": {
            "month": "2010-08",
            "price": "28.96",
            "revenue": 62208
        },
        "2010-09": {
            "month": "2010-09",
            "price": "29.11",
            "revenue": 53573
        },
        "2010-10": {
            "month": "2010-10",
            "price": "29.37",
            "revenue": 59507
        },
        "2010-11": {
            "month": "2010-11",
            "price": "28.52",
            "revenue": 53121
        },
        "2010-12": {
            "month": "2010-12",
            "price": "28.76",
            "revenue": 66155
        },
        "2011-01": {
            "month": "2011-01",
            "price": "29.24",
            "revenue": 63725
        },
        "2011-02": {
            "month": "2011-02",
            "price": "27.94",
            "revenue": 71625
        },
        "2011-03": {
            "month": "2011-03",
            "price": "26.11",
            "revenue": 54706
        },
        "2011-04": {
            "month": "2011-04",
            "price": "25.67",
            "revenue": 63637
        },
        "2011-05": {
            "month": "2011-05",
            "price": "25.88",
            "revenue": 68513
        },
        "2011-06": {
            "month": "2011-06",
            "price": "25.93",
            "revenue": 63967
        },
        "2011-07": {
            "month": "2011-07",
            "price": "26.46",
            "revenue": 77381
        },
        "2011-08": {
            "month": "2011-08",
            "price": "25.77",
            "revenue": 75841
        },
        "2011-09": {
            "month": "2011-09",
            "price": "24.96",
            "revenue": 69499
        },
        "2011-10": {
            "month": "2011-10",
            "price": "24.88",
            "revenue": 78647
        },
        "2011-11": {
            "month": "2011-11",
            "price": "24.12",
            "revenue": 60914
        },
        "2011-12": {
            "month": "2011-12",
            "price": "25.49",
            "revenue": 75472
        },
        "2012-01": {
            "month": "2012-01",
            "price": "25.67",
            "revenue": 84891
        },
        "2012-02": {
            "month": "2012-02",
            "price": "26.01",
            "revenue": 68173
        },
        "2012-03": {
            "month": "2012-03",
            "price": "25.68",
            "revenue": 61502
        },
        "2012-04": {
            "month": "2012-04",
            "price": "25.30",
            "revenue": 69278
        },
        "2012-05": {
            "month": "2012-05",
            "price": "25.09",
            "revenue": 62462
        },
        "2012-06": {
            "month": "2012-06",
            "price": "25.18",
            "revenue": 60292
        },
        "2012-07": {
            "month": "2012-07",
            "price": "25.70",
            "revenue": 75564
        },
        "2012-08": {
            "month": "2012-08",
            "price": "26.62",
            "revenue": 75898
        },
        "2012-09": {
            "month": "2012-09",
            "price": "32.20",
            "revenue": 58486
        },
        "2012-10": {
            "month": "2012-10",
            "price": "43.18",
            "revenue": 61331
        },
        "2012-11": {
            "month": "2012-11",
            "price": "41.92",
            "revenue": 58029
        },
        "2012-12": {
            "month": "2012-12",
            "price": "40.67",
            "revenue": 73755
        },
        "2013-01": {
            "month": "2013-01",
            "price": "38.84",
            "revenue": 11719
        },
        "2013-02": {
            "month": "2013-02",
            "price": "37.92",
            "revenue": 11485
        },
        "2013-03": {
            "month": "2013-03",
            "price": "38.17",
            "revenue": 10622
        },
        "2013-04": {
            "month": "2013-04",
            "price": "37.40",
            "revenue": 11764
        },
        "2013-05": {
            "month": "2013-05",
            "price": "39.22",
            "revenue": 11558
        },
        "2013-06": {
            "month": "2013-06",
            "price": "40.14",
            "revenue": 11588
        },
        "2013-07": {
            "month": "2013-07",
            "price": "38.78",
            "revenue": 11238
        },
        "2013-08": {
            "month": "2013-08",
            "price": "37.98",
            "revenue": 10995
        },
        "2013-09": {
            "month": "2013-09",
            "price": "38.05",
            "revenue": 29667
        },
        "2013-10": {
            "month": "2013-10",
            "price": "39.45",
            "revenue": 7667
        },
        "2013-11": {
            "month": "2013-11",
            "price": "38.70",
            "revenue": 11193
        },
        "2013-12": {
            "month": "2013-12",
            "price": "38.32",
            "revenue": 11499
        },
        "2014-01": {
            "month": "2014-01",
            "price": "37.98",
            "revenue": 11661
        },
        "2014-02": {
            "month": "2014-02",
            "price": "37.23",
            "revenue": 10902
        },
        "2014-03": {
            "month": "2014-03",
            "price": "37.02",
            "revenue": 10728
        },
        "2014-04": {
            "month": "2014-04",
            "price": "36.32",
            "revenue": 11585
        },
        "2014-05": {
            "month": "2014-05",
            "price": "34.42",
            "revenue": 11277
        },
        "2014-06": {
            "month": "2014-06",
            "price": "34.98",
            "revenue": 11410
        },
        "2014-07": {
            "month": "2014-07",
            "price": "37.64",
            "revenue": 11159
        },
        "2014-08": {
            "month": "2014-08",
            "price": "35.10",
            "revenue": 11217
        },
        "2014-09": {
            "month": "2014-09",
            "price": "34.53",
            "revenue": 24647
        },
        "2014-10": {
            "month": "2014-10",
            "price": "32.82",
            "revenue": 13296
        },
        "2014-11": {
            "month": "2014-11",
            "price": "31.98",
            "revenue": 11138
        },
        "2014-12": {
            "month": "2014-12",
            "price": "32.41",
            "revenue": 11305
        },
        "2015-01": {
            "month": "2015-01",
            "price": "31.86",
            "revenue": 11084
        },
        "2015-02": {
            "month": "2015-02",
            "price": "31.25",
            "revenue": 11516
        },
        "2015-03": {
            "month": "2015-03",
            "price": "30.85",
            "revenue": 10832
        },
        "2015-04": {
            "month": "2015-04",
            "price": "30.88",
            "revenue": 11719
        },
        "2015-05": {
            "month": "2015-05",
            "price": "31.07",
            "revenue": 11633
        },
        "2015-06": {
            "month": "2015-06",
            "price": "28.99",
            "revenue": 11155
        },
        "2015-07": {
            "month": "2015-07",
            "price": "28.95",
            "revenue": 12803
        },
        "2015-08": {
            "month": "2015-08",
            "price": "28.21",
            "revenue": 11082
        },
        "2015-09": {
            "month": "2015-09",
            "price": "27.06",
            "revenue": 29031
        },
        "2015-10": {
            "month": "2015-10",
            "price": "27.08",
            "revenue": 13139
        },
        "2015-11": {
            "month": "2015-11",
            "price": "26.76",
            "revenue": 11161
        },
        "2015-12": {
            "month": "2015-12",
            "price": "26.92",
            "revenue": 11021
        },
        "2016-01": {
            "month": "2016-01",
            "price": "26.15",
            "revenue": 11327
        },
        "2016-02": {
            "month": "2016-02",
            "price": "25.99",
            "revenue": 11846
        },
        "2016-03": {
            "month": "2016-03",
            "price": "27.03",
            "revenue": 9339
        },
        "2016-04": {
            "month": "2016-04",
            "price": "26.02",
            "revenue": 10100
        },
        "2016-05": {
            "month": "2016-05",
            "price": "25.73",
            "revenue": 11228
        },
        "2016-06": {
            "month": "2016-06",
            "price": "25.74",
            "revenue": 11640
        },
        "2016-07": {
            "month": "2016-07",
            "price": "26.01",
            "revenue": 12700
        },
        "2016-08": {
            "month": "2016-08",
            "price": "25.73",
            "revenue": 11080
        },
        "2016-09": {
            "month": "2016-09",
            "price": "25.53",
            "revenue": 25337
        },
        "2016-10": {
            "month": "2016-10",
            "price": "25.92",
            "revenue": 12693
        },
        "2016-11": {
            "month": "2016-11",
            "price": "25.45",
            "revenue": 11326
        },
        "2016-12": {
            "month": "2016-12",
            "price": "25.58",
            "revenue": 11812
        },
        "2017-01": {
            "month": "2017-01",
            "price": "25.31",
            "revenue": 11816
        },
        "2017-02": {
            "month": "2017-02",
            "price": "26.33",
            "revenue": 11113
        },
        "2017-03": {
            "month": "2017-03",
            "price": "25.98",
            "revenue": 10547
        },
        "2017-04": {
            "month": "2017-04",
            "price": "24.33",
            "revenue": 11571
        },
        "2017-05": {
            "month": "2017-05",
            "price": "23.70",
            "revenue": 11869
        },
        "2017-06": {
            "month": "2017-06",
            "price": "23.95",
            "revenue": 11098
        },
        "2017-07": {
            "month": "2017-07",
            "price": "24.28",
            "revenue": 11267
        },
        "2017-08": {
            "month": "2017-08",
            "price": "24.89",
            "revenue": 10873
        },
        "2017-09": {
            "month": "2017-09",
            "price": "26.52",
            "revenue": 24893
        },
        "2017-10": {
            "month": "2017-10",
            "price": "27.11",
            "revenue": 11820
        },
        "2017-11": {
            "month": "2017-11",
            "price": "26.70",
            "revenue": 10610
        },
        "2017-12": {
            "month": "2017-12",
            "price": "26.30",
            "revenue": 11535
        },
        "2018-01": {
            "month": "2018-01",
            "price": "26.04",
            "revenue": 11161
        },
        "2018-02": {
            "month": "2018-02",
            "price": "25.33",
            "revenue": 10936
        },
        "2018-03": {
            "month": "2018-03",
            "price": "25.42",
            "revenue": 10530
        },
        "2018-04": {
            "month": "2018-04",
            "price": "25.74",
            "revenue": 10750
        },
        "2018-05": {
            "month": "2018-05",
            "price": "25.50",
            "revenue": 9957
        },
        "2018-06": {
            "month": "2018-06",
            "price": "25.50",
            "revenue": 9628
        },
        "2018-07": {
            "month": "2018-07",
            "price": "25.20",
            "revenue": 9856
        },
        "2018-08": {
            "month": "2018-08",
            "price": "25.11",
            "revenue": 9712
        },
        "2018-09": {
            "month": "2018-09",
            "price": "24.54",
            "revenue": 21993
        },
        "2018-10": {
            "month": "2018-10",
            "price": "24.52",
            "revenue": 10566
        },
        "2018-11": {
            "month": "2018-11",
            "price": "24.35",
            "revenue": 10601
        },
        "2018-12": {
            "month": "2018-12",
            "price": "24.55",
            "revenue": 15335
        },
        "2019-01": {
            "month": "2019-01",
            "price": "24.54",
            "revenue": 11057
        },
        "2019-02": {
            "month": "2019-02",
            "price": "24.15",
            "revenue": 10540
        },
        "2019-03": {
            "month": "2019-03",
            "price": "24.04",
            "revenue": 10488
        },
        "2019-04": {
            "month": "2019-04",
            "price": "24.04",
            "revenue": 10802
        },
        "2019-05": {
            "month": "2019-05",
            "price": "23.95",
            "revenue": 11235
        },
        "2019-06": {
            "month": "2019-06",
            "price": "24.11",
            "revenue": 10981
        },
        "2019-07": {
            "month": "2019-07",
            "price": "24.14",
            "revenue": 10915
        },
        "2019-08": {
            "month": "2019-08",
            "price": "23.29",
            "revenue": 10741
        },
        "2019-09": {
            "month": "2019-09",
            "price": "22.83",
            "revenue": 10398
        },
        "2019-10": {
            "month": "2019-10",
            "price": "22.98",
            "revenue": 11188
        },
        "2019-11": {
            "month": "2019-11",
            "price": "23.21",
            "revenue": 10645
        },
        "2019-12": {
            "month": "2019-12",
            "price": "23.67",
            "revenue": 18659
        },
        "2020-01": {
            "month": "2020-01",
            "price": "24.23",
            "revenue": 11162
        },
        "2020-02": {
            "month": "2020-02",
            "price": "23.75",
            "revenue": 9544
        },
        "2020-03": {
            "month": "2020-03",
            "price": "22.71",
            "revenue": 7628
        },
        "2020-04": {
            "month": "2020-04",
            "price": "22.00",
            "revenue": 7944
        },
        "2020-05": {
            "month": "2020-05",
            "price": "22.64",
            "revenue": 8192
        },
        "2020-06": {
            "month": "2020-06",
            "price": "23.98",
            "revenue": 8378
        },
        "2020-07": {
            "month": "2020-07",
            "price": "25.14",
            "revenue": 8642
        },
        "2020-08": {
            "month": "2020-08",
            "price": "24.01",
            "revenue": 9462
        },
        "2020-09": {
            "month": "2020-09",
            "price": "23.69",
            "revenue": 8876
        },
        "2020-10": {
            "month": "2020-10",
            "price": "23.84",
            "revenue": 9533
        },
        "2020-11": {
            "month": "2020-11",
            "price": "24.21",
            "revenue": 9631
        },
        "2020-12": {
            "month": "2020-12",
            "price": "24.67",
            "revenue": 9942
        },
        "2021-01": {
            "month": "2021-01",
            "price": "24.02",
            "revenue": 8974
        },
        "2021-02": {
            "month": "2021-02",
            "price": "23.63",
            "revenue": 8431
        },
        "2021-03": {
            "month": "2021-03",
            "price": "27.64",
            "revenue": 8024
        },
        "2021-04": {
            "month": "2021-04",
            "price": "35.12",
            "revenue": 8650
        },
        "2021-05": {
            "month": "2021-05",
            "price": "29.95",
            "revenue": 5276
        },
        "2021-06": {
            "month": "2021-06",
            "price": "29.07",
            "revenue": 3841
        },
        "2021-07": {
            "month": "2021-07",
            "price": "28.91",
            "revenue": 4808
        },
        "2021-08": {
            "month": "2021-08",
            "price": "25.80",
            "revenue": 6422
        },
        "2021-09": {
            "month": "2021-09",
            "price": "26.14",
            "revenue": 7680
        },
        "2021-10": {
            "month": "2021-10",
            "price": "25.20",
            "revenue": 9773
        },
        "2021-11": {
            "month": "2021-11",
            "price": "25.12",
            "revenue": 10154
        },
        "2021-12": {
            "month": "2021-12",
            "price": "25.22",
            "revenue": 10822
        },
        "2022-01": {
            "month": "2022-01",
            "price": "25.57",
            "revenue": 10706
        },
        "2022-02": {
            "month": "2022-02",
            "price": "25.19",
            "revenue": 10011
        },
        "2022-03": {
            "month": "2022-03",
            "price": "25.12",
            "revenue": 10114
        },
        "2022-04": {
            "month": "2022-04",
            "price": "24.76",
            "revenue": 9918
        },
        "2022-05": {
            "month": "2022-05",
            "price": "23.77",
            "revenue": 9117
        },
        "2022-06": {
            "month": "2022-06",
            "price": "23.77",
            "revenue": 9659
        },
        "2022-07": {
            "month": "2022-07",
            "price": "23.74",
            "revenue": 10378
        },
        "2022-08": {
            "month": "2022-08",
            "price": "23.85",
            "revenue": 8393
        },
        "2022-09": {
            "month": "2022-09",
            "price": "23.90",
            "revenue": 6429
        },
        "2022-10": {
            "month": "2022-10",
            "price": "23.33",
            "revenue": 10556
        },
        "2022-11": {
            "month": "2022-11",
            "price": "23.42",
            "revenue": 9903
        },
        "2022-12": {
            "month": "2022-12",
            "price": "23.55",
            "revenue": 8125
        },
        "2023-01": {
            "month": "2023-01",
            "price": "23.69",
            "revenue": 11543
        },
        "2023-02": {
            "month": "2023-02",
            "price": "24.55",
            "revenue": 9516
        },
        "2023-03": {
            "month": "2023-03",
            "price": "25.00",
            "revenue": 9626
        },
        "2023-04": {
            "month": "2023-04",
            "price": "24.91",
            "revenue": 10571
        },
        "2023-05": {
            "month": "2023-05",
            "price": "25.84",
            "revenue": 10830
        },
        "2023-06": {
            "month": "2023-06",
            "price": "28.93",
            "revenue": 11380
        },
        "2023-07": {
            "month": "2023-07",
            "price": "26.11",
            "revenue": 12252
        },
        "2023-08": {
            "month": "2023-08",
            "price": "25.59",
            "revenue": 11449
        },
        "2023-09": {
            "month": "2023-09",
            "price": "26.20",
            "revenue": 10980
        }
    }
}
