{
    "summary": {
        "stock_name": "遠百",
        "stock_id": "2903",
        "category": "貿易百貨",
        "main_business": "買賣環球百貨及經營超級市場",
        "website_url": "http://www.feds.com.tw",
        "ceo": "徐雪芳",
        "pe_ratio": 12,
        "report_year_from": 2001,
        "report_year_to": 2023,
        "age": 23,
        "eps_negative_percentage": 4,
        "eps_growth_avg": {
            "last_all": 4.53,
            "last_2y": 12.06,
            "last_4y": 16.36,
            "last_8y": 9.13,
            "last_12y": 2.25,
            "last_16y": 10.31,
            "last_20y": 9.76,
            "at_2006_last_3y": 6.63,
            "at_2007_last_3y": 29.97,
            "at_2008_last_3y": -15.72,
            "at_2009_last_3y": 18.55,
            "at_2010_last_3y": 36.51,
            "at_2011_last_3y": 6.39,
            "at_2012_last_3y": 20.95,
            "at_2013_last_3y": 1.71,
            "at_2014_last_3y": -13.24,
            "at_2015_last_3y": -5.09,
            "at_2016_last_3y": -7.28,
            "at_2017_last_3y": -3.98,
            "at_2018_last_3y": 0.1,
            "at_2019_last_3y": 5.66,
            "at_2020_last_3y": 16.79,
            "at_2021_last_3y": -1.8,
            "at_2022_last_3y": 16.4,
            "at_2023_last_3y": 11.85,
            "at_2024_last_3y": 11.85,
            "at_2006_last_all": -20.03,
            "at_2007_last_all": 3.98,
            "at_2008_last_all": -10.48,
            "at_2009_last_all": 5.3,
            "at_2010_last_all": 8.24,
            "at_2011_last_all": 5.05,
            "at_2012_last_all": 2.09,
            "at_2013_last_all": 3.99,
            "at_2014_last_all": 1.08,
            "at_2015_last_all": 1.93,
            "at_2016_last_all": -0.59,
            "at_2017_last_all": 1.87,
            "at_2018_last_all": 0.83,
            "at_2019_last_all": 2.81,
            "at_2020_last_all": 3.28,
            "at_2021_last_all": 1.1,
            "at_2022_last_all": 3.95,
            "at_2023_last_all": 4.53,
            "at_2024_last_all": 4.53
        },
        "latest_eps": 2.03,
        "latest_price": 24.7,
        "latest_roe": 10.13,
        "latest_gross_margin": 57.91,
        "latest_equity": 41244164,
        "latest_revenue": 8248735,
        "latest_gross_profit": 4776772,
        "latest_net_income": 977406,
        "latest_debt_ratio": 65.64,
        "latest_current_ratio": 53.23,
        "latest_account_receivable_turnover_ratio": 7.47,
        "latest_inventory_turnover_ratio": 1.45,
        "latest_reinvestment_rate": -30.95,
        "latest_research_to_sale_ratio": null
    },
    "eps_dividends": {
        "1990": {
            "cash": 2,
            "stock": 1.6,
            "eps": 0
        },
        "1991": {
            "cash": 0.8,
            "stock": 1,
            "eps": 0
        },
        "1992": {
            "cash": 1.2,
            "stock": 0.8,
            "eps": 0
        },
        "1993": {
            "cash": 1,
            "stock": 0.6,
            "eps": 0
        },
        "1994": {
            "cash": 1.2,
            "stock": 0.6,
            "eps": 0
        },
        "1995": {
            "cash": 1,
            "stock": 0.8,
            "eps": 0
        },
        "1996": {
            "cash": 0.3,
            "stock": 0.7,
            "eps": 0
        },
        "1998": {
            "cash": 0.2,
            "stock": 1.3,
            "eps": 0
        },
        "1999": {
            "cash": 0.2,
            "stock": 0.8,
            "eps": 0
        },
        "2001": {
            "cash": 0.2,
            "stock": 0.8,
            "eps": 0.03
        },
        "2002": {
            "cash": 0.2,
            "stock": 0,
            "eps": -0.59
        },
        "2003": {
            "cash": 0,
            "stock": 0,
            "eps": 0.32
        },
        "2004": {
            "cash": 0.25,
            "stock": 0,
            "eps": 1.59
        },
        "2005": {
            "cash": 0.6,
            "stock": 0.5,
            "eps": 1
        },
        "2006": {
            "cash": 0.5,
            "stock": 0.4,
            "eps": 0.57
        },
        "2007": {
            "cash": 0.5,
            "stock": 0.4,
            "eps": 1.51
        },
        "2008": {
            "cash": 1.3,
            "stock": 0.5,
            "eps": 0.26
        },
        "2009": {
            "cash": 0.3,
            "stock": 0.3,
            "eps": 1.63
        },
        "2010": {
            "cash": 0.75,
            "stock": 0.25,
            "eps": 2.1
        },
        "2011": {
            "cash": 2,
            "stock": 1,
            "eps": 1.67
        },
        "2012": {
            "cash": 0,
            "stock": 0,
            "eps": 1.26
        },
        "2013": {
            "cash": 0.8,
            "stock": 0.3,
            "eps": 1.55
        },
        "2014": {
            "cash": 1.15,
            "stock": 0.2,
            "eps": 1.07
        },
        "2015": {
            "cash": 1,
            "stock": 0,
            "eps": 1.2
        },
        "2016": {
            "cash": 1,
            "stock": 0,
            "eps": 0.8
        },
        "2017": {
            "cash": 0.7,
            "stock": 0,
            "eps": 1.09
        },
        "2018": {
            "cash": 1,
            "stock": 0,
            "eps": 0.93
        },
        "2019": {
            "cash": 0.85,
            "stock": 0,
            "eps": 1.25
        },
        "2020": {
            "cash": 0.8,
            "stock": 0,
            "eps": 1.39
        },
        "2021": {
            "cash": 1.1,
            "stock": 0,
            "eps": 0.86
        },
        "2022": {
            "cash": 0.9,
            "stock": 0,
            "eps": 1.36
        },
        "2023": {
            "cash": 1.1,
            "stock": 0,
            "eps": 1.58
        }
    },
    "dividends": {
        "1990-04-30": {
            "cash": 2,
            "stock": 1.6
        },
        "1991-05-02": {
            "cash": 0.8,
            "stock": 1
        },
        "1992-04-24": {
            "cash": 1.2,
            "stock": 0.8
        },
        "1993-04-30": {
            "cash": 1,
            "stock": 0.6
        },
        "1994-04-07": {
            "cash": 1.2,
            "stock": 0.6
        },
        "1995-04-15": {
            "cash": 1,
            "stock": 0.8
        },
        "1996-05-10": {
            "cash": 0.3,
            "stock": 0.7
        },
        "1998-05-18": {
            "cash": 0.2,
            "stock": 1.3
        },
        "1999-05-12": {
            "cash": 0.2,
            "stock": 0.8
        },
        "2001-05-09": {
            "cash": 0.2,
            "stock": 0.8
        },
        "2002-05-31": {
            "cash": 0.2,
            "stock": 0
        },
        "2004-03-04": {
            "cash": 0.25,
            "stock": 0
        },
        "2005-03-07": {
            "cash": 0.6,
            "stock": 0.5
        },
        "2006-03-09": {
            "cash": 0.5,
            "stock": 0.4
        },
        "2007-03-20": {
            "cash": 0.5,
            "stock": 0.4
        },
        "2008-03-24": {
            "cash": 1.3,
            "stock": 0.5
        },
        "2009-03-25": {
            "cash": 0.3,
            "stock": 0.3
        },
        "2010-03-22": {
            "cash": 0.75,
            "stock": 0.25
        },
        "2011-01-01": {
            "cash": 1,
            "stock": 0.4
        },
        "2011-03-23": {
            "cash": 1,
            "stock": 0.6
        },
        "2013-03-25": {
            "cash": 0.8,
            "stock": 0.3
        },
        "2014-09-24": {
            "cash": 1.15,
            "stock": 0.2
        },
        "2015-09-04": {
            "cash": 1,
            "stock": 0
        },
        "2016-09-02": {
            "cash": 1,
            "stock": 0
        },
        "2017-08-18": {
            "cash": 0.7,
            "stock": 0
        },
        "2018-08-16": {
            "cash": 1,
            "stock": 0
        },
        "2019-08-09": {
            "cash": 0.85,
            "stock": 0
        },
        "2020-08-11": {
            "cash": 0.8,
            "stock": 0
        },
        "2021-08-24": {
            "cash": 1.1,
            "stock": 0
        },
        "2022-08-12": {
            "cash": 0.9,
            "stock": 0
        },
        "2023-08-15": {
            "cash": 1.1,
            "stock": 0
        }
    },
    "prices": {
        "200101": "10.92",
        "200102": "11.71",
        "200103": "11.29",
        "200104": "10.18",
        "200105": "9.38",
        "200106": "9.04",
        "200107": "7.07",
        "200108": "6.96",
        "200109": "6.20",
        "200110": "6.11",
        "200111": "6.19",
        "200112": "6.53",
        "200201": "6.76",
        "200202": "6.61",
        "200203": "7.03",
        "200204": "8.33",
        "200205": "8.21",
        "200206": "8.48",
        "200207": "7.89",
        "200208": "6.91",
        "200209": "6.21",
        "200210": "5.78",
        "200211": "7.26",
        "200212": "7.77",
        "200301": "9.78",
        "200302": "9.16",
        "200303": "8.25",
        "200304": "7.75",
        "200305": "6.57",
        "200306": "8.04",
        "200307": "8.86",
        "200308": "9.44",
        "200309": "8.96",
        "200310": "11.98",
        "200311": "13.08",
        "200312": "12.80",
        "200401": "14.43",
        "200402": "17.92",
        "200403": "17.17",
        "200404": "16.14",
        "200405": "14.11",
        "200406": "14.06",
        "200407": "14.84",
        "200408": "16.28",
        "200409": "17.28",
        "200410": "17.29",
        "200411": "17.23",
        "200412": "17.76",
        "200501": "17.90",
        "200502": "17.04",
        "200503": "17.21",
        "200504": "15.11",
        "200505": "17.00",
        "200506": "19.94",
        "200507": "19.48",
        "200508": "20.41",
        "200509": "17.84",
        "200510": "17.08",
        "200511": "17.18",
        "200512": "18.97",
        "200601": "18.05",
        "200602": "17.02",
        "200603": "15.42",
        "200604": "16.59",
        "200605": "18.32",
        "200606": "16.74",
        "200607": "16.63",
        "200608": "16.13",
        "200609": "15.41",
        "200610": "17.17",
        "200611": "17.43",
        "200612": "19.88",
        "200701": "20.23",
        "200702": "21.88",
        "200703": "21.96",
        "200704": "22.59",
        "200705": "21.45",
        "200706": "23.29",
        "200707": "28.50",
        "200708": "29.43",
        "200709": "34.72",
        "200710": "38.31",
        "200711": "37.17",
        "200712": "37.99",
        "200801": "43.34",
        "200802": "51.95",
        "200803": "52.95",
        "200804": "52.79",
        "200805": "47.90",
        "200806": "43.73",
        "200807": "30.15",
        "200808": "25.74",
        "200809": "21.21",
        "200810": "17.71",
        "200811": "14.77",
        "200812": "17.65",
        "200901": "17.71",
        "200902": "14.73",
        "200903": "15.92",
        "200904": "21.32",
        "200905": "28.45",
        "200906": "31.86",
        "200907": "32.99",
        "200908": "28.52",
        "200909": "31.19",
        "200910": "35.73",
        "200911": "35.34",
        "200912": "35.47",
        "201001": "35.54",
        "201002": "25.28",
        "201003": "26.03",
        "201004": "28.31",
        "201005": "26.21",
        "201006": "27.55",
        "201007": "29.40",
        "201008": "34.25",
        "201009": "36.45",
        "201010": "39.71",
        "201011": "39.86",
        "201012": "46.14",
        "201101": "49.78",
        "201102": "47.18",
        "201103": "44.32",
        "201104": "51.19",
        "201105": "51.81",
        "201106": "53.75",
        "201107": "60.61",
        "201108": "54.14",
        "201109": "44.77",
        "201110": "43.49",
        "201111": "41.65",
        "201112": "34.63",
        "201201": "36.63",
        "201202": "41.03",
        "201203": "38.65",
        "201204": "33.20",
        "201205": "28.35",
        "201206": "27.40",
        "201207": "28.97",
        "201208": "31.28",
        "201209": "30.80",
        "201210": "30.13",
        "201211": "28.03",
        "201212": "30.08",
        "201301": "29.35",
        "201302": "28.64",
        "201303": "27.47",
        "201304": "26.42",
        "201305": "27.70",
        "201306": "27.62",
        "201307": "28.48",
        "201308": "30.19",
        "201309": "31.38",
        "201310": "31.39",
        "201311": "29.56",
        "201312": "29.20",
        "201401": "27.91",
        "201402": "27.35",
        "201403": "26.96",
        "201404": "27.62",
        "201405": "27.57",
        "201406": "28.08",
        "201407": "28.96",
        "201408": "30.05",
        "201409": "29.65",
        "201410": "27.92",
        "201411": "27.16",
        "201412": "27.07",
        "201501": "27.35",
        "201502": "27.21",
        "201503": "26.68",
        "201504": "24.95",
        "201505": "23.68",
        "201506": "20.08",
        "201507": "18.76",
        "201508": "16.34",
        "201509": "16.88",
        "201510": "18.48",
        "201511": "18.76",
        "201512": "18.11",
        "201601": "16.34",
        "201602": "16.91",
        "201603": "17.27",
        "201604": "17.47",
        "201605": "16.74",
        "201606": "16.90",
        "201607": "17.78",
        "201608": "17.47",
        "201609": "16.99",
        "201610": "16.84",
        "201611": "16.17",
        "201612": "15.88",
        "201701": "15.96",
        "201702": "16.39",
        "201703": "16.22",
        "201704": "15.99",
        "201705": "15.80",
        "201706": "15.68",
        "201707": "15.50",
        "201708": "14.97",
        "201709": "15.26",
        "201710": "14.98",
        "201711": "14.90",
        "201712": "14.86",
        "201801": "15.44",
        "201802": "15.87",
        "201803": "15.87",
        "201804": "18.40",
        "201805": "19.62",
        "201806": "19.53",
        "201807": "18.16",
        "201808": "17.37",
        "201809": "17.09",
        "201810": "15.92",
        "201811": "15.52",
        "201812": "15.56",
        "201901": "15.77",
        "201902": "16.28",
        "201903": "16.48",
        "201904": "16.46",
        "201905": "17.11",
        "201906": "18.92",
        "201907": "22.77",
        "201908": "22.81",
        "201909": "23.91",
        "201910": "25.28",
        "201911": "26.01",
        "201912": "25.54",
        "202001": "25.30",
        "202002": "24.34",
        "202003": "21.98",
        "202004": "22.10",
        "202005": "23.48",
        "202006": "25.04",
        "202007": "24.48",
        "202008": "25.33",
        "202009": "25.47",
        "202010": "24.20",
        "202011": "24.48",
        "202012": "24.28",
        "202101": "22.82",
        "202102": "22.07",
        "202103": "23.13",
        "202104": "24.39",
        "202105": "22.59",
        "202106": "22.81",
        "202107": "23.73",
        "202108": "22.03",
        "202109": "21.93",
        "202110": "22.43",
        "202111": "22.02",
        "202112": "21.28",
        "202201": "21.31",
        "202202": "21.29",
        "202203": "21.22",
        "202204": "21.01",
        "202205": "19.95",
        "202206": "20.25",
        "202207": "19.28",
        "202208": "19.48",
        "202209": "20.07",
        "202210": "18.52",
        "202211": "19.11",
        "202212": "20.93",
        "202301": "21.57",
        "202302": "21.86",
        "202303": "22.76",
        "202304": "22.48",
        "202305": "23.56",
        "202306": "24.00",
        "202307": "22.97",
        "202308": "22.28",
        "202309": "23.61",
        "202310": "23.88",
        "202311": "24.33",
        "202312": "24.80"
    },
    "quarters": {
        "20011": {
            "year_quarter": 20011,
            "year": 2001,
            "quarter": 1,
            "eps": 0.14,
            "eps_growth_year": -77.05,
            "eps_4q": 1.7,
            "eps_4q_growth_year": -14.02,
            "roe": 0.72,
            "roe_4q": 0.72,
            "gross_profit": 877073,
            "gross_margin": 20.63,
            "gross_margin_4q_avg": 20.63,
            "net_income": 124576,
            "net_income_4q": null,
            "revenue": 4250746,
            "revenue_4q": null,
            "common_shares": 9270293,
            "book_valuer_per_share": 17.96,
            "book_valuer_per_share_4q_avg": 17.96,
            "equity": 16649384,
            "current_ratio": 90.5,
            "debt_ratio": 41.84,
            "inventory_turnover_ratio": 2.95,
            "account_receivable_turnover_ratio": null,
            "reinvestment_rate": null,
            "research_to_sale_ratio": null,
            "price_fair": 0,
            "eps_avg_yearly": 0,
            "eps_latest_yearly": 0,
            "eps_growth_yearly": 0
        },
        "20012": {
            "year_quarter": 20012,
            "year": 2001,
            "quarter": 2,
            "eps": -0.11,
            "eps_growth_year": -222.22,
            "eps_4q": 1.42,
            "eps_4q_growth_year": -10.02,
            "roe": -0.7,
            "roe_4q": 0.020000000000000018,
            "gross_profit": 783736,
            "gross_margin": 20.95,
            "gross_margin_4q_avg": 20.79,
            "net_income": -113460,
            "net_income_4q": null,
            "revenue": 3740623,
            "revenue_4q": null,
            "common_shares": 9270293,
            "book_valuer_per_share": 16.84,
            "book_valuer_per_share_4q_avg": 17.4,
            "equity": 15607176,
            "current_ratio": 91.99,
            "debt_ratio": 45.27,
            "inventory_turnover_ratio": 7.86,
            "account_receivable_turnover_ratio": null,
            "reinvestment_rate": null,
            "research_to_sale_ratio": null,
            "price_fair": 0,
            "eps_avg_yearly": 0,
            "eps_latest_yearly": 0,
            "eps_growth_yearly": 0
        },
        "20013": {
            "year_quarter": 20013,
            "year": 2001,
            "quarter": 3,
            "eps": -0.32,
            "eps_growth_year": -120.78,
            "eps_4q": -0.43,
            "eps_4q_growth_year": -114.04,
            "roe": -2.06,
            "roe_4q": -2.04,
            "gross_profit": 722084,
            "gross_margin": 20.43,
            "gross_margin_4q_avg": 20.67,
            "net_income": -312839,
            "net_income_4q": null,
            "revenue": 3534922,
            "revenue_4q": null,
            "common_shares": 10001438,
            "book_valuer_per_share": 14.79,
            "book_valuer_per_share_4q_avg": 16.53,
            "equity": 14787655,
            "current_ratio": 92.48,
            "debt_ratio": 41.19,
            "inventory_turnover_ratio": 8.14,
            "account_receivable_turnover_ratio": null,
            "reinvestment_rate": null,
            "research_to_sale_ratio": null,
            "price_fair": 0,
            "eps_avg_yearly": 0,
            "eps_latest_yearly": 0,
            "eps_growth_yearly": 0
        },
        "20014": {
            "year_quarter": 20014,
            "year": 2001,
            "quarter": 4,
            "eps": 0.32,
            "eps_growth_year": null,
            "eps_4q": 0.01,
            "eps_4q_growth_year": -99.56,
            "roe": 2.01,
            "roe_4q": -0.03000000000000025,
            "gross_profit": 1110555,
            "gross_margin": 20.56,
            "gross_margin_4q_avg": 20.64,
            "net_income": 311001,
            "net_income_4q": null,
            "revenue": 5401189,
            "revenue_4q": null,
            "common_shares": 10001438,
            "book_valuer_per_share": 14.47,
            "book_valuer_per_share_4q_avg": 16.02,
            "equity": 16181117,
            "current_ratio": 80.92,
            "debt_ratio": 60.93,
            "inventory_turnover_ratio": 3.8,
            "account_receivable_turnover_ratio": null,
            "reinvestment_rate": null,
            "research_to_sale_ratio": null,
            "price_fair": 0,
            "eps_avg_yearly": 0,
            "eps_latest_yearly": 0,
            "eps_growth_yearly": 0
        },
        "20021": {
            "year_quarter": 20021,
            "year": 2002,
            "quarter": 1,
            "eps": 0.24,
            "eps_growth_year": 71.43,
            "eps_4q": 0.12,
            "eps_4q_growth_year": -93.16,
            "roe": 1.43,
            "roe_4q": 0.6799999999999995,
            "gross_profit": 931338,
            "gross_margin": 20.16,
            "gross_margin_4q_avg": 20.53,
            "net_income": 223478,
            "net_income_4q": null,
            "revenue": 4620371,
            "revenue_4q": null,
            "common_shares": 10001438,
            "book_valuer_per_share": 15.14,
            "book_valuer_per_share_4q_avg": 15.31,
            "equity": 15140239,
            "current_ratio": 103.29,
            "debt_ratio": 45.46,
            "inventory_turnover_ratio": 3.31,
            "account_receivable_turnover_ratio": null,
            "reinvestment_rate": null,
            "research_to_sale_ratio": null,
            "price_fair": 2.88,
            "eps_avg_yearly": 0.96,
            "eps_latest_yearly": 0.96,
            "eps_growth_yearly": -100
        },
        "20022": {
            "year_quarter": 20022,
            "year": 2002,
            "quarter": 2,
            "eps": -0.51,
            "eps_growth_year": null,
            "eps_4q": -0.25,
            "eps_4q_growth_year": -117.89,
            "roe": -3.17,
            "roe_4q": -1.7900000000000003,
            "gross_profit": 714355,
            "gross_margin": 20.52,
            "gross_margin_4q_avg": 20.42,
            "net_income": -474940,
            "net_income_4q": null,
            "revenue": 3481835,
            "revenue_4q": null,
            "common_shares": 10001438,
            "book_valuer_per_share": 14.84,
            "book_valuer_per_share_4q_avg": 14.81,
            "equity": 14840463,
            "current_ratio": 49.06,
            "debt_ratio": 47.29,
            "inventory_turnover_ratio": 9.96,
            "account_receivable_turnover_ratio": null,
            "reinvestment_rate": null,
            "research_to_sale_ratio": null,
            "price_fair": 2.88,
            "eps_avg_yearly": 0.96,
            "eps_latest_yearly": 0.96,
            "eps_growth_yearly": -100
        },
        "20023": {
            "year_quarter": 20023,
            "year": 2002,
            "quarter": 3,
            "eps": -0.33,
            "eps_growth_year": null,
            "eps_4q": -0.25,
            "eps_4q_growth_year": null,
            "roe": -2.11,
            "roe_4q": -1.8399999999999999,
            "gross_profit": 756165,
            "gross_margin": 20.3,
            "gross_margin_4q_avg": 20.39,
            "net_income": -305165,
            "net_income_4q": null,
            "revenue": 3724567,
            "revenue_4q": null,
            "common_shares": 10001438,
            "book_valuer_per_share": 14.11,
            "book_valuer_per_share_4q_avg": 14.64,
            "equity": 14107789,
            "current_ratio": 37.55,
            "debt_ratio": 50.96,
            "inventory_turnover_ratio": 11.21,
            "account_receivable_turnover_ratio": null,
            "reinvestment_rate": null,
            "research_to_sale_ratio": null,
            "price_fair": 2.88,
            "eps_avg_yearly": 0.96,
            "eps_latest_yearly": 0.96,
            "eps_growth_yearly": -100
        },
        "20024": {
            "year_quarter": 20024,
            "year": 2002,
            "quarter": 4,
            "eps": 0.01,
            "eps_growth_year": -96.88,
            "eps_4q": -0.07,
            "eps_4q_growth_year": -820.14,
            "roe": 0.04,
            "roe_4q": -3.8100000000000005,
            "gross_profit": 950042,
            "gross_margin": 20.03,
            "gross_margin_4q_avg": 20.25,
            "net_income": 6686,
            "net_income_4q": null,
            "revenue": 4742186,
            "revenue_4q": null,
            "common_shares": 10001438,
            "book_valuer_per_share": 14.62,
            "book_valuer_per_share_4q_avg": 14.68,
            "equity": 17193532,
            "current_ratio": 34.5,
            "debt_ratio": 76.14,
            "inventory_turnover_ratio": 2.85,
            "account_receivable_turnover_ratio": null,
            "reinvestment_rate": 1124.75,
            "research_to_sale_ratio": null,
            "price_fair": 2.88,
            "eps_avg_yearly": 0.96,
            "eps_latest_yearly": 0.96,
            "eps_growth_yearly": -100
        },
        "20031": {
            "year_quarter": 20031,
            "year": 2003,
            "quarter": 1,
            "eps": 0.05,
            "eps_growth_year": -79.17,
            "eps_4q": -0.83,
            "eps_4q_growth_year": -811.47,
            "roe": 0.28,
            "roe_4q": -4.96,
            "gross_profit": 932527,
            "gross_margin": 21.14,
            "gross_margin_4q_avg": 20.5,
            "net_income": 44116,
            "net_income_4q": null,
            "revenue": 4411067,
            "revenue_4q": null,
            "common_shares": 10001438,
            "book_valuer_per_share": 14.79,
            "book_valuer_per_share_4q_avg": 14.59,
            "equity": 14796111,
            "current_ratio": 66.07,
            "debt_ratio": 52.84,
            "inventory_turnover_ratio": 2.65,
            "account_receivable_turnover_ratio": null,
            "reinvestment_rate": 303.78,
            "research_to_sale_ratio": null,
            "price_fair": 20.3,
            "eps_avg_yearly": 0.58,
            "eps_latest_yearly": 0.2,
            "eps_growth_yearly": 750
        },
        "20032": {
            "year_quarter": 20032,
            "year": 2003,
            "quarter": 2,
            "eps": -0.23,
            "eps_growth_year": null,
            "eps_4q": -0.46,
            "eps_4q_growth_year": null,
            "roe": -1.43,
            "roe_4q": -3.2199999999999998,
            "gross_profit": 726301,
            "gross_margin": 20.59,
            "gross_margin_4q_avg": 20.52,
            "net_income": -210061,
            "net_income_4q": null,
            "revenue": 3527140,
            "revenue_4q": null,
            "common_shares": 10001438,
            "book_valuer_per_share": 14.62,
            "book_valuer_per_share_4q_avg": 14.54,
            "equity": 14620803,
            "current_ratio": 80.14,
            "debt_ratio": 53.55,
            "inventory_turnover_ratio": 12.45,
            "account_receivable_turnover_ratio": null,
            "reinvestment_rate": 365.07,
            "research_to_sale_ratio": null,
            "price_fair": 20.3,
            "eps_avg_yearly": 0.58,
            "eps_latest_yearly": 0.2,
            "eps_growth_yearly": 750
        },
        "20033": {
            "year_quarter": 20033,
            "year": 2003,
            "quarter": 3,
            "eps": 0.37,
            "eps_growth_year": null,
            "eps_4q": 0.2,
            "eps_4q_growth_year": null,
            "roe": 2.3,
            "roe_4q": 1.19,
            "gross_profit": 883741,
            "gross_margin": 20.87,
            "gross_margin_4q_avg": 20.66,
            "net_income": 342942,
            "net_income_4q": null,
            "revenue": 4235273,
            "revenue_4q": null,
            "common_shares": 9870448,
            "book_valuer_per_share": 15.38,
            "book_valuer_per_share_4q_avg": 14.85,
            "equity": 15175854,
            "current_ratio": 49.73,
            "debt_ratio": 54.06,
            "inventory_turnover_ratio": 14.62,
            "account_receivable_turnover_ratio": null,
            "reinvestment_rate": 358,
            "research_to_sale_ratio": null,
            "price_fair": 20.3,
            "eps_avg_yearly": 0.58,
            "eps_latest_yearly": 0.2,
            "eps_growth_yearly": 750
        },
        "20034": {
            "year_quarter": 20034,
            "year": 2003,
            "quarter": 4,
            "eps": 0.13,
            "eps_growth_year": 1200,
            "eps_4q": 0.31,
            "eps_4q_growth_year": null,
            "roe": 0.71,
            "roe_4q": 1.8599999999999999,
            "gross_profit": 1135513,
            "gross_margin": 20.32,
            "gross_margin_4q_avg": 20.73,
            "net_income": 124815,
            "net_income_4q": null,
            "revenue": 5589465,
            "revenue_4q": null,
            "common_shares": 9870448,
            "book_valuer_per_share": 15.85,
            "book_valuer_per_share_4q_avg": 15.16,
            "equity": 19843963,
            "current_ratio": 43.92,
            "debt_ratio": 73.51,
            "inventory_turnover_ratio": 3.42,
            "account_receivable_turnover_ratio": null,
            "reinvestment_rate": 1782.18,
            "research_to_sale_ratio": null,
            "price_fair": 19.6,
            "eps_avg_yearly": 0.56,
            "eps_latest_yearly": 0.52,
            "eps_growth_yearly": 413.51
        },
        "20041": {
            "year_quarter": 20041,
            "year": 2004,
            "quarter": 1,
            "eps": 0.4,
            "eps_growth_year": 700,
            "eps_4q": 0.68,
            "eps_4q_growth_year": null,
            "roe": 2.07,
            "roe_4q": 3.6500000000000004,
            "gross_profit": 968702,
            "gross_margin": 21.53,
            "gross_margin_4q_avg": 20.83,
            "net_income": 374520,
            "net_income_4q": null,
            "revenue": 4499878,
            "revenue_4q": null,
            "common_shares": 9870448,
            "book_valuer_per_share": 16.63,
            "book_valuer_per_share_4q_avg": 15.62,
            "equity": 16415930,
            "current_ratio": 48.8,
            "debt_ratio": 54.3,
            "inventory_turnover_ratio": 2.75,
            "account_receivable_turnover_ratio": null,
            "reinvestment_rate": 659.74,
            "research_to_sale_ratio": null,
            "price_fair": 28.7,
            "eps_avg_yearly": 0.82,
            "eps_latest_yearly": 1.6,
            "eps_growth_yearly": 517.83
        },
        "20042": {
            "year_quarter": 20042,
            "year": 2004,
            "quarter": 2,
            "eps": 1.2,
            "eps_growth_year": null,
            "eps_4q": 2.1,
            "eps_4q_growth_year": null,
            "roe": 6.69,
            "roe_4q": 11.77,
            "gross_profit": 809992,
            "gross_margin": 21.42,
            "gross_margin_4q_avg": 21.04,
            "net_income": 1117064,
            "net_income_4q": null,
            "revenue": 3781326,
            "revenue_4q": null,
            "common_shares": 9870448,
            "book_valuer_per_share": 17.18,
            "book_valuer_per_share_4q_avg": 16.26,
            "equity": 16957232,
            "current_ratio": 48.52,
            "debt_ratio": 54.45,
            "inventory_turnover_ratio": 13.78,
            "account_receivable_turnover_ratio": null,
            "reinvestment_rate": 318.81,
            "research_to_sale_ratio": null,
            "price_fair": 56.56,
            "eps_avg_yearly": 1.62,
            "eps_latest_yearly": 4.8,
            "eps_growth_yearly": 574.26
        },
        "20043": {
            "year_quarter": 20043,
            "year": 2004,
            "quarter": 3,
            "eps": 0.13,
            "eps_growth_year": -64.86,
            "eps_4q": 1.91,
            "eps_4q_growth_year": 864.1,
            "roe": 0.69,
            "roe_4q": 10.16,
            "gross_profit": 775045,
            "gross_margin": 21.34,
            "gross_margin_4q_avg": 21.15,
            "net_income": 118011,
            "net_income_4q": null,
            "revenue": 3632396,
            "revenue_4q": null,
            "common_shares": 9870448,
            "book_valuer_per_share": 17.71,
            "book_valuer_per_share_4q_avg": 16.84,
            "equity": 17481889,
            "current_ratio": 16.37,
            "debt_ratio": 49.78,
            "inventory_turnover_ratio": 12.58,
            "account_receivable_turnover_ratio": null,
            "reinvestment_rate": 644.28,
            "research_to_sale_ratio": null,
            "price_fair": 50.17,
            "eps_avg_yearly": 1.43,
            "eps_latest_yearly": 0.52,
            "eps_growth_yearly": 419.11
        },
        "20044": {
            "year_quarter": 20044,
            "year": 2004,
            "quarter": 4,
            "eps": -0.14,
            "eps_growth_year": -207.69,
            "eps_4q": 1.23,
            "eps_4q_growth_year": 292.87,
            "roe": -0.66,
            "roe_4q": 8.790000000000001,
            "gross_profit": 1078071,
            "gross_margin": 20.55,
            "gross_margin_4q_avg": 21.21,
            "net_income": -130066,
            "net_income_4q": null,
            "revenue": 5247173,
            "revenue_4q": null,
            "common_shares": 9870448,
            "book_valuer_per_share": 17.45,
            "book_valuer_per_share_4q_avg": 17.24,
            "equity": 21737751,
            "current_ratio": 42.92,
            "debt_ratio": 71.51,
            "inventory_turnover_ratio": 3.3,
            "account_receivable_turnover_ratio": null,
            "reinvestment_rate": 1611.01,
            "research_to_sale_ratio": null,
            "price_fair": 50.17,
            "eps_avg_yearly": 1.43,
            "eps_latest_yearly": 0.52,
            "eps_growth_yearly": 419.11
        },
        "20051": {
            "year_quarter": 20051,
            "year": 2005,
            "quarter": 1,
            "eps": 0.54,
            "eps_growth_year": 35,
            "eps_4q": 1.71,
            "eps_4q_growth_year": 153.41,
            "roe": 2.56,
            "roe_4q": 9.280000000000001,
            "gross_profit": 1040427,
            "gross_margin": 21.28,
            "gross_margin_4q_avg": 21.15,
            "net_income": 509514,
            "net_income_4q": null,
            "revenue": 4890279,
            "revenue_4q": null,
            "common_shares": 9870448,
            "book_valuer_per_share": 18.36,
            "book_valuer_per_share_4q_avg": 17.68,
            "equity": 18126905,
            "current_ratio": 12.91,
            "debt_ratio": 48.67,
            "inventory_turnover_ratio": 3.1,
            "account_receivable_turnover_ratio": null,
            "reinvestment_rate": 513.61,
            "research_to_sale_ratio": null,
            "price_fair": 50.17,
            "eps_avg_yearly": 1.43,
            "eps_latest_yearly": 0.52,
            "eps_growth_yearly": 419.11
        },
        "20052": {
            "year_quarter": 20052,
            "year": 2005,
            "quarter": 2,
            "eps": -0.07,
            "eps_growth_year": -105.83,
            "eps_4q": 0.44,
            "eps_4q_growth_year": -79.13,
            "roe": -0.36,
            "roe_4q": 2.23,
            "gross_profit": 850017,
            "gross_margin": 21.82,
            "gross_margin_4q_avg": 21.25,
            "net_income": -63958,
            "net_income_4q": null,
            "revenue": 3896098,
            "revenue_4q": null,
            "common_shares": 9870448,
            "book_valuer_per_share": 17.62,
            "book_valuer_per_share_4q_avg": 17.79,
            "equity": 17393875,
            "current_ratio": 58.53,
            "debt_ratio": 56.26,
            "inventory_turnover_ratio": 14.66,
            "account_receivable_turnover_ratio": null,
            "reinvestment_rate": 530.91,
            "research_to_sale_ratio": null,
            "price_fair": 50.17,
            "eps_avg_yearly": 1.43,
            "eps_latest_yearly": 0.52,
            "eps_growth_yearly": 419.11
        },
        "20053": {
            "year_quarter": 20053,
            "year": 2005,
            "quarter": 3,
            "eps": 0.33,
            "eps_growth_year": 153.85,
            "eps_4q": 0.64,
            "eps_4q_growth_year": -66.3,
            "roe": 1.87,
            "roe_4q": 3.41,
            "gross_profit": 843544,
            "gross_margin": 21.1,
            "gross_margin_4q_avg": 21.19,
            "net_income": 331769,
            "net_income_4q": null,
            "revenue": 3997471,
            "revenue_4q": null,
            "common_shares": 10363970,
            "book_valuer_per_share": 17.4,
            "book_valuer_per_share_4q_avg": 17.71,
            "equity": 18035950,
            "current_ratio": 31.31,
            "debt_ratio": 50.43,
            "inventory_turnover_ratio": 12.94,
            "account_receivable_turnover_ratio": null,
            "reinvestment_rate": 355.53,
            "research_to_sale_ratio": null,
            "price_fair": 50.17,
            "eps_avg_yearly": 1.43,
            "eps_latest_yearly": 0.52,
            "eps_growth_yearly": 419.11
        },
        "20054": {
            "year_quarter": 20054,
            "year": 2005,
            "quarter": 4,
            "eps": 0.2,
            "eps_growth_year": null,
            "eps_4q": 0.97,
            "eps_4q_growth_year": -21.52,
            "roe": 0.98,
            "roe_4q": 5.050000000000001,
            "gross_profit": 1103215,
            "gross_margin": 20.32,
            "gross_margin_4q_avg": 21.13,
            "net_income": 202101,
            "net_income_4q": null,
            "revenue": 5428956,
            "revenue_4q": null,
            "common_shares": 10363970,
            "book_valuer_per_share": 17.64,
            "book_valuer_per_share_4q_avg": 17.76,
            "equity": 23369522,
            "current_ratio": 42.43,
            "debt_ratio": 69.99,
            "inventory_turnover_ratio": 3.57,
            "account_receivable_turnover_ratio": null,
            "reinvestment_rate": 767.59,
            "research_to_sale_ratio": null,
            "price_fair": 47,
            "eps_avg_yearly": 1.34,
            "eps_latest_yearly": 0.8,
            "eps_growth_yearly": 336.72
        },
        "20061": {
            "year_quarter": 20061,
            "year": 2006,
            "quarter": 1,
            "eps": 0.22,
            "eps_growth_year": -59.26,
            "eps_4q": 0.69,
            "eps_4q_growth_year": -59.63,
            "roe": 1.03,
            "roe_4q": 3.52,
            "gross_profit": 973843,
            "gross_margin": 21.42,
            "gross_margin_4q_avg": 21.17,
            "net_income": 219610,
            "net_income_4q": null,
            "revenue": 4546259,
            "revenue_4q": null,
            "common_shares": 10363970,
            "book_valuer_per_share": 18.53,
            "book_valuer_per_share_4q_avg": 17.8,
            "equity": 19200064,
            "current_ratio": 16.27,
            "debt_ratio": 49.23,
            "inventory_turnover_ratio": 2.94,
            "account_receivable_turnover_ratio": null,
            "reinvestment_rate": 320.27,
            "research_to_sale_ratio": null,
            "price_fair": 46.6,
            "eps_avg_yearly": 1.33,
            "eps_latest_yearly": 0.88,
            "eps_growth_yearly": 356.72
        },
        "20062": {
            "year_quarter": 20062,
            "year": 2006,
            "quarter": 2,
            "eps": -0.01,
            "eps_growth_year": null,
            "eps_4q": 0.72,
            "eps_4q_growth_year": 63.68,
            "roe": -0.04,
            "roe_4q": 3.84,
            "gross_profit": 899580,
            "gross_margin": 21.19,
            "gross_margin_4q_avg": 21.01,
            "net_income": -8432,
            "net_income_4q": null,
            "revenue": 4245621,
            "revenue_4q": null,
            "common_shares": 10363970,
            "book_valuer_per_share": 18.62,
            "book_valuer_per_share_4q_avg": 18.05,
            "equity": 19294266,
            "current_ratio": 17.22,
            "debt_ratio": 51.35,
            "inventory_turnover_ratio": 13.24,
            "account_receivable_turnover_ratio": null,
            "reinvestment_rate": 193.38,
            "research_to_sale_ratio": null,
            "price_fair": 46.6,
            "eps_avg_yearly": 1.33,
            "eps_latest_yearly": 0.88,
            "eps_growth_yearly": 356.72
        },
        "20063": {
            "year_quarter": 20063,
            "year": 2006,
            "quarter": 3,
            "eps": 0.28,
            "eps_growth_year": -15.15,
            "eps_4q": 0.68,
            "eps_4q_growth_year": 5.77,
            "roe": 1.48,
            "roe_4q": 3.4499999999999997,
            "gross_profit": 860851,
            "gross_margin": 21.02,
            "gross_margin_4q_avg": 20.99,
            "net_income": 288611,
            "net_income_4q": null,
            "revenue": 4095171,
            "revenue_4q": null,
            "common_shares": 10778529,
            "book_valuer_per_share": 18.35,
            "book_valuer_per_share_4q_avg": 18.29,
            "equity": 19781107,
            "current_ratio": 17.46,
            "debt_ratio": 51.16,
            "inventory_turnover_ratio": 10.5,
            "account_receivable_turnover_ratio": null,
            "reinvestment_rate": 121.98,
            "research_to_sale_ratio": null,
            "price_fair": 46.6,
            "eps_avg_yearly": 1.33,
            "eps_latest_yearly": 0.88,
            "eps_growth_yearly": 356.72
        },
        "20064": {
            "year_quarter": 20064,
            "year": 2006,
            "quarter": 4,
            "eps": 0.08,
            "eps_growth_year": -60,
            "eps_4q": 0.54,
            "eps_4q_growth_year": -43.98,
            "roe": 0.37,
            "roe_4q": 2.84,
            "gross_profit": 1152869,
            "gross_margin": 20.36,
            "gross_margin_4q_avg": 21,
            "net_income": 86363,
            "net_income_4q": null,
            "revenue": 5662308,
            "revenue_4q": null,
            "common_shares": 10778529,
            "book_valuer_per_share": 19.36,
            "book_valuer_per_share_4q_avg": 18.72,
            "equity": 26834014,
            "current_ratio": 47.65,
            "debt_ratio": 67.27,
            "inventory_turnover_ratio": 3.63,
            "account_receivable_turnover_ratio": null,
            "reinvestment_rate": -3.03,
            "research_to_sale_ratio": null,
            "price_fair": 42.18,
            "eps_avg_yearly": 1.21,
            "eps_latest_yearly": 0.32,
            "eps_growth_yearly": 276.42
        },
        "20071": {
            "year_quarter": 20071,
            "year": 2007,
            "quarter": 1,
            "eps": 0.25,
            "eps_growth_year": 13.64,
            "eps_4q": 0.6,
            "eps_4q_growth_year": -12.83,
            "roe": 1.08,
            "roe_4q": 2.89,
            "gross_profit": 1001129,
            "gross_margin": 20.84,
            "gross_margin_4q_avg": 20.85,
            "net_income": 260233,
            "net_income_4q": null,
            "revenue": 4803147,
            "revenue_4q": null,
            "common_shares": 10778529,
            "book_valuer_per_share": 19.88,
            "book_valuer_per_share_4q_avg": 19.05,
            "equity": 21426782,
            "current_ratio": 27.42,
            "debt_ratio": 49.24,
            "inventory_turnover_ratio": 3.21,
            "account_receivable_turnover_ratio": null,
            "reinvestment_rate": 56.68,
            "research_to_sale_ratio": null,
            "price_fair": 45.68,
            "eps_avg_yearly": 1.31,
            "eps_latest_yearly": 1,
            "eps_growth_yearly": 182.67
        },
        "20072": {
            "year_quarter": 20072,
            "year": 2007,
            "quarter": 2,
            "eps": 0.77,
            "eps_growth_year": null,
            "eps_4q": 1.38,
            "eps_4q_growth_year": 91.38,
            "roe": 3.64,
            "roe_4q": 6.57,
            "gross_profit": 959732,
            "gross_margin": 20.98,
            "gross_margin_4q_avg": 20.8,
            "net_income": 807403,
            "net_income_4q": null,
            "revenue": 4574720,
            "revenue_4q": null,
            "common_shares": 10778529,
            "book_valuer_per_share": 21.24,
            "book_valuer_per_share_4q_avg": 19.71,
            "equity": 22893365,
            "current_ratio": 27.98,
            "debt_ratio": 47.87,
            "inventory_turnover_ratio": 13.99,
            "account_receivable_turnover_ratio": null,
            "reinvestment_rate": 46.47,
            "research_to_sale_ratio": null,
            "price_fair": 52.58,
            "eps_avg_yearly": 1.5,
            "eps_latest_yearly": 3.08,
            "eps_growth_yearly": 254.82
        },
        "20073": {
            "year_quarter": 20073,
            "year": 2007,
            "quarter": 3,
            "eps": 0.48,
            "eps_growth_year": 71.43,
            "eps_4q": 1.53,
            "eps_4q_growth_year": 124.82,
            "roe": 2.17,
            "roe_4q": 7.260000000000001,
            "gross_profit": 894308,
            "gross_margin": 20.28,
            "gross_margin_4q_avg": 20.62,
            "net_income": 527077,
            "net_income_4q": null,
            "revenue": 4410789,
            "revenue_4q": null,
            "common_shares": 11209670,
            "book_valuer_per_share": 22.88,
            "book_valuer_per_share_4q_avg": 20.84,
            "equity": 25644422,
            "current_ratio": 18.58,
            "debt_ratio": 44.29,
            "inventory_turnover_ratio": 12.08,
            "account_receivable_turnover_ratio": null,
            "reinvestment_rate": 27.69,
            "research_to_sale_ratio": null,
            "price_fair": 54.04,
            "eps_avg_yearly": 1.54,
            "eps_latest_yearly": 1.92,
            "eps_growth_yearly": 214.27
        },
        "20074": {
            "year_quarter": 20074,
            "year": 2007,
            "quarter": 4,
            "eps": 0.01,
            "eps_growth_year": -87.5,
            "eps_4q": 0.73,
            "eps_4q_growth_year": 34.66,
            "roe": 0.04,
            "roe_4q": 6.93,
            "gross_profit": 1329177,
            "gross_margin": 19.76,
            "gross_margin_4q_avg": 20.47,
            "net_income": 12439,
            "net_income_4q": null,
            "revenue": 6726063,
            "revenue_4q": null,
            "common_shares": 11209670,
            "book_valuer_per_share": 21.66,
            "book_valuer_per_share_4q_avg": 21.42,
            "equity": 30320457,
            "current_ratio": 48.01,
            "debt_ratio": 63.74,
            "inventory_turnover_ratio": 4.5,
            "account_receivable_turnover_ratio": null,
            "reinvestment_rate": -47.28,
            "research_to_sale_ratio": null,
            "price_fair": 52.36,
            "eps_avg_yearly": 1.5,
            "eps_latest_yearly": 0.04,
            "eps_growth_yearly": 201.05
        },
        "20081": {
            "year_quarter": 20081,
            "year": 2008,
            "quarter": 1,
            "eps": 0.27,
            "eps_growth_year": 8,
            "eps_4q": 0.6,
            "eps_4q_growth_year": -0.79,
            "roe": 2.37,
            "roe_4q": 8.22,
            "gross_profit": 5023102,
            "gross_margin": 22.08,
            "gross_margin_4q_avg": 20.78,
            "net_income": 744348,
            "net_income_4q": null,
            "revenue": 22749082,
            "revenue_4q": null,
            "common_shares": 11209670,
            "book_valuer_per_share": 23.49,
            "book_valuer_per_share_4q_avg": 22.32,
            "equity": 32624251,
            "current_ratio": 42.64,
            "debt_ratio": 59.64,
            "inventory_turnover_ratio": 8.84,
            "account_receivable_turnover_ratio": null,
            "reinvestment_rate": 347.22,
            "research_to_sale_ratio": null,
            "price_fair": 50.54,
            "eps_avg_yearly": 1.44,
            "eps_latest_yearly": 1.08,
            "eps_growth_yearly": 1157.97
        },
        "20082": {
            "year_quarter": 20082,
            "year": 2008,
            "quarter": 2,
            "eps": -0.1,
            "eps_growth_year": -112.99,
            "eps_4q": 0.65,
            "eps_4q_growth_year": -53,
            "roe": 0.07,
            "roe_4q": 4.65,
            "gross_profit": 3906149,
            "gross_margin": 20.14,
            "gross_margin_4q_avg": 20.57,
            "net_income": 21836,
            "net_income_4q": null,
            "revenue": 19395995,
            "revenue_4q": null,
            "common_shares": 11209670,
            "book_valuer_per_share": 20.64,
            "book_valuer_per_share_4q_avg": 22.17,
            "equity": 28387681,
            "current_ratio": 32.71,
            "debt_ratio": 63.76,
            "inventory_turnover_ratio": 8.02,
            "account_receivable_turnover_ratio": null,
            "reinvestment_rate": 446.4,
            "research_to_sale_ratio": null,
            "price_fair": 37.49,
            "eps_avg_yearly": 1.07,
            "eps_latest_yearly": 1.08,
            "eps_growth_yearly": 1197.75
        },
        "20083": {
            "year_quarter": 20083,
            "year": 2008,
            "quarter": 3,
            "eps": 0.1,
            "eps_growth_year": -79.17,
            "eps_4q": 0.18,
            "eps_4q_growth_year": -88.53,
            "roe": 0.65,
            "roe_4q": 3.13,
            "gross_profit": 4063128,
            "gross_margin": 20.29,
            "gross_margin_4q_avg": 20.57,
            "net_income": 176396,
            "net_income_4q": null,
            "revenue": 20025547,
            "revenue_4q": null,
            "common_shares": 11770154,
            "book_valuer_per_share": 17.59,
            "book_valuer_per_share_4q_avg": 20.85,
            "equity": 26122389,
            "current_ratio": 33.04,
            "debt_ratio": 66.63,
            "inventory_turnover_ratio": 7.8,
            "account_receivable_turnover_ratio": null,
            "reinvestment_rate": 441.26,
            "research_to_sale_ratio": null,
            "price_fair": 39.9,
            "eps_avg_yearly": 1.14,
            "eps_latest_yearly": 1.08,
            "eps_growth_yearly": 1392.05
        },
        "20084": {
            "year_quarter": 20084,
            "year": 2008,
            "quarter": 4,
            "eps": -0.01,
            "eps_growth_year": -200,
            "eps_4q": 0.06,
            "eps_4q_growth_year": -92,
            "roe": 1.09,
            "roe_4q": 4.180000000000001,
            "gross_profit": 5594707,
            "gross_margin": 20.6,
            "gross_margin_4q_avg": 20.78,
            "net_income": 283278,
            "net_income_4q": null,
            "revenue": 27159530,
            "revenue_4q": null,
            "common_shares": 11770154,
            "book_valuer_per_share": 17.54,
            "book_valuer_per_share_4q_avg": 19.82,
            "equity": 25860967,
            "current_ratio": 40.17,
            "debt_ratio": 68.6,
            "inventory_turnover_ratio": 9.67,
            "account_receivable_turnover_ratio": 108.22,
            "reinvestment_rate": -42.85,
            "research_to_sale_ratio": null,
            "price_fair": 39.9,
            "eps_avg_yearly": 1.14,
            "eps_latest_yearly": 1.08,
            "eps_growth_yearly": 1392.05
        },
        "20091": {
            "year_quarter": 20091,
            "year": 2009,
            "quarter": 1,
            "eps": 0.28,
            "eps_growth_year": 3.7,
            "eps_4q": 0.15,
            "eps_4q_growth_year": -74.87,
            "roe": 2.2,
            "roe_4q": 4.01,
            "gross_profit": 4748886,
            "gross_margin": 20.7,
            "gross_margin_4q_avg": 20.43,
            "net_income": 582696,
            "net_income_4q": null,
            "revenue": 22939554,
            "revenue_4q": null,
            "common_shares": 11770154,
            "book_valuer_per_share": 18.34,
            "book_valuer_per_share_4q_avg": 18.53,
            "equity": 27123104,
            "current_ratio": 38.36,
            "debt_ratio": 66,
            "inventory_turnover_ratio": 8.36,
            "account_receivable_turnover_ratio": 52.65,
            "reinvestment_rate": 387.73,
            "research_to_sale_ratio": null,
            "price_fair": 39.9,
            "eps_avg_yearly": 1.14,
            "eps_latest_yearly": 1.08,
            "eps_growth_yearly": 1392.05
        },
        "20092": {
            "year_quarter": 20092,
            "year": 2009,
            "quarter": 2,
            "eps": 0.17,
            "eps_growth_year": null,
            "eps_4q": 0.32,
            "eps_4q_growth_year": -51.02,
            "roe": 1.23,
            "roe_4q": 5.170000000000001,
            "gross_profit": 4544733,
            "gross_margin": 20.58,
            "gross_margin_4q_avg": 20.54,
            "net_income": 337968,
            "net_income_4q": null,
            "revenue": 22084955,
            "revenue_4q": null,
            "common_shares": 11770154,
            "book_valuer_per_share": 19.39,
            "book_valuer_per_share_4q_avg": 18.22,
            "equity": 27701017,
            "current_ratio": 36.64,
            "debt_ratio": 65.84,
            "inventory_turnover_ratio": 8.65,
            "account_receivable_turnover_ratio": 60.53,
            "reinvestment_rate": 375.04,
            "research_to_sale_ratio": null,
            "price_fair": 38.11,
            "eps_avg_yearly": 1.09,
            "eps_latest_yearly": 0.68,
            "eps_growth_yearly": 1219.92
        },
        "20093": {
            "year_quarter": 20093,
            "year": 2009,
            "quarter": 3,
            "eps": 0.55,
            "eps_growth_year": 450,
            "eps_4q": 0.78,
            "eps_4q_growth_year": 343.9,
            "roe": 2.95,
            "roe_4q": 7.47,
            "gross_profit": 4378756,
            "gross_margin": 20.71,
            "gross_margin_4q_avg": 20.65,
            "net_income": 827823,
            "net_income_4q": null,
            "revenue": 21140569,
            "revenue_4q": null,
            "common_shares": 12123259,
            "book_valuer_per_share": 19.36,
            "book_valuer_per_share_4q_avg": 18.66,
            "equity": 28388309,
            "current_ratio": 38.15,
            "debt_ratio": 65.46,
            "inventory_turnover_ratio": 7.71,
            "account_receivable_turnover_ratio": 45.53,
            "reinvestment_rate": 357.25,
            "research_to_sale_ratio": null,
            "price_fair": 42,
            "eps_avg_yearly": 1.2,
            "eps_latest_yearly": 2.2,
            "eps_growth_yearly": 1187.34
        },
        "20094": {
            "year_quarter": 20094,
            "year": 2009,
            "quarter": 4,
            "eps": 0.63,
            "eps_growth_year": null,
            "eps_4q": 1.61,
            "eps_4q_growth_year": 2655.55,
            "roe": 4.03,
            "roe_4q": 10.41,
            "gross_profit": 7648096,
            "gross_margin": 22.69,
            "gross_margin_4q_avg": 21.17,
            "net_income": 1168091,
            "net_income_4q": null,
            "revenue": 33704566,
            "revenue_4q": null,
            "common_shares": 12123259,
            "book_valuer_per_share": 20.25,
            "book_valuer_per_share_4q_avg": 19.34,
            "equity": 29616565,
            "current_ratio": 38.13,
            "debt_ratio": 67.59,
            "inventory_turnover_ratio": 11.38,
            "account_receivable_turnover_ratio": 116.06,
            "reinvestment_rate": 265,
            "research_to_sale_ratio": null,
            "price_fair": 48.02,
            "eps_avg_yearly": 1.37,
            "eps_latest_yearly": 2.52,
            "eps_growth_yearly": 1208.91
        },
        "20101": {
            "year_quarter": 20101,
            "year": 2010,
            "quarter": 1,
            "eps": 0.48,
            "eps_growth_year": 71.43,
            "eps_4q": 1.82,
            "eps_4q_growth_year": 1113.02,
            "roe": 3.01,
            "roe_4q": 11.22,
            "gross_profit": 5264924,
            "gross_margin": 20.9,
            "gross_margin_4q_avg": 21.22,
            "net_income": 893443,
            "net_income_4q": null,
            "revenue": 25191958,
            "revenue_4q": null,
            "common_shares": 12123259,
            "book_valuer_per_share": 20.05,
            "book_valuer_per_share_4q_avg": 19.76,
            "equity": 29675457,
            "current_ratio": 39.2,
            "debt_ratio": 66.57,
            "inventory_turnover_ratio": 8.55,
            "account_receivable_turnover_ratio": 47.83,
            "reinvestment_rate": 579.82,
            "research_to_sale_ratio": null,
            "price_fair": 51.66,
            "eps_avg_yearly": 1.48,
            "eps_latest_yearly": 1.92,
            "eps_growth_yearly": 1195.39
        },
        "20102": {
            "year_quarter": 20102,
            "year": 2010,
            "quarter": 2,
            "eps": 0.1,
            "eps_growth_year": -40.1,
            "eps_4q": 1.71,
            "eps_4q_growth_year": 440.82,
            "roe": 0.8,
            "roe_4q": 10.79,
            "gross_profit": 4827665,
            "gross_margin": 20.83,
            "gross_margin_4q_avg": 21.28,
            "net_income": 231767,
            "net_income_4q": null,
            "revenue": 23171889,
            "revenue_4q": null,
            "common_shares": 12123259,
            "book_valuer_per_share": 19.16,
            "book_valuer_per_share_4q_avg": 19.71,
            "equity": 28286629,
            "current_ratio": 34.12,
            "debt_ratio": 70.15,
            "inventory_turnover_ratio": 7.99,
            "account_receivable_turnover_ratio": 44.46,
            "reinvestment_rate": 636.33,
            "research_to_sale_ratio": null,
            "price_fair": 48.24,
            "eps_avg_yearly": 1.38,
            "eps_latest_yearly": 0.4,
            "eps_growth_yearly": 1057.93
        },
        "20103": {
            "year_quarter": 20103,
            "year": 2010,
            "quarter": 3,
            "eps": 0.62,
            "eps_growth_year": 12.25,
            "eps_4q": 1.8,
            "eps_4q_growth_year": 130.45,
            "roe": 3.16,
            "roe_4q": 11,
            "gross_profit": 5019548,
            "gross_margin": 21.7,
            "gross_margin_4q_avg": 21.53,
            "net_income": 926396,
            "net_income_4q": null,
            "revenue": 23131443,
            "revenue_4q": null,
            "common_shares": 12426341,
            "book_valuer_per_share": 20.27,
            "book_valuer_per_share_4q_avg": 19.93,
            "equity": 30365626,
            "current_ratio": 33.52,
            "debt_ratio": 68.06,
            "inventory_turnover_ratio": 7.52,
            "account_receivable_turnover_ratio": 36.19,
            "reinvestment_rate": 617.28,
            "research_to_sale_ratio": null,
            "price_fair": 51.45,
            "eps_avg_yearly": 1.47,
            "eps_latest_yearly": 2.48,
            "eps_growth_yearly": 1143.1
        },
        "20104": {
            "year_quarter": 20104,
            "year": 2010,
            "quarter": 4,
            "eps": 0.9,
            "eps_growth_year": 42.26,
            "eps_4q": 2.08,
            "eps_4q_growth_year": 28.89,
            "roe": 5.8,
            "roe_4q": 12.770000000000001,
            "gross_profit": 8107304,
            "gross_margin": 22.16,
            "gross_margin_4q_avg": 21.4,
            "net_income": 1808574,
            "net_income_4q": null,
            "revenue": 36592018,
            "revenue_4q": null,
            "common_shares": 12426341,
            "book_valuer_per_share": 21.08,
            "book_valuer_per_share_4q_avg": 20.14,
            "equity": 31991109,
            "current_ratio": 43.9,
            "debt_ratio": 67.8,
            "inventory_turnover_ratio": 11.02,
            "account_receivable_turnover_ratio": 56.12,
            "reinvestment_rate": 282.29,
            "research_to_sale_ratio": null,
            "price_fair": 61.02,
            "eps_avg_yearly": 1.74,
            "eps_latest_yearly": 3.6,
            "eps_growth_yearly": 1181.97
        },
        "20111": {
            "year_quarter": 20111,
            "year": 2011,
            "quarter": 1,
            "eps": 0.6,
            "eps_growth_year": 25,
            "eps_4q": 2.21,
            "eps_4q_growth_year": 21.26,
            "roe": 3.37,
            "roe_4q": 13.13,
            "gross_profit": 5754187,
            "gross_margin": 21.09,
            "gross_margin_4q_avg": 21.45,
            "net_income": 1099414,
            "net_income_4q": null,
            "revenue": 27288140,
            "revenue_4q": null,
            "common_shares": 12426341,
            "book_valuer_per_share": 21.77,
            "book_valuer_per_share_4q_avg": 20.57,
            "equity": 33253056,
            "current_ratio": 44.73,
            "debt_ratio": 65.44,
            "inventory_turnover_ratio": 8.29,
            "account_receivable_turnover_ratio": 45.2,
            "reinvestment_rate": 532.14,
            "research_to_sale_ratio": null,
            "price_fair": 65.1,
            "eps_avg_yearly": 1.86,
            "eps_latest_yearly": 2.4,
            "eps_growth_yearly": 1100.02
        },
        "20112": {
            "year_quarter": 20112,
            "year": 2011,
            "quarter": 2,
            "eps": 0.16,
            "eps_growth_year": 52.45,
            "eps_4q": 2.14,
            "eps_4q_growth_year": 25.05,
            "roe": 0.63,
            "roe_4q": 12.96,
            "gross_profit": 5412079,
            "gross_margin": 21.53,
            "gross_margin_4q_avg": 21.62,
            "net_income": 208181,
            "net_income_4q": null,
            "revenue": 25135948,
            "revenue_4q": null,
            "common_shares": 12426341,
            "book_valuer_per_share": 21.57,
            "book_valuer_per_share_4q_avg": 21.17,
            "equity": 32727874,
            "current_ratio": 41.34,
            "debt_ratio": 66.45,
            "inventory_turnover_ratio": 8.02,
            "account_receivable_turnover_ratio": 38.36,
            "reinvestment_rate": 604.22,
            "research_to_sale_ratio": null,
            "price_fair": 57.98,
            "eps_avg_yearly": 1.66,
            "eps_latest_yearly": 0.64,
            "eps_growth_yearly": 1006.24
        },
        "20113": {
            "year_quarter": 20113,
            "year": 2011,
            "quarter": 3,
            "eps": 0.4,
            "eps_growth_year": -34.53,
            "eps_4q": 1.97,
            "eps_4q_growth_year": 9.5,
            "roe": 1.89,
            "roe_4q": 11.690000000000001,
            "gross_profit": 5009189,
            "gross_margin": 20.7,
            "gross_margin_4q_avg": 21.37,
            "net_income": 614783,
            "net_income_4q": null,
            "revenue": 24193894,
            "revenue_4q": null,
            "common_shares": 13171921,
            "book_valuer_per_share": 19.81,
            "book_valuer_per_share_4q_avg": 21.06,
            "equity": 32312825,
            "current_ratio": 45.3,
            "debt_ratio": 67.44,
            "inventory_turnover_ratio": 7.25,
            "account_receivable_turnover_ratio": 30.49,
            "reinvestment_rate": 601.3,
            "research_to_sale_ratio": null,
            "price_fair": 57.05,
            "eps_avg_yearly": 1.63,
            "eps_latest_yearly": 1.6,
            "eps_growth_yearly": 1068.8
        },
        "20114": {
            "year_quarter": 20114,
            "year": 2011,
            "quarter": 4,
            "eps": 0.51,
            "eps_growth_year": -42.64,
            "eps_4q": 1.64,
            "eps_4q_growth_year": -21.24,
            "roe": 3.74,
            "roe_4q": 9.629999999999999,
            "gross_profit": 7967410,
            "gross_margin": 20.92,
            "gross_margin_4q_avg": 21.06,
            "net_income": 1238850,
            "net_income_4q": null,
            "revenue": 38086805,
            "revenue_4q": null,
            "common_shares": 13171921,
            "book_valuer_per_share": 20.64,
            "book_valuer_per_share_4q_avg": 20.95,
            "equity": 33964948,
            "current_ratio": 47.42,
            "debt_ratio": 69.68,
            "inventory_turnover_ratio": 9.97,
            "account_receivable_turnover_ratio": 32.27,
            "reinvestment_rate": 372.2,
            "research_to_sale_ratio": null,
            "price_fair": 62.88,
            "eps_avg_yearly": 1.8,
            "eps_latest_yearly": 2.04,
            "eps_growth_yearly": 1110.6
        },
        "20121": {
            "year_quarter": 20121,
            "year": 2012,
            "quarter": 1,
            "eps": 0.48,
            "eps_growth_year": -20,
            "eps_4q": 1.56,
            "eps_4q_growth_year": -29.51,
            "roe": 2.65,
            "roe_4q": 8.910000000000002,
            "gross_profit": 6180718,
            "gross_margin": 20.3,
            "gross_margin_4q_avg": 20.86,
            "net_income": 913511,
            "net_income_4q": null,
            "revenue": 30447134,
            "revenue_4q": null,
            "common_shares": 13171921,
            "book_valuer_per_share": 21.18,
            "book_valuer_per_share_4q_avg": 20.8,
            "equity": 34868557,
            "current_ratio": 37.2,
            "debt_ratio": 66.63,
            "inventory_turnover_ratio": 8.18,
            "account_receivable_turnover_ratio": 23.64,
            "reinvestment_rate": 392.03,
            "research_to_sale_ratio": null,
            "price_fair": 65.33,
            "eps_avg_yearly": 1.87,
            "eps_latest_yearly": 1.92,
            "eps_growth_yearly": 241.98
        },
        "20122": {
            "year_quarter": 20122,
            "year": 2012,
            "quarter": 2,
            "eps": -0.05,
            "eps_growth_year": -129.13,
            "eps_4q": 1.3,
            "eps_4q_growth_year": -39.22,
            "roe": -0.32,
            "roe_4q": 7.96,
            "gross_profit": 5840371,
            "gross_margin": 20.23,
            "gross_margin_4q_avg": 20.54,
            "net_income": -110624,
            "net_income_4q": null,
            "revenue": 28863487,
            "revenue_4q": null,
            "common_shares": 13171921,
            "book_valuer_per_share": 20.22,
            "book_valuer_per_share_4q_avg": 20.46,
            "equity": 33360608,
            "current_ratio": 39.29,
            "debt_ratio": 69.25,
            "inventory_turnover_ratio": 8.39,
            "account_receivable_turnover_ratio": 25.8,
            "reinvestment_rate": 405.51,
            "research_to_sale_ratio": null,
            "price_fair": 65.33,
            "eps_avg_yearly": 1.87,
            "eps_latest_yearly": 1.92,
            "eps_growth_yearly": 241.98
        },
        "20123": {
            "year_quarter": 20123,
            "year": 2012,
            "quarter": 3,
            "eps": 0.29,
            "eps_growth_year": -28.76,
            "eps_4q": 1.2,
            "eps_4q_growth_year": -38.94,
            "roe": 1.43,
            "roe_4q": 7.5,
            "gross_profit": 5497926,
            "gross_margin": 20.24,
            "gross_margin_4q_avg": 20.42,
            "net_income": 480932,
            "net_income_4q": null,
            "revenue": 27157660,
            "revenue_4q": null,
            "common_shares": 13698797,
            "book_valuer_per_share": 19.86,
            "book_valuer_per_share_4q_avg": 20.48,
            "equity": 33956371,
            "current_ratio": 40.62,
            "debt_ratio": 69.09,
            "inventory_turnover_ratio": 7.34,
            "account_receivable_turnover_ratio": 19.33,
            "reinvestment_rate": 394.5,
            "research_to_sale_ratio": null,
            "price_fair": 65.33,
            "eps_avg_yearly": 1.87,
            "eps_latest_yearly": 1.92,
            "eps_growth_yearly": 241.98
        },
        "20124": {
            "year_quarter": 20124,
            "year": 2012,
            "quarter": 4,
            "eps": 0.54,
            "eps_growth_year": 4.2,
            "eps_4q": 1.24,
            "eps_4q_growth_year": -24.05,
            "roe": 3.54,
            "roe_4q": 7.299999999999999,
            "gross_profit": 7672899,
            "gross_margin": 19.38,
            "gross_margin_4q_avg": 20.04,
            "net_income": 1222472,
            "net_income_4q": null,
            "revenue": 39594947,
            "revenue_4q": null,
            "common_shares": 13698797,
            "book_valuer_per_share": 20.37,
            "book_valuer_per_share_4q_avg": 20.41,
            "equity": 35085921,
            "current_ratio": 48.92,
            "debt_ratio": 69.43,
            "inventory_turnover_ratio": 9.81,
            "account_receivable_turnover_ratio": 24.43,
            "reinvestment_rate": 368.71,
            "research_to_sale_ratio": null,
            "price_fair": 66.12,
            "eps_avg_yearly": 1.89,
            "eps_latest_yearly": 2.16,
            "eps_growth_yearly": 249.89
        },
        "20131": {
            "year_quarter": 20131,
            "year": 2013,
            "quarter": 1,
            "eps": 0.56,
            "eps_growth_year": 16.67,
            "eps_4q": 1.34,
            "eps_4q_growth_year": -13.7,
            "roe": 2.67,
            "roe_4q": 7.319999999999999,
            "gross_profit": 5613864,
            "gross_margin": 48.83,
            "gross_margin_4q_avg": 27.17,
            "net_income": 937525,
            "net_income_4q": null,
            "revenue": 11497214,
            "revenue_4q": null,
            "common_shares": 13698797,
            "book_valuer_per_share": 20.72,
            "book_valuer_per_share_4q_avg": 20.29,
            "equity": 35205417,
            "current_ratio": 38.21,
            "debt_ratio": 67.51,
            "inventory_turnover_ratio": 1.92,
            "account_receivable_turnover_ratio": 7.45,
            "reinvestment_rate": 330.93,
            "research_to_sale_ratio": null,
            "price_fair": 67,
            "eps_avg_yearly": 1.91,
            "eps_latest_yearly": 2.24,
            "eps_growth_yearly": 233.1
        },
        "20132": {
            "year_quarter": 20132,
            "year": 2013,
            "quarter": 2,
            "eps": 0.14,
            "eps_growth_year": null,
            "eps_4q": 1.49,
            "eps_4q_growth_year": 14.11,
            "roe": 0.78,
            "roe_4q": 8.42,
            "gross_profit": 5319906,
            "gross_margin": 48.73,
            "gross_margin_4q_avg": 34.3,
            "net_income": 271507,
            "net_income_4q": null,
            "revenue": 10917147,
            "revenue_4q": null,
            "common_shares": 13698797,
            "book_valuer_per_share": 20.22,
            "book_valuer_per_share_4q_avg": 20.29,
            "equity": 34454043,
            "current_ratio": 35.59,
            "debt_ratio": 67.97,
            "inventory_turnover_ratio": 2,
            "account_receivable_turnover_ratio": 7.94,
            "reinvestment_rate": 328.34,
            "research_to_sale_ratio": null,
            "price_fair": 66.7,
            "eps_avg_yearly": 1.91,
            "eps_latest_yearly": 0.56,
            "eps_growth_yearly": 222.89
        },
        "20133": {
            "year_quarter": 20133,
            "year": 2013,
            "quarter": 3,
            "eps": 0.34,
            "eps_growth_year": 18.08,
            "eps_4q": 1.55,
            "eps_4q_growth_year": 28.99,
            "roe": 1.6,
            "roe_4q": 8.59,
            "gross_profit": 5105839,
            "gross_margin": 47.92,
            "gross_margin_4q_avg": 41.22,
            "net_income": 555242,
            "net_income_4q": null,
            "revenue": 10655124,
            "revenue_4q": null,
            "common_shares": 14109761,
            "book_valuer_per_share": 20.07,
            "book_valuer_per_share_4q_avg": 20.35,
            "equity": 35134805,
            "current_ratio": 35.86,
            "debt_ratio": 66.78,
            "inventory_turnover_ratio": 1.95,
            "account_receivable_turnover_ratio": 10.24,
            "reinvestment_rate": 322.62,
            "research_to_sale_ratio": null,
            "price_fair": 64.6,
            "eps_avg_yearly": 1.85,
            "eps_latest_yearly": 1.36,
            "eps_growth_yearly": 199.84
        },
        "20134": {
            "year_quarter": 20134,
            "year": 2013,
            "quarter": 4,
            "eps": 0.51,
            "eps_growth_year": -4.07,
            "eps_4q": 1.54,
            "eps_4q_growth_year": 24.2,
            "roe": 3.46,
            "roe_4q": 8.510000000000002,
            "gross_profit": 6911639,
            "gross_margin": 50.51,
            "gross_margin_4q_avg": 49,
            "net_income": 1238653,
            "net_income_4q": null,
            "revenue": 13684892,
            "revenue_4q": null,
            "common_shares": 14109761,
            "book_valuer_per_share": 20.69,
            "book_valuer_per_share_4q_avg": 20.43,
            "equity": 36529111,
            "current_ratio": 46.88,
            "debt_ratio": 67.22,
            "inventory_turnover_ratio": 2.23,
            "account_receivable_turnover_ratio": 16.07,
            "reinvestment_rate": 143.93,
            "research_to_sale_ratio": null,
            "price_fair": 63.4,
            "eps_avg_yearly": 1.81,
            "eps_latest_yearly": 2.04,
            "eps_growth_yearly": 209.97
        },
        "20141": {
            "year_quarter": 20141,
            "year": 2014,
            "quarter": 1,
            "eps": 0.28,
            "eps_growth_year": -50,
            "eps_4q": 1.27,
            "eps_4q_growth_year": -5.4,
            "roe": 1.35,
            "roe_4q": 7.19,
            "gross_profit": 5651423,
            "gross_margin": 51,
            "gross_margin_4q_avg": 49.54,
            "net_income": 501432,
            "net_income_4q": null,
            "revenue": 11080195,
            "revenue_4q": null,
            "common_shares": 14109761,
            "book_valuer_per_share": 21.19,
            "book_valuer_per_share_4q_avg": 20.54,
            "equity": 37730910,
            "current_ratio": 39.29,
            "debt_ratio": 64.6,
            "inventory_turnover_ratio": 1.84,
            "account_receivable_turnover_ratio": 13.81,
            "reinvestment_rate": 155.89,
            "research_to_sale_ratio": null,
            "price_fair": 61.4,
            "eps_avg_yearly": 1.75,
            "eps_latest_yearly": 1.12,
            "eps_growth_yearly": 203.89
        },
        "20142": {
            "year_quarter": 20142,
            "year": 2014,
            "quarter": 2,
            "eps": 0.21,
            "eps_growth_year": 50,
            "eps_4q": 1.32,
            "eps_4q_growth_year": -11.11,
            "roe": 1.18,
            "roe_4q": 7.59,
            "gross_profit": 5361725,
            "gross_margin": 50.56,
            "gross_margin_4q_avg": 50,
            "net_income": 436146,
            "net_income_4q": null,
            "revenue": 10604931,
            "revenue_4q": null,
            "common_shares": 14109761,
            "book_valuer_per_share": 20.45,
            "book_valuer_per_share_4q_avg": 20.6,
            "equity": 36092353,
            "current_ratio": 38.9,
            "debt_ratio": 66.21,
            "inventory_turnover_ratio": 1.88,
            "account_receivable_turnover_ratio": 14.89,
            "reinvestment_rate": 104.02,
            "research_to_sale_ratio": null,
            "price_fair": 62.5,
            "eps_avg_yearly": 1.79,
            "eps_latest_yearly": 0.84,
            "eps_growth_yearly": 219.37
        },
        "20143": {
            "year_quarter": 20143,
            "year": 2014,
            "quarter": 3,
            "eps": 0.23,
            "eps_growth_year": -32.35,
            "eps_4q": 1.22,
            "eps_4q_growth_year": -21.42,
            "roe": 1.03,
            "roe_4q": 7.02,
            "gross_profit": 5277069,
            "gross_margin": 49.54,
            "gross_margin_4q_avg": 50.4,
            "net_income": 384940,
            "net_income_4q": null,
            "revenue": 10652589,
            "revenue_4q": null,
            "common_shares": 14391956,
            "book_valuer_per_share": 21.63,
            "book_valuer_per_share_4q_avg": 20.99,
            "equity": 38404654,
            "current_ratio": 30.66,
            "debt_ratio": 63.99,
            "inventory_turnover_ratio": 1.88,
            "account_receivable_turnover_ratio": 16.91,
            "reinvestment_rate": 33.62,
            "research_to_sale_ratio": null,
            "price_fair": 58.6,
            "eps_avg_yearly": 1.67,
            "eps_latest_yearly": 0.92,
            "eps_growth_yearly": 73.52
        },
        "20144": {
            "year_quarter": 20144,
            "year": 2014,
            "quarter": 4,
            "eps": 0.35,
            "eps_growth_year": -31.01,
            "eps_4q": 1.07,
            "eps_4q_growth_year": -30.78,
            "roe": 2.16,
            "roe_4q": 5.720000000000001,
            "gross_profit": 6919149,
            "gross_margin": 50.91,
            "gross_margin_4q_avg": 50.5,
            "net_income": 841971,
            "net_income_4q": null,
            "revenue": 13591078,
            "revenue_4q": null,
            "common_shares": 14391956,
            "book_valuer_per_share": 22.12,
            "book_valuer_per_share_4q_avg": 21.35,
            "equity": 39446214,
            "current_ratio": 43.48,
            "debt_ratio": 64.66,
            "inventory_turnover_ratio": 2.23,
            "account_receivable_turnover_ratio": 20.73,
            "reinvestment_rate": 22.84,
            "research_to_sale_ratio": null,
            "price_fair": 53.1,
            "eps_avg_yearly": 1.52,
            "eps_latest_yearly": 1.4,
            "eps_growth_yearly": 75.52
        },
        "20151": {
            "year_quarter": 20151,
            "year": 2015,
            "quarter": 1,
            "eps": 0.1,
            "eps_growth_year": -64.29,
            "eps_4q": 0.9,
            "eps_4q_growth_year": -29.21,
            "roe": 0.51,
            "roe_4q": 4.88,
            "gross_profit": 5651231,
            "gross_margin": 51.32,
            "gross_margin_4q_avg": 50.58,
            "net_income": 200823,
            "net_income_4q": null,
            "revenue": 11012342,
            "revenue_4q": null,
            "common_shares": 14391956,
            "book_valuer_per_share": 22.3,
            "book_valuer_per_share_4q_avg": 21.63,
            "equity": 39753368,
            "current_ratio": 36.03,
            "debt_ratio": 62.45,
            "inventory_turnover_ratio": 1.82,
            "account_receivable_turnover_ratio": 16.4,
            "reinvestment_rate": -0.12,
            "research_to_sale_ratio": null,
            "price_fair": 48.1,
            "eps_avg_yearly": 1.37,
            "eps_latest_yearly": 0.4,
            "eps_growth_yearly": 64.64
        },
        "20152": {
            "year_quarter": 20152,
            "year": 2015,
            "quarter": 2,
            "eps": 0.09,
            "eps_growth_year": -57.14,
            "eps_4q": 0.78,
            "eps_4q_growth_year": -40.61,
            "roe": 0.57,
            "roe_4q": 4.2700000000000005,
            "gross_profit": 5323215,
            "gross_margin": 51.33,
            "gross_margin_4q_avg": 50.78,
            "net_income": 220462,
            "net_income_4q": null,
            "revenue": 10371295,
            "revenue_4q": null,
            "common_shares": 14391956,
            "book_valuer_per_share": 21.17,
            "book_valuer_per_share_4q_avg": 21.81,
            "equity": 37632937,
            "current_ratio": 37.76,
            "debt_ratio": 64.47,
            "inventory_turnover_ratio": 1.79,
            "account_receivable_turnover_ratio": 17.81,
            "reinvestment_rate": -42.77,
            "research_to_sale_ratio": null,
            "price_fair": 47.4,
            "eps_avg_yearly": 1.35,
            "eps_latest_yearly": 0.36,
            "eps_growth_yearly": 82.73
        },
        "20153": {
            "year_quarter": 20153,
            "year": 2015,
            "quarter": 3,
            "eps": 0.51,
            "eps_growth_year": 121.74,
            "eps_4q": 1.07,
            "eps_4q_growth_year": -12.42,
            "roe": 1.85,
            "roe_4q": 5.09,
            "gross_profit": 5109045,
            "gross_margin": 49.79,
            "gross_margin_4q_avg": 50.84,
            "net_income": 691247,
            "net_income_4q": null,
            "revenue": 10261623,
            "revenue_4q": null,
            "common_shares": 14391956,
            "book_valuer_per_share": 20.91,
            "book_valuer_per_share_4q_avg": 21.63,
            "equity": 36992543,
            "current_ratio": 38.31,
            "debt_ratio": 64.49,
            "inventory_turnover_ratio": 1.72,
            "account_receivable_turnover_ratio": 10.22,
            "reinvestment_rate": -55.71,
            "research_to_sale_ratio": null,
            "price_fair": 48.5,
            "eps_avg_yearly": 1.39,
            "eps_latest_yearly": 2.04,
            "eps_growth_yearly": 173.21
        },
        "20154": {
            "year_quarter": 20154,
            "year": 2015,
            "quarter": 4,
            "eps": 0.5,
            "eps_growth_year": 41.5,
            "eps_4q": 1.22,
            "eps_4q_growth_year": 13.92,
            "roe": 2.82,
            "roe_4q": 5.75,
            "gross_profit": 6656895,
            "gross_margin": 49.85,
            "gross_margin_4q_avg": 50.57,
            "net_income": 1040769,
            "net_income_4q": null,
            "revenue": 13353059,
            "revenue_4q": null,
            "common_shares": 14169406,
            "book_valuer_per_share": 20.76,
            "book_valuer_per_share_4q_avg": 21.29,
            "equity": 36851871,
            "current_ratio": 40.95,
            "debt_ratio": 65.34,
            "inventory_turnover_ratio": 2.1,
            "account_receivable_turnover_ratio": 12.32,
            "reinvestment_rate": -137.16,
            "research_to_sale_ratio": null,
            "price_fair": 48.4,
            "eps_avg_yearly": 1.38,
            "eps_latest_yearly": 2,
            "eps_growth_yearly": 164.79
        },
        "20161": {
            "year_quarter": 20161,
            "year": 2016,
            "quarter": 1,
            "eps": 0.22,
            "eps_growth_year": 120,
            "eps_4q": 1.33,
            "eps_4q_growth_year": 47.91,
            "roe": 1.05,
            "roe_4q": 6.290000000000001,
            "gross_profit": 5529871,
            "gross_margin": 50.85,
            "gross_margin_4q_avg": 50.46,
            "net_income": 388048,
            "net_income_4q": null,
            "revenue": 10874476,
            "revenue_4q": null,
            "common_shares": 14169406,
            "book_valuer_per_share": 21.11,
            "book_valuer_per_share_4q_avg": 20.99,
            "equity": 37388013,
            "current_ratio": 33.37,
            "debt_ratio": 63.13,
            "inventory_turnover_ratio": 1.79,
            "account_receivable_turnover_ratio": 16.29,
            "reinvestment_rate": -160.22,
            "research_to_sale_ratio": null,
            "price_fair": 45.8,
            "eps_avg_yearly": 1.31,
            "eps_latest_yearly": 0.88,
            "eps_growth_yearly": 150.47
        },
        "20162": {
            "year_quarter": 20162,
            "year": 2016,
            "quarter": 2,
            "eps": 0.07,
            "eps_growth_year": -22.22,
            "eps_4q": 1.31,
            "eps_4q_growth_year": 66.76,
            "roe": 0.34,
            "roe_4q": 6.0600000000000005,
            "gross_profit": 5179200,
            "gross_margin": 51.46,
            "gross_margin_4q_avg": 50.49,
            "net_income": 123887,
            "net_income_4q": null,
            "revenue": 10064295,
            "revenue_4q": null,
            "common_shares": 14169406,
            "book_valuer_per_share": 19.99,
            "book_valuer_per_share_4q_avg": 20.69,
            "equity": 35689570,
            "current_ratio": 31.44,
            "debt_ratio": 64.47,
            "inventory_turnover_ratio": 1.8,
            "account_receivable_turnover_ratio": 16.56,
            "reinvestment_rate": -185.71,
            "research_to_sale_ratio": null,
            "price_fair": 43.4,
            "eps_avg_yearly": 1.24,
            "eps_latest_yearly": 0.28,
            "eps_growth_yearly": 122.26
        },
        "20163": {
            "year_quarter": 20163,
            "year": 2016,
            "quarter": 3,
            "eps": 0.14,
            "eps_growth_year": -72.55,
            "eps_4q": 0.94,
            "eps_4q_growth_year": -12.33,
            "roe": 0.46,
            "roe_4q": 4.67,
            "gross_profit": 4846181,
            "gross_margin": 49.2,
            "gross_margin_4q_avg": 50.34,
            "net_income": 163432,
            "net_income_4q": null,
            "revenue": 9850164,
            "revenue_4q": null,
            "common_shares": 14169406,
            "book_valuer_per_share": 20.09,
            "book_valuer_per_share_4q_avg": 20.49,
            "equity": 35810957,
            "current_ratio": 31.83,
            "debt_ratio": 64.11,
            "inventory_turnover_ratio": 1.8,
            "account_receivable_turnover_ratio": 16.51,
            "reinvestment_rate": -199.7,
            "research_to_sale_ratio": null,
            "price_fair": 41.91,
            "eps_avg_yearly": 1.2,
            "eps_latest_yearly": 0.56,
            "eps_growth_yearly": 139.62
        },
        "20164": {
            "year_quarter": 20164,
            "year": 2016,
            "quarter": 4,
            "eps": 0.37,
            "eps_growth_year": -25.9,
            "eps_4q": 0.81,
            "eps_4q_growth_year": -33.85,
            "roe": 2.27,
            "roe_4q": 4.12,
            "gross_profit": 6345870,
            "gross_margin": 49.94,
            "gross_margin_4q_avg": 50.36,
            "net_income": 820191,
            "net_income_4q": null,
            "revenue": 12707554,
            "revenue_4q": null,
            "common_shares": 14169406,
            "book_valuer_per_share": 20.32,
            "book_valuer_per_share_4q_avg": 20.38,
            "equity": 36442802,
            "current_ratio": 45.12,
            "debt_ratio": 65.68,
            "inventory_turnover_ratio": 2.16,
            "account_receivable_turnover_ratio": 16.32,
            "reinvestment_rate": -213,
            "research_to_sale_ratio": null,
            "price_fair": 40.43,
            "eps_avg_yearly": 1.16,
            "eps_latest_yearly": 1.48,
            "eps_growth_yearly": 159.14
        },
        "20171": {
            "year_quarter": 20171,
            "year": 2017,
            "quarter": 1,
            "eps": 0.17,
            "eps_growth_year": -22.73,
            "eps_4q": 0.76,
            "eps_4q_growth_year": -42.86,
            "roe": 0.78,
            "roe_4q": 3.8499999999999996,
            "gross_profit": 4948188,
            "gross_margin": 51.1,
            "gross_margin_4q_avg": 50.43,
            "net_income": 288446,
            "net_income_4q": null,
            "revenue": 9682978,
            "revenue_4q": null,
            "common_shares": 14169406,
            "book_valuer_per_share": 20.86,
            "book_valuer_per_share_4q_avg": 20.32,
            "equity": 37288875,
            "current_ratio": 34.28,
            "debt_ratio": 62.25,
            "inventory_turnover_ratio": 1.67,
            "account_receivable_turnover_ratio": 12.26,
            "reinvestment_rate": -179.74,
            "research_to_sale_ratio": null,
            "price_fair": 37.01,
            "eps_avg_yearly": 1.06,
            "eps_latest_yearly": 0.68,
            "eps_growth_yearly": 144.7
        },
        "20172": {
            "year_quarter": 20172,
            "year": 2017,
            "quarter": 2,
            "eps": 0.08,
            "eps_growth_year": 14.29,
            "eps_4q": 0.77,
            "eps_4q_growth_year": -41.03,
            "roe": 0.36,
            "roe_4q": 3.87,
            "gross_profit": 4754867,
            "gross_margin": 50.83,
            "gross_margin_4q_avg": 50.27,
            "net_income": 132948,
            "net_income_4q": null,
            "revenue": 9353827,
            "revenue_4q": null,
            "common_shares": 14169406,
            "book_valuer_per_share": 19.9,
            "book_valuer_per_share_4q_avg": 20.29,
            "equity": 35666896,
            "current_ratio": 36.58,
            "debt_ratio": 63.89,
            "inventory_turnover_ratio": 1.75,
            "account_receivable_turnover_ratio": 15.58,
            "reinvestment_rate": -195.85,
            "research_to_sale_ratio": null,
            "price_fair": 36.49,
            "eps_avg_yearly": 1.04,
            "eps_latest_yearly": 0.32,
            "eps_growth_yearly": 150.21
        },
        "20173": {
            "year_quarter": 20173,
            "year": 2017,
            "quarter": 3,
            "eps": 0.27,
            "eps_growth_year": 92.86,
            "eps_4q": 0.9,
            "eps_4q_growth_year": -4.22,
            "roe": 1.03,
            "roe_4q": 4.4399999999999995,
            "gross_profit": 4588942,
            "gross_margin": 50.17,
            "gross_margin_4q_avg": 50.51,
            "net_income": 369025,
            "net_income_4q": null,
            "revenue": 9147324,
            "revenue_4q": null,
            "common_shares": 14169406,
            "book_valuer_per_share": 20.15,
            "book_valuer_per_share_4q_avg": 20.31,
            "equity": 35992067,
            "current_ratio": 38.14,
            "debt_ratio": 63.9,
            "inventory_turnover_ratio": 1.64,
            "account_receivable_turnover_ratio": 13.34,
            "reinvestment_rate": -180.85,
            "research_to_sale_ratio": null,
            "price_fair": 35.88,
            "eps_avg_yearly": 1.03,
            "eps_latest_yearly": 1.08,
            "eps_growth_yearly": 173.87
        },
        "20174": {
            "year_quarter": 20174,
            "year": 2017,
            "quarter": 4,
            "eps": 0.57,
            "eps_growth_year": 52.39,
            "eps_4q": 1.09,
            "eps_4q_growth_year": 35.42,
            "roe": 2.9,
            "roe_4q": 5.07,
            "gross_profit": 6201378,
            "gross_margin": 47.77,
            "gross_margin_4q_avg": 49.97,
            "net_income": 1054603,
            "net_income_4q": null,
            "revenue": 12982853,
            "revenue_4q": null,
            "common_shares": 14169406,
            "book_valuer_per_share": 20.58,
            "book_valuer_per_share_4q_avg": 20.37,
            "equity": 36858178,
            "current_ratio": 49.52,
            "debt_ratio": 65.13,
            "inventory_turnover_ratio": 2.33,
            "account_receivable_turnover_ratio": 12.7,
            "reinvestment_rate": -195.78,
            "research_to_sale_ratio": null,
            "price_fair": 36.4,
            "eps_avg_yearly": 1.04,
            "eps_latest_yearly": 2.28,
            "eps_growth_yearly": 189.15
        },
        "20181": {
            "year_quarter": 20181,
            "year": 2018,
            "quarter": 1,
            "eps": 0.28,
            "eps_growth_year": 64.71,
            "eps_4q": 1.2,
            "eps_4q_growth_year": 57.28,
            "roe": 1.54,
            "roe_4q": 5.83,
            "gross_profit": 4911570,
            "gross_margin": 52.55,
            "gross_margin_4q_avg": 50.33,
            "net_income": 570977,
            "net_income_4q": null,
            "revenue": 9346408,
            "revenue_4q": null,
            "common_shares": 14169406,
            "book_valuer_per_share": 20.82,
            "book_valuer_per_share_4q_avg": 20.36,
            "equity": 37372178,
            "current_ratio": 40.31,
            "debt_ratio": 61.32,
            "inventory_turnover_ratio": 1.64,
            "account_receivable_turnover_ratio": 9.14,
            "reinvestment_rate": -262.05,
            "research_to_sale_ratio": null,
            "price_fair": 36.4,
            "eps_avg_yearly": 1.04,
            "eps_latest_yearly": 1.12,
            "eps_growth_yearly": 187.7
        },
        "20182": {
            "year_quarter": 20182,
            "year": 2018,
            "quarter": 2,
            "eps": 0.13,
            "eps_growth_year": 62.5,
            "eps_4q": 1.24,
            "eps_4q_growth_year": 61.27,
            "roe": 0.7,
            "roe_4q": 6.170000000000001,
            "gross_profit": 4714448,
            "gross_margin": 53.19,
            "gross_margin_4q_avg": 50.92,
            "net_income": 261231,
            "net_income_4q": null,
            "revenue": 8864156,
            "revenue_4q": null,
            "common_shares": 14169406,
            "book_valuer_per_share": 20.39,
            "book_valuer_per_share_4q_avg": 20.49,
            "equity": 36821595,
            "current_ratio": 38.77,
            "debt_ratio": 61.95,
            "inventory_turnover_ratio": 1.62,
            "account_receivable_turnover_ratio": 9.9,
            "reinvestment_rate": -267.09,
            "research_to_sale_ratio": null,
            "price_fair": 35.7,
            "eps_avg_yearly": 1.02,
            "eps_latest_yearly": 0.52,
            "eps_growth_yearly": 180.56
        },
        "20183": {
            "year_quarter": 20183,
            "year": 2018,
            "quarter": 3,
            "eps": 0.15,
            "eps_growth_year": -44.44,
            "eps_4q": 1.13,
            "eps_4q_growth_year": 26.09,
            "roe": 0.61,
            "roe_4q": 5.75,
            "gross_profit": 4569943,
            "gross_margin": 52.06,
            "gross_margin_4q_avg": 51.39,
            "net_income": 229135,
            "net_income_4q": null,
            "revenue": 8777628,
            "revenue_4q": null,
            "common_shares": 14169406,
            "book_valuer_per_share": 21.14,
            "book_valuer_per_share_4q_avg": 20.73,
            "equity": 37894915,
            "current_ratio": 41.3,
            "debt_ratio": 61.41,
            "inventory_turnover_ratio": 1.52,
            "account_receivable_turnover_ratio": 7.24,
            "reinvestment_rate": -198.89,
            "research_to_sale_ratio": null,
            "price_fair": 35,
            "eps_avg_yearly": 1,
            "eps_latest_yearly": 0.6,
            "eps_growth_yearly": 182.03
        },
        "20184": {
            "year_quarter": 20184,
            "year": 2018,
            "quarter": 4,
            "eps": 0.37,
            "eps_growth_year": -34.17,
            "eps_4q": 0.94,
            "eps_4q_growth_year": -14.18,
            "roe": 1.56,
            "roe_4q": 4.41,
            "gross_profit": 5955006,
            "gross_margin": 48.6,
            "gross_margin_4q_avg": 51.6,
            "net_income": 589152,
            "net_income_4q": null,
            "revenue": 12254359,
            "revenue_4q": null,
            "common_shares": 14169406,
            "book_valuer_per_share": 20.96,
            "book_valuer_per_share_4q_avg": 20.83,
            "equity": 37690390,
            "current_ratio": 53.73,
            "debt_ratio": 63.67,
            "inventory_turnover_ratio": 2.1,
            "account_receivable_turnover_ratio": 7.71,
            "reinvestment_rate": -186.91,
            "research_to_sale_ratio": null,
            "price_fair": 35.18,
            "eps_avg_yearly": 1.01,
            "eps_latest_yearly": 1.48,
            "eps_growth_yearly": 205.65
        },
        "20191": {
            "year_quarter": 20191,
            "year": 2019,
            "quarter": 1,
            "eps": 0.32,
            "eps_growth_year": 14.29,
            "eps_4q": 0.98,
            "eps_4q_growth_year": -17.77,
            "roe": 1.53,
            "roe_4q": 4.3999999999999995,
            "gross_profit": 4806198,
            "gross_margin": 52.09,
            "gross_margin_4q_avg": 51.49,
            "net_income": 578450,
            "net_income_4q": null,
            "revenue": 9226599,
            "revenue_4q": null,
            "common_shares": 14169406,
            "book_valuer_per_share": 21.24,
            "book_valuer_per_share_4q_avg": 20.93,
            "equity": 38012944,
            "current_ratio": 31.62,
            "debt_ratio": 69.12,
            "inventory_turnover_ratio": 1.58,
            "account_receivable_turnover_ratio": 5.83,
            "reinvestment_rate": -312.76,
            "research_to_sale_ratio": null,
            "price_fair": 37.1,
            "eps_avg_yearly": 1.06,
            "eps_latest_yearly": 1.28,
            "eps_growth_yearly": 220.13
        },
        "20192": {
            "year_quarter": 20192,
            "year": 2019,
            "quarter": 2,
            "eps": 0.16,
            "eps_growth_year": 23.08,
            "eps_4q": 1.01,
            "eps_4q_growth_year": -18.44,
            "roe": 0.68,
            "roe_4q": 4.38,
            "gross_profit": 4612318,
            "gross_margin": 53.79,
            "gross_margin_4q_avg": 51.64,
            "net_income": 257505,
            "net_income_4q": null,
            "revenue": 8575448,
            "revenue_4q": null,
            "common_shares": 14169406,
            "book_valuer_per_share": 21.01,
            "book_valuer_per_share_4q_avg": 21.09,
            "equity": 37484194,
            "current_ratio": 30.43,
            "debt_ratio": 69.59,
            "inventory_turnover_ratio": 1.55,
            "account_receivable_turnover_ratio": 6.57,
            "reinvestment_rate": -290.38,
            "research_to_sale_ratio": null,
            "price_fair": 37.71,
            "eps_avg_yearly": 1.08,
            "eps_latest_yearly": 0.64,
            "eps_growth_yearly": 210.13
        },
        "20193": {
            "year_quarter": 20193,
            "year": 2019,
            "quarter": 3,
            "eps": 0.32,
            "eps_growth_year": 113.33,
            "eps_4q": 1.19,
            "eps_4q_growth_year": 4.98,
            "roe": 1.25,
            "roe_4q": 5.02,
            "gross_profit": 4495308,
            "gross_margin": 54.11,
            "gross_margin_4q_avg": 52.15,
            "net_income": 470298,
            "net_income_4q": null,
            "revenue": 8308453,
            "revenue_4q": null,
            "common_shares": 14169406,
            "book_valuer_per_share": 20.99,
            "book_valuer_per_share_4q_avg": 21.05,
            "equity": 37480801,
            "current_ratio": 34.85,
            "debt_ratio": 69.82,
            "inventory_turnover_ratio": 1.35,
            "account_receivable_turnover_ratio": 6.85,
            "reinvestment_rate": -286.29,
            "research_to_sale_ratio": null,
            "price_fair": 36.05,
            "eps_avg_yearly": 1.03,
            "eps_latest_yearly": 1.28,
            "eps_growth_yearly": 118.46
        },
        "20194": {
            "year_quarter": 20194,
            "year": 2019,
            "quarter": 4,
            "eps": 0.45,
            "eps_growth_year": 21.27,
            "eps_4q": 1.26,
            "eps_4q_growth_year": 35.18,
            "roe": 2.22,
            "roe_4q": 5.680000000000001,
            "gross_profit": 5728789,
            "gross_margin": 48.61,
            "gross_margin_4q_avg": 52.15,
            "net_income": 846016,
            "net_income_4q": null,
            "revenue": 11785562,
            "revenue_4q": null,
            "common_shares": 14169406,
            "book_valuer_per_share": 21.86,
            "book_valuer_per_share_4q_avg": 21.28,
            "equity": 38903807,
            "current_ratio": 43.52,
            "debt_ratio": 70.19,
            "inventory_turnover_ratio": 1.96,
            "account_receivable_turnover_ratio": 10.96,
            "reinvestment_rate": -256.03,
            "research_to_sale_ratio": null,
            "price_fair": 35.61,
            "eps_avg_yearly": 1.02,
            "eps_latest_yearly": 1.8,
            "eps_growth_yearly": 129.11
        },
        "20201": {
            "year_quarter": 20201,
            "year": 2020,
            "quarter": 1,
            "eps": 0.06,
            "eps_growth_year": -81.25,
            "eps_4q": 1,
            "eps_4q_growth_year": 1.21,
            "roe": 0.27,
            "roe_4q": 4.42,
            "gross_profit": 4231913,
            "gross_margin": 49.01,
            "gross_margin_4q_avg": 51.38,
            "net_income": 102882,
            "net_income_4q": null,
            "revenue": 8634165,
            "revenue_4q": null,
            "common_shares": 14169406,
            "book_valuer_per_share": 21.27,
            "book_valuer_per_share_4q_avg": 21.28,
            "equity": 38102571,
            "current_ratio": 41.11,
            "debt_ratio": 70.09,
            "inventory_turnover_ratio": 1.57,
            "account_receivable_turnover_ratio": 11.36,
            "reinvestment_rate": -264.52,
            "research_to_sale_ratio": null,
            "price_fair": 34.21,
            "eps_avg_yearly": 0.98,
            "eps_latest_yearly": 0.24,
            "eps_growth_yearly": 121.44
        },
        "20202": {
            "year_quarter": 20202,
            "year": 2020,
            "quarter": 2,
            "eps": 0.23,
            "eps_growth_year": 43.75,
            "eps_4q": 1.06,
            "eps_4q_growth_year": 4.25,
            "roe": 1.2,
            "roe_4q": 4.94,
            "gross_profit": 4100360,
            "gross_margin": 51.58,
            "gross_margin_4q_avg": 50.83,
            "net_income": 457420,
            "net_income_4q": null,
            "revenue": 7949000,
            "revenue_4q": null,
            "common_shares": 14169406,
            "book_valuer_per_share": 21.06,
            "book_valuer_per_share_4q_avg": 21.3,
            "equity": 37840984,
            "current_ratio": 31.63,
            "debt_ratio": 69.17,
            "inventory_turnover_ratio": 1.57,
            "account_receivable_turnover_ratio": 11.64,
            "reinvestment_rate": -237.58,
            "research_to_sale_ratio": null,
            "price_fair": 35.61,
            "eps_avg_yearly": 1.02,
            "eps_latest_yearly": 0.92,
            "eps_growth_yearly": 209.32
        },
        "20203": {
            "year_quarter": 20203,
            "year": 2020,
            "quarter": 3,
            "eps": 0.58,
            "eps_growth_year": 81.25,
            "eps_4q": 1.31,
            "eps_4q_growth_year": 10.56,
            "roe": 2.52,
            "roe_4q": 6.21,
            "gross_profit": 4512133,
            "gross_margin": 53.05,
            "gross_margin_4q_avg": 50.56,
            "net_income": 960685,
            "net_income_4q": null,
            "revenue": 8506084,
            "revenue_4q": null,
            "common_shares": 14169406,
            "book_valuer_per_share": 21.47,
            "book_valuer_per_share_4q_avg": 21.42,
            "equity": 38550372,
            "current_ratio": 34.48,
            "debt_ratio": 68.67,
            "inventory_turnover_ratio": 1.54,
            "account_receivable_turnover_ratio": 12.45,
            "reinvestment_rate": -201.7,
            "research_to_sale_ratio": null,
            "price_fair": 39.46,
            "eps_avg_yearly": 1.13,
            "eps_latest_yearly": 2.32,
            "eps_growth_yearly": 222.36
        },
        "20204": {
            "year_quarter": 20204,
            "year": 2020,
            "quarter": 4,
            "eps": 0.52,
            "eps_growth_year": 14.54,
            "eps_4q": 1.38,
            "eps_4q_growth_year": 8.83,
            "roe": 2.61,
            "roe_4q": 6.6,
            "gross_profit": 5862872,
            "gross_margin": 48.06,
            "gross_margin_4q_avg": 50.43,
            "net_income": 1023910,
            "net_income_4q": null,
            "revenue": 12198700,
            "revenue_4q": null,
            "common_shares": 14169406,
            "book_valuer_per_share": 22.14,
            "book_valuer_per_share_4q_avg": 21.49,
            "equity": 39788288,
            "current_ratio": 46.22,
            "debt_ratio": 69.02,
            "inventory_turnover_ratio": 2.31,
            "account_receivable_turnover_ratio": 18.19,
            "reinvestment_rate": -187.3,
            "research_to_sale_ratio": null,
            "price_fair": 40.78,
            "eps_avg_yearly": 1.17,
            "eps_latest_yearly": 2.08,
            "eps_growth_yearly": 178.71
        },
        "20211": {
            "year_quarter": 20211,
            "year": 2021,
            "quarter": 1,
            "eps": 0.5,
            "eps_growth_year": 733.33,
            "eps_4q": 1.82,
            "eps_4q_growth_year": 82.9,
            "roe": 2.46,
            "roe_4q": 8.79,
            "gross_profit": 4752657,
            "gross_margin": 50.87,
            "gross_margin_4q_avg": 50.89,
            "net_income": 995721,
            "net_income_4q": null,
            "revenue": 9342221,
            "revenue_4q": null,
            "common_shares": 14169406,
            "book_valuer_per_share": 22.9,
            "book_valuer_per_share_4q_avg": 21.89,
            "equity": 41160046,
            "current_ratio": 40.21,
            "debt_ratio": 66.74,
            "inventory_turnover_ratio": 1.81,
            "account_receivable_turnover_ratio": 14.26,
            "reinvestment_rate": -192.56,
            "research_to_sale_ratio": null,
            "price_fair": 43.66,
            "eps_avg_yearly": 1.25,
            "eps_latest_yearly": 2,
            "eps_growth_yearly": 191.26
        },
        "20212": {
            "year_quarter": 20212,
            "year": 2021,
            "quarter": 2,
            "eps": -0.09,
            "eps_growth_year": -139.13,
            "eps_4q": 1.51,
            "eps_4q_growth_year": 42.3,
            "roe": -0.27,
            "roe_4q": 7.32,
            "gross_profit": 3409870,
            "gross_margin": 48.14,
            "gross_margin_4q_avg": 50.03,
            "net_income": -108215,
            "net_income_4q": null,
            "revenue": 7083303,
            "revenue_4q": null,
            "common_shares": 14169406,
            "book_valuer_per_share": 21.91,
            "book_valuer_per_share_4q_avg": 22.11,
            "equity": 39779297,
            "current_ratio": 38.08,
            "debt_ratio": 67.14,
            "inventory_turnover_ratio": 1.51,
            "account_receivable_turnover_ratio": 13.23,
            "reinvestment_rate": -191.73,
            "research_to_sale_ratio": null,
            "price_fair": 45.83,
            "eps_avg_yearly": 1.31,
            "eps_latest_yearly": 2,
            "eps_growth_yearly": 218.13
        },
        "20213": {
            "year_quarter": 20213,
            "year": 2021,
            "quarter": 3,
            "eps": 0.23,
            "eps_growth_year": -60.34,
            "eps_4q": 1.15,
            "eps_4q_growth_year": -11.93,
            "roe": 0.96,
            "roe_4q": 5.76,
            "gross_profit": 3454471,
            "gross_margin": 49.1,
            "gross_margin_4q_avg": 49.04,
            "net_income": 380962,
            "net_income_4q": null,
            "revenue": 7035653,
            "revenue_4q": null,
            "common_shares": 14169406,
            "book_valuer_per_share": 21.82,
            "book_valuer_per_share_4q_avg": 22.19,
            "equity": 39209711,
            "current_ratio": 40.46,
            "debt_ratio": 68.05,
            "inventory_turnover_ratio": 1.41,
            "account_receivable_turnover_ratio": 11.46,
            "reinvestment_rate": -193.69,
            "research_to_sale_ratio": null,
            "price_fair": 46.4,
            "eps_avg_yearly": 1.33,
            "eps_latest_yearly": 2,
            "eps_growth_yearly": 165.85
        },
        "20214": {
            "year_quarter": 20214,
            "year": 2021,
            "quarter": 4,
            "eps": 0.22,
            "eps_growth_year": -57.28,
            "eps_4q": 0.86,
            "eps_4q_growth_year": -37.7,
            "roe": 1.61,
            "roe_4q": 4.76,
            "gross_profit": 5793068,
            "gross_margin": 48.9,
            "gross_margin_4q_avg": 49.25,
            "net_income": 636848,
            "net_income_4q": null,
            "revenue": 11847287,
            "revenue_4q": null,
            "common_shares": 14169406,
            "book_valuer_per_share": 22.04,
            "book_valuer_per_share_4q_avg": 22.17,
            "equity": 39835158,
            "current_ratio": 55.11,
            "debt_ratio": 69.53,
            "inventory_turnover_ratio": 2.25,
            "account_receivable_turnover_ratio": 11.34,
            "reinvestment_rate": -191.91,
            "research_to_sale_ratio": null,
            "price_fair": 42.9,
            "eps_avg_yearly": 1.23,
            "eps_latest_yearly": 0.88,
            "eps_growth_yearly": 132.86
        },
        "20221": {
            "year_quarter": 20221,
            "year": 2022,
            "quarter": 1,
            "eps": 0.38,
            "eps_growth_year": -24,
            "eps_4q": 0.74,
            "eps_4q_growth_year": -59.41,
            "roe": 1.95,
            "roe_4q": 4.25,
            "gross_profit": 4801464,
            "gross_margin": 52.98,
            "gross_margin_4q_avg": 49.78,
            "net_income": 787134,
            "net_income_4q": null,
            "revenue": 9062173,
            "revenue_4q": null,
            "common_shares": 14169406,
            "book_valuer_per_share": 22.69,
            "book_valuer_per_share_4q_avg": 22.12,
            "equity": 40984684,
            "current_ratio": 43.67,
            "debt_ratio": 67.26,
            "inventory_turnover_ratio": 1.67,
            "account_receivable_turnover_ratio": 8.76,
            "reinvestment_rate": -118.44,
            "research_to_sale_ratio": null,
            "price_fair": 43.9,
            "eps_avg_yearly": 1.25,
            "eps_latest_yearly": 1.52,
            "eps_growth_yearly": 168.18
        },
        "20222": {
            "year_quarter": 20222,
            "year": 2022,
            "quarter": 2,
            "eps": -0.02,
            "eps_growth_year": null,
            "eps_4q": 0.81,
            "eps_4q_growth_year": -46.17,
            "roe": 0.03,
            "roe_4q": 4.55,
            "gross_profit": 3925308,
            "gross_margin": 54.94,
            "gross_margin_4q_avg": 51.48,
            "net_income": 12137,
            "net_income_4q": null,
            "revenue": 7144766,
            "revenue_4q": null,
            "common_shares": 14169406,
            "book_valuer_per_share": 21.47,
            "book_valuer_per_share_4q_avg": 22.01,
            "equity": 38739668,
            "current_ratio": 37.5,
            "debt_ratio": 68.06,
            "inventory_turnover_ratio": 1.31,
            "account_receivable_turnover_ratio": 10.13,
            "reinvestment_rate": -136.55,
            "research_to_sale_ratio": null,
            "price_fair": 45.88,
            "eps_avg_yearly": 1.31,
            "eps_latest_yearly": 1.52,
            "eps_growth_yearly": 197.6
        },
        "20223": {
            "year_quarter": 20223,
            "year": 2022,
            "quarter": 3,
            "eps": 0.56,
            "eps_growth_year": 143.48,
            "eps_4q": 1.15,
            "eps_4q_growth_year": -0.61,
            "roe": 2.6,
            "roe_4q": 6.19,
            "gross_profit": 4646900,
            "gross_margin": 56.49,
            "gross_margin_4q_avg": 53.33,
            "net_income": 1016586,
            "net_income_4q": null,
            "revenue": 8226357,
            "revenue_4q": null,
            "common_shares": 14169406,
            "book_valuer_per_share": 21.81,
            "book_valuer_per_share_4q_avg": 22,
            "equity": 39446020,
            "current_ratio": 35.82,
            "debt_ratio": 67.29,
            "inventory_turnover_ratio": 1.45,
            "account_receivable_turnover_ratio": 11,
            "reinvestment_rate": -127.54,
            "research_to_sale_ratio": null,
            "price_fair": 47.95,
            "eps_avg_yearly": 1.37,
            "eps_latest_yearly": 1.52,
            "eps_growth_yearly": 208.94
        },
        "20224": {
            "year_quarter": 20224,
            "year": 2022,
            "quarter": 4,
            "eps": 0.44,
            "eps_growth_year": 100.72,
            "eps_4q": 1.37,
            "eps_4q_growth_year": 59.77,
            "roe": 2.22,
            "roe_4q": 6.800000000000001,
            "gross_profit": 5945813,
            "gross_margin": 52.02,
            "gross_margin_4q_avg": 54.11,
            "net_income": 889309,
            "net_income_4q": null,
            "revenue": 11430614,
            "revenue_4q": null,
            "common_shares": 14169406,
            "book_valuer_per_share": 22.39,
            "book_valuer_per_share_4q_avg": 22.09,
            "equity": 40547264,
            "current_ratio": 48.18,
            "debt_ratio": 68.05,
            "inventory_turnover_ratio": 2.17,
            "account_receivable_turnover_ratio": 10.78,
            "reinvestment_rate": -133.88,
            "research_to_sale_ratio": null,
            "price_fair": 48.77,
            "eps_avg_yearly": 1.39,
            "eps_latest_yearly": 1.76,
            "eps_growth_yearly": 152.9
        },
        "20231": {
            "year_quarter": 20231,
            "year": 2023,
            "quarter": 1,
            "eps": 0.56,
            "eps_growth_year": 47.37,
            "eps_4q": 1.55,
            "eps_4q_growth_year": 109.62,
            "roe": 2.84,
            "roe_4q": 7.69,
            "gross_profit": 5164174,
            "gross_margin": 55.61,
            "gross_margin_4q_avg": 54.77,
            "net_income": 1171843,
            "net_income_4q": null,
            "revenue": 9285620,
            "revenue_4q": null,
            "common_shares": 14169406,
            "book_valuer_per_share": 23.07,
            "book_valuer_per_share_4q_avg": 22.19,
            "equity": 41884313,
            "current_ratio": 46.2,
            "debt_ratio": 65.32,
            "inventory_turnover_ratio": 1.69,
            "account_receivable_turnover_ratio": 8.73,
            "reinvestment_rate": -10.01,
            "research_to_sale_ratio": null,
            "price_fair": 51.57,
            "eps_avg_yearly": 1.47,
            "eps_latest_yearly": 2.24,
            "eps_growth_yearly": 166.5
        },
        "20232": {
            "year_quarter": 20232,
            "year": 2023,
            "quarter": 2,
            "eps": 0.51,
            "eps_growth_year": null,
            "eps_4q": 2.08,
            "eps_4q_growth_year": 156.89,
            "roe": 2.54,
            "roe_4q": 10.2,
            "gross_profit": 4870729,
            "gross_margin": 59.02,
            "gross_margin_4q_avg": 55.79,
            "net_income": 1048618,
            "net_income_4q": null,
            "revenue": 8252635,
            "revenue_4q": null,
            "common_shares": 14169406,
            "book_valuer_per_share": 22.6,
            "book_valuer_per_share_4q_avg": 22.47,
            "equity": 40765176,
            "current_ratio": 46.56,
            "debt_ratio": 66.08,
            "inventory_turnover_ratio": 1.48,
            "account_receivable_turnover_ratio": 10.15,
            "reinvestment_rate": -15.84,
            "research_to_sale_ratio": null,
            "price_fair": 55.65,
            "eps_avg_yearly": 1.59,
            "eps_latest_yearly": 2.04,
            "eps_growth_yearly": 180.19
        },
        "20233": {
            "year_quarter": 20233,
            "year": 2023,
            "quarter": 3,
            "eps": 0.51,
            "eps_growth_year": -8.93,
            "eps_4q": 2.03,
            "eps_4q_growth_year": 76.72,
            "roe": 2.38,
            "roe_4q": 9.98,
            "gross_profit": 4776772,
            "gross_margin": 57.91,
            "gross_margin_4q_avg": 56.14,
            "net_income": 977406,
            "net_income_4q": null,
            "revenue": 8248735,
            "revenue_4q": null,
            "common_shares": 14169406,
            "book_valuer_per_share": 22.76,
            "book_valuer_per_share_4q_avg": 22.71,
            "equity": 41244164,
            "current_ratio": 53.23,
            "debt_ratio": 65.64,
            "inventory_turnover_ratio": 1.45,
            "account_receivable_turnover_ratio": 7.47,
            "reinvestment_rate": -30.95,
            "research_to_sale_ratio": null,
            "price_fair": 57.87,
            "eps_avg_yearly": 1.65,
            "eps_latest_yearly": 2.04,
            "eps_growth_yearly": 146.86
        }
    },
    "months": {
        "2001-06": {
            "month": "2001-06",
            "price": "9.04",
            "revenue": 1415323
        },
        "2001-07": {
            "month": "2001-07",
            "price": "7.07",
            "revenue": 1288898
        },
        "2001-08": {
            "month": "2001-08",
            "price": "6.96",
            "revenue": 1283208
        },
        "2001-09": {
            "month": "2001-09",
            "price": "6.20",
            "revenue": 981372
        },
        "2001-10": {
            "month": "2001-10",
            "price": "6.11",
            "revenue": 1075539
        },
        "2001-11": {
            "month": "2001-11",
            "price": "6.19",
            "revenue": 1854057
        },
        "2001-12": {
            "month": "2001-12",
            "price": "6.53",
            "revenue": 2489539
        },
        "2002-01": {
            "month": "2002-01",
            "price": "6.76",
            "revenue": 1354939
        },
        "2002-02": {
            "month": "2002-02",
            "price": "6.61",
            "revenue": 1957945
        },
        "2002-03": {
            "month": "2002-03",
            "price": "7.03",
            "revenue": 1327687
        },
        "2002-04": {
            "month": "2002-04",
            "price": "8.33",
            "revenue": 1194413
        },
        "2002-05": {
            "month": "2002-05",
            "price": "8.21",
            "revenue": 1204530
        },
        "2002-06": {
            "month": "2002-06",
            "price": "8.48",
            "revenue": 1120596
        },
        "2002-07": {
            "month": "2002-07",
            "price": "7.89",
            "revenue": 1365861
        },
        "2002-08": {
            "month": "2002-08",
            "price": "6.91",
            "revenue": 1301399
        },
        "2002-09": {
            "month": "2002-09",
            "price": "6.21",
            "revenue": 1082147
        },
        "2002-10": {
            "month": "2002-10",
            "price": "5.78",
            "revenue": 975987
        },
        "2002-11": {
            "month": "2002-11",
            "price": "7.26",
            "revenue": 1942182
        },
        "2002-12": {
            "month": "2002-12",
            "price": "7.77",
            "revenue": 1856972
        },
        "2003-01": {
            "month": "2003-01",
            "price": "9.78",
            "revenue": 1760482
        },
        "2003-02": {
            "month": "2003-02",
            "price": "9.16",
            "revenue": 1558529
        },
        "2003-03": {
            "month": "2003-03",
            "price": "8.25",
            "revenue": 1120437
        },
        "2003-04": {
            "month": "2003-04",
            "price": "7.75",
            "revenue": 1134538
        },
        "2003-05": {
            "month": "2003-05",
            "price": "6.57",
            "revenue": 1042733
        },
        "2003-06": {
            "month": "2003-06",
            "price": "8.04",
            "revenue": 1378355
        },
        "2003-07": {
            "month": "2003-07",
            "price": "8.86",
            "revenue": 1513086
        },
        "2003-08": {
            "month": "2003-08",
            "price": "9.44",
            "revenue": 1505763
        },
        "2003-09": {
            "month": "2003-09",
            "price": "8.96",
            "revenue": 1244854
        },
        "2003-10": {
            "month": "2003-10",
            "price": "11.98",
            "revenue": 1368453
        },
        "2003-11": {
            "month": "2003-11",
            "price": "13.08",
            "revenue": 2441257
        },
        "2003-12": {
            "month": "2003-12",
            "price": "12.80",
            "revenue": 1813297
        },
        "2004-01": {
            "month": "2004-01",
            "price": "14.43",
            "revenue": 2087818
        },
        "2004-02": {
            "month": "2004-02",
            "price": "17.92",
            "revenue": 1467215
        },
        "2004-03": {
            "month": "2004-03",
            "price": "17.17",
            "revenue": 975514
        },
        "2004-04": {
            "month": "2004-04",
            "price": "16.14",
            "revenue": 1100070
        },
        "2004-05": {
            "month": "2004-05",
            "price": "14.11",
            "revenue": 1376120
        },
        "2004-06": {
            "month": "2004-06",
            "price": "14.06",
            "revenue": 1355136
        },
        "2004-07": {
            "month": "2004-07",
            "price": "14.84",
            "revenue": 1305312
        },
        "2004-08": {
            "month": "2004-08",
            "price": "16.28",
            "revenue": 1330041
        },
        "2004-09": {
            "month": "2004-09",
            "price": "17.28",
            "revenue": 1025929
        },
        "2004-10": {
            "month": "2004-10",
            "price": "17.29",
            "revenue": 2178799
        },
        "2004-11": {
            "month": "2004-11",
            "price": "17.23",
            "revenue": 1823577
        },
        "2004-12": {
            "month": "2004-12",
            "price": "17.76",
            "revenue": 1273497
        },
        "2005-01": {
            "month": "2005-01",
            "price": "17.90",
            "revenue": 1770963
        },
        "2005-02": {
            "month": "2005-02",
            "price": "17.04",
            "revenue": 1944462
        },
        "2005-03": {
            "month": "2005-03",
            "price": "17.21",
            "revenue": 1207041
        },
        "2005-04": {
            "month": "2005-04",
            "price": "15.11",
            "revenue": 1204768
        },
        "2005-05": {
            "month": "2005-05",
            "price": "17.00",
            "revenue": 1367129
        },
        "2005-06": {
            "month": "2005-06",
            "price": "19.94",
            "revenue": 1362862
        },
        "2005-07": {
            "month": "2005-07",
            "price": "19.48",
            "revenue": 1503130
        },
        "2005-08": {
            "month": "2005-08",
            "price": "20.41",
            "revenue": 1405537
        },
        "2005-09": {
            "month": "2005-09",
            "price": "17.84",
            "revenue": 1124724
        },
        "2005-10": {
            "month": "2005-10",
            "price": "17.08",
            "revenue": 1991823
        },
        "2005-11": {
            "month": "2005-11",
            "price": "17.18",
            "revenue": 2085276
        },
        "2005-12": {
            "month": "2005-12",
            "price": "18.97",
            "revenue": 1388441
        },
        "2006-01": {
            "month": "2006-01",
            "price": "18.05",
            "revenue": 1892446
        },
        "2006-02": {
            "month": "2006-02",
            "price": "17.02",
            "revenue": 1523726
        },
        "2006-03": {
            "month": "2006-03",
            "price": "15.42",
            "revenue": 1163718
        },
        "2006-04": {
            "month": "2006-04",
            "price": "16.59",
            "revenue": 1458019
        },
        "2006-05": {
            "month": "2006-05",
            "price": "18.32",
            "revenue": 1494002
        },
        "2006-06": {
            "month": "2006-06",
            "price": "16.74",
            "revenue": 1328142
        },
        "2006-07": {
            "month": "2006-07",
            "price": "16.63",
            "revenue": 1534759
        },
        "2006-08": {
            "month": "2006-08",
            "price": "16.13",
            "revenue": 1488055
        },
        "2006-09": {
            "month": "2006-09",
            "price": "15.41",
            "revenue": 1124782
        },
        "2006-10": {
            "month": "2006-10",
            "price": "17.17",
            "revenue": 2238807
        },
        "2006-11": {
            "month": "2006-11",
            "price": "17.43",
            "revenue": 1949986
        },
        "2006-12": {
            "month": "2006-12",
            "price": "19.88",
            "revenue": 1497646
        },
        "2007-01": {
            "month": "2007-01",
            "price": "20.23",
            "revenue": 1417812
        },
        "2007-02": {
            "month": "2007-02",
            "price": "21.88",
            "revenue": 2099187
        },
        "2007-03": {
            "month": "2007-03",
            "price": "21.96",
            "revenue": 1317916
        },
        "2007-04": {
            "month": "2007-04",
            "price": "22.59",
            "revenue": 1575917
        },
        "2007-05": {
            "month": "2007-05",
            "price": "21.45",
            "revenue": 1613184
        },
        "2007-06": {
            "month": "2007-06",
            "price": "23.29",
            "revenue": 1415934
        },
        "2007-07": {
            "month": "2007-07",
            "price": "28.50",
            "revenue": 1579596
        },
        "2007-08": {
            "month": "2007-08",
            "price": "29.43",
            "revenue": 1525798
        },
        "2007-09": {
            "month": "2007-09",
            "price": "34.72",
            "revenue": 1342297
        },
        "2007-10": {
            "month": "2007-10",
            "price": "38.31",
            "revenue": 2236772
        },
        "2007-11": {
            "month": "2007-11",
            "price": "37.17",
            "revenue": 2888581
        },
        "2007-12": {
            "month": "2007-12",
            "price": "37.99",
            "revenue": 1628071
        },
        "2008-01": {
            "month": "2008-01",
            "price": "43.34",
            "revenue": 1736849
        },
        "2008-02": {
            "month": "2008-02",
            "price": "51.95",
            "revenue": 2273781
        },
        "2008-03": {
            "month": "2008-03",
            "price": "52.95",
            "revenue": 1336995
        },
        "2008-04": {
            "month": "2008-04",
            "price": "52.79",
            "revenue": 1716204
        },
        "2008-05": {
            "month": "2008-05",
            "price": "47.90",
            "revenue": 1690092
        },
        "2008-06": {
            "month": "2008-06",
            "price": "43.73",
            "revenue": 1381868
        },
        "2008-07": {
            "month": "2008-07",
            "price": "30.15",
            "revenue": 1631106
        },
        "2008-08": {
            "month": "2008-08",
            "price": "25.74",
            "revenue": 1567980
        },
        "2008-09": {
            "month": "2008-09",
            "price": "21.21",
            "revenue": 1198262
        },
        "2008-10": {
            "month": "2008-10",
            "price": "17.71",
            "revenue": 2425543
        },
        "2008-11": {
            "month": "2008-11",
            "price": "14.77",
            "revenue": 2821960
        },
        "2008-12": {
            "month": "2008-12",
            "price": "17.65",
            "revenue": 1369449
        },
        "2009-01": {
            "month": "2009-01",
            "price": "17.71",
            "revenue": 2344548
        },
        "2009-02": {
            "month": "2009-02",
            "price": "14.73",
            "revenue": 1464231
        },
        "2009-03": {
            "month": "2009-03",
            "price": "15.92",
            "revenue": 1286467
        },
        "2009-04": {
            "month": "2009-04",
            "price": "21.32",
            "revenue": 1711968
        },
        "2009-05": {
            "month": "2009-05",
            "price": "28.45",
            "revenue": 1693729
        },
        "2009-06": {
            "month": "2009-06",
            "price": "31.86",
            "revenue": 1366788
        },
        "2009-07": {
            "month": "2009-07",
            "price": "32.99",
            "revenue": 1662360
        },
        "2009-08": {
            "month": "2009-08",
            "price": "28.52",
            "revenue": 1576747
        },
        "2009-09": {
            "month": "2009-09",
            "price": "31.19",
            "revenue": 1336760
        },
        "2009-10": {
            "month": "2009-10",
            "price": "35.73",
            "revenue": 3224713
        },
        "2009-11": {
            "month": "2009-11",
            "price": "35.34",
            "revenue": 3078708
        },
        "2009-12": {
            "month": "2009-12",
            "price": "35.47",
            "revenue": 1557484
        },
        "2010-01": {
            "month": "2010-01",
            "price": "35.54",
            "revenue": 1863756
        },
        "2010-02": {
            "month": "2010-02",
            "price": "25.28",
            "revenue": 2300924
        },
        "2010-03": {
            "month": "2010-03",
            "price": "26.03",
            "revenue": 1392509
        },
        "2010-04": {
            "month": "2010-04",
            "price": "28.31",
            "revenue": 1994510
        },
        "2010-05": {
            "month": "2010-05",
            "price": "26.21",
            "revenue": 1779771
        },
        "2010-06": {
            "month": "2010-06",
            "price": "27.55",
            "revenue": 1547724
        },
        "2010-07": {
            "month": "2010-07",
            "price": "29.40",
            "revenue": 1921202
        },
        "2010-08": {
            "month": "2010-08",
            "price": "34.25",
            "revenue": 1705739
        },
        "2010-09": {
            "month": "2010-09",
            "price": "36.45",
            "revenue": 1322333
        },
        "2010-10": {
            "month": "2010-10",
            "price": "39.71",
            "revenue": 4105645
        },
        "2010-11": {
            "month": "2010-11",
            "price": "39.86",
            "revenue": 3079264
        },
        "2010-12": {
            "month": "2010-12",
            "price": "46.14",
            "revenue": 1669294
        },
        "2011-01": {
            "month": "2011-01",
            "price": "49.78",
            "revenue": 2493469
        },
        "2011-02": {
            "month": "2011-02",
            "price": "47.18",
            "revenue": 2215337
        },
        "2011-03": {
            "month": "2011-03",
            "price": "44.32",
            "revenue": 1400685
        },
        "2011-04": {
            "month": "2011-04",
            "price": "51.19",
            "revenue": 2393033
        },
        "2011-05": {
            "month": "2011-05",
            "price": "51.81",
            "revenue": 1878665
        },
        "2011-06": {
            "month": "2011-06",
            "price": "53.75",
            "revenue": 1737501
        },
        "2011-07": {
            "month": "2011-07",
            "price": "60.61",
            "revenue": 2001349
        },
        "2011-08": {
            "month": "2011-08",
            "price": "54.14",
            "revenue": 1722886
        },
        "2011-09": {
            "month": "2011-09",
            "price": "44.77",
            "revenue": 1376996
        },
        "2011-10": {
            "month": "2011-10",
            "price": "43.49",
            "revenue": 4945478
        },
        "2011-11": {
            "month": "2011-11",
            "price": "41.65",
            "revenue": 2724388
        },
        "2011-12": {
            "month": "2011-12",
            "price": "34.63",
            "revenue": 2750862
        },
        "2012-01": {
            "month": "2012-01",
            "price": "36.63",
            "revenue": 5075674
        },
        "2012-02": {
            "month": "2012-02",
            "price": "41.03",
            "revenue": 2865242
        },
        "2012-03": {
            "month": "2012-03",
            "price": "38.65",
            "revenue": 2325495
        },
        "2012-04": {
            "month": "2012-04",
            "price": "33.20",
            "revenue": 3417899
        },
        "2012-05": {
            "month": "2012-05",
            "price": "28.35",
            "revenue": 2873074
        },
        "2012-06": {
            "month": "2012-06",
            "price": "27.40",
            "revenue": 2481326
        },
        "2012-07": {
            "month": "2012-07",
            "price": "28.97",
            "revenue": 2790311
        },
        "2012-08": {
            "month": "2012-08",
            "price": "31.28",
            "revenue": 2500145
        },
        "2012-09": {
            "month": "2012-09",
            "price": "30.80",
            "revenue": 2463675
        },
        "2012-10": {
            "month": "2012-10",
            "price": "30.13",
            "revenue": 6590775
        },
        "2012-11": {
            "month": "2012-11",
            "price": "28.03",
            "revenue": 3208936
        },
        "2012-12": {
            "month": "2012-12",
            "price": "30.08",
            "revenue": 2535513
        },
        "2013-01": {
            "month": "2013-01",
            "price": "29.35",
            "revenue": 3976260
        },
        "2013-02": {
            "month": "2013-02",
            "price": "28.64",
            "revenue": 4044639
        },
        "2013-03": {
            "month": "2013-03",
            "price": "27.47",
            "revenue": 3496809
        },
        "2013-04": {
            "month": "2013-04",
            "price": "26.42",
            "revenue": 3717286
        },
        "2013-05": {
            "month": "2013-05",
            "price": "27.70",
            "revenue": 3713796
        },
        "2013-06": {
            "month": "2013-06",
            "price": "27.62",
            "revenue": 3465571
        },
        "2013-07": {
            "month": "2013-07",
            "price": "28.48",
            "revenue": 3328962
        },
        "2013-08": {
            "month": "2013-08",
            "price": "30.19",
            "revenue": 3822344
        },
        "2013-09": {
            "month": "2013-09",
            "price": "31.38",
            "revenue": 3481215
        },
        "2013-10": {
            "month": "2013-10",
            "price": "31.39",
            "revenue": 4338000
        },
        "2013-11": {
            "month": "2013-11",
            "price": "29.56",
            "revenue": 5532303
        },
        "2013-12": {
            "month": "2013-12",
            "price": "29.20",
            "revenue": 3835742
        },
        "2014-01": {
            "month": "2014-01",
            "price": "27.91",
            "revenue": 4540854
        },
        "2014-02": {
            "month": "2014-02",
            "price": "27.35",
            "revenue": 3155352
        },
        "2014-03": {
            "month": "2014-03",
            "price": "26.96",
            "revenue": 3376767
        },
        "2014-04": {
            "month": "2014-04",
            "price": "27.62",
            "revenue": 3671320
        },
        "2014-05": {
            "month": "2014-05",
            "price": "27.57",
            "revenue": 3699236
        },
        "2014-06": {
            "month": "2014-06",
            "price": "28.08",
            "revenue": 3245424
        },
        "2014-07": {
            "month": "2014-07",
            "price": "28.96",
            "revenue": 3555862
        },
        "2014-08": {
            "month": "2014-08",
            "price": "30.05",
            "revenue": 3640420
        },
        "2014-09": {
            "month": "2014-09",
            "price": "29.65",
            "revenue": 3452480
        },
        "2014-10": {
            "month": "2014-10",
            "price": "27.92",
            "revenue": 4294412
        },
        "2014-11": {
            "month": "2014-11",
            "price": "27.16",
            "revenue": 5409296
        },
        "2014-12": {
            "month": "2014-12",
            "price": "27.07",
            "revenue": 3886414
        },
        "2015-01": {
            "month": "2015-01",
            "price": "27.35",
            "revenue": 3437900
        },
        "2015-02": {
            "month": "2015-02",
            "price": "27.21",
            "revenue": 4146317
        },
        "2015-03": {
            "month": "2015-03",
            "price": "26.68",
            "revenue": 3441090
        },
        "2015-04": {
            "month": "2015-04",
            "price": "24.95",
            "revenue": 3555914
        },
        "2015-05": {
            "month": "2015-05",
            "price": "23.68",
            "revenue": 3652657
        },
        "2015-06": {
            "month": "2015-06",
            "price": "20.08",
            "revenue": 3153529
        },
        "2015-07": {
            "month": "2015-07",
            "price": "18.76",
            "revenue": 3197025
        },
        "2015-08": {
            "month": "2015-08",
            "price": "16.34",
            "revenue": 3654707
        },
        "2015-09": {
            "month": "2015-09",
            "price": "16.88",
            "revenue": 3408573
        },
        "2015-10": {
            "month": "2015-10",
            "price": "18.48",
            "revenue": 4196687
        },
        "2015-11": {
            "month": "2015-11",
            "price": "18.76",
            "revenue": 5342862
        },
        "2015-12": {
            "month": "2015-12",
            "price": "18.11",
            "revenue": 3818110
        },
        "2016-01": {
            "month": "2016-01",
            "price": "16.34",
            "revenue": 3864596
        },
        "2016-02": {
            "month": "2016-02",
            "price": "16.91",
            "revenue": 3768898
        },
        "2016-03": {
            "month": "2016-03",
            "price": "17.27",
            "revenue": 3240982
        },
        "2016-04": {
            "month": "2016-04",
            "price": "17.47",
            "revenue": 3599158
        },
        "2016-05": {
            "month": "2016-05",
            "price": "16.74",
            "revenue": 3365499
        },
        "2016-06": {
            "month": "2016-06",
            "price": "16.90",
            "revenue": 3099861
        },
        "2016-07": {
            "month": "2016-07",
            "price": "17.78",
            "revenue": 3254653
        },
        "2016-08": {
            "month": "2016-08",
            "price": "17.47",
            "revenue": 3328559
        },
        "2016-09": {
            "month": "2016-09",
            "price": "16.99",
            "revenue": 3267704
        },
        "2016-10": {
            "month": "2016-10",
            "price": "16.84",
            "revenue": 4007777
        },
        "2016-11": {
            "month": "2016-11",
            "price": "16.17",
            "revenue": 5045022
        },
        "2016-12": {
            "month": "2016-12",
            "price": "15.88",
            "revenue": 3695951
        },
        "2017-01": {
            "month": "2017-01",
            "price": "15.96",
            "revenue": 3906762
        },
        "2017-02": {
            "month": "2017-02",
            "price": "16.39",
            "revenue": 2719146
        },
        "2017-03": {
            "month": "2017-03",
            "price": "16.22",
            "revenue": 3054884
        },
        "2017-04": {
            "month": "2017-04",
            "price": "15.99",
            "revenue": 3335495
        },
        "2017-05": {
            "month": "2017-05",
            "price": "15.80",
            "revenue": 3310703
        },
        "2017-06": {
            "month": "2017-06",
            "price": "15.68",
            "revenue": 2702725
        },
        "2017-07": {
            "month": "2017-07",
            "price": "15.50",
            "revenue": 3005111
        },
        "2017-08": {
            "month": "2017-08",
            "price": "14.97",
            "revenue": 3120777
        },
        "2017-09": {
            "month": "2017-09",
            "price": "15.26",
            "revenue": 3017833
        },
        "2017-10": {
            "month": "2017-10",
            "price": "14.98",
            "revenue": 3943976
        },
        "2017-11": {
            "month": "2017-11",
            "price": "14.90",
            "revenue": 5388590
        },
        "2017-12": {
            "month": "2017-12",
            "price": "14.86",
            "revenue": 3667102
        },
        "2018-01": {
            "month": "2018-01",
            "price": "15.44",
            "revenue": 2952899
        },
        "2018-02": {
            "month": "2018-02",
            "price": "15.87",
            "revenue": 3426209
        },
        "2018-03": {
            "month": "2018-03",
            "price": "15.87",
            "revenue": 2963603
        },
        "2018-04": {
            "month": "2018-04",
            "price": "18.40",
            "revenue": 3151116
        },
        "2018-05": {
            "month": "2018-05",
            "price": "19.62",
            "revenue": 3059068
        },
        "2018-06": {
            "month": "2018-06",
            "price": "19.53",
            "revenue": 2649366
        },
        "2018-07": {
            "month": "2018-07",
            "price": "18.16",
            "revenue": 2787451
        },
        "2018-08": {
            "month": "2018-08",
            "price": "17.37",
            "revenue": 3031409
        },
        "2018-09": {
            "month": "2018-09",
            "price": "17.09",
            "revenue": 2954647
        },
        "2018-10": {
            "month": "2018-10",
            "price": "15.92",
            "revenue": 3659764
        },
        "2018-11": {
            "month": "2018-11",
            "price": "15.52",
            "revenue": 5181442
        },
        "2018-12": {
            "month": "2018-12",
            "price": "15.56",
            "revenue": 3392348
        },
        "2019-01": {
            "month": "2019-01",
            "price": "15.77",
            "revenue": 3196488
        },
        "2019-02": {
            "month": "2019-02",
            "price": "16.28",
            "revenue": 2873460
        },
        "2019-03": {
            "month": "2019-03",
            "price": "16.48",
            "revenue": 3155910
        },
        "2019-04": {
            "month": "2019-04",
            "price": "16.46",
            "revenue": 3040550
        },
        "2019-05": {
            "month": "2019-05",
            "price": "17.11",
            "revenue": 2969041
        },
        "2019-06": {
            "month": "2019-06",
            "price": "18.92",
            "revenue": 2559895
        },
        "2019-07": {
            "month": "2019-07",
            "price": "22.77",
            "revenue": 2688403
        },
        "2019-08": {
            "month": "2019-08",
            "price": "22.81",
            "revenue": 2960286
        },
        "2019-09": {
            "month": "2019-09",
            "price": "23.91",
            "revenue": 2657152
        },
        "2019-10": {
            "month": "2019-10",
            "price": "25.28",
            "revenue": 3383569
        },
        "2019-11": {
            "month": "2019-11",
            "price": "26.01",
            "revenue": 5191970
        },
        "2019-12": {
            "month": "2019-12",
            "price": "25.54",
            "revenue": 3190574
        },
        "2020-01": {
            "month": "2020-01",
            "price": "25.30",
            "revenue": 3479285
        },
        "2020-02": {
            "month": "2020-02",
            "price": "24.34",
            "revenue": 2197949
        },
        "2020-03": {
            "month": "2020-03",
            "price": "21.98",
            "revenue": 2954020
        },
        "2020-04": {
            "month": "2020-04",
            "price": "22.10",
            "revenue": 2554157
        },
        "2020-05": {
            "month": "2020-05",
            "price": "23.48",
            "revenue": 2885651
        },
        "2020-06": {
            "month": "2020-06",
            "price": "25.04",
            "revenue": 2508486
        },
        "2020-07": {
            "month": "2020-07",
            "price": "24.48",
            "revenue": 2671929
        },
        "2020-08": {
            "month": "2020-08",
            "price": "25.33",
            "revenue": 3052194
        },
        "2020-09": {
            "month": "2020-09",
            "price": "25.47",
            "revenue": 2773285
        },
        "2020-10": {
            "month": "2020-10",
            "price": "24.20",
            "revenue": 3731320
        },
        "2020-11": {
            "month": "2020-11",
            "price": "24.48",
            "revenue": 5342413
        },
        "2020-12": {
            "month": "2020-12",
            "price": "24.28",
            "revenue": 3098303
        },
        "2021-01": {
            "month": "2021-01",
            "price": "22.82",
            "revenue": 3107298
        },
        "2021-02": {
            "month": "2021-02",
            "price": "22.07",
            "revenue": 2915982
        },
        "2021-03": {
            "month": "2021-03",
            "price": "23.13",
            "revenue": 3314243
        },
        "2021-04": {
            "month": "2021-04",
            "price": "24.39",
            "revenue": 2944976
        },
        "2021-05": {
            "month": "2021-05",
            "price": "22.59",
            "revenue": 2488382
        },
        "2021-06": {
            "month": "2021-06",
            "price": "22.81",
            "revenue": 1649945
        },
        "2021-07": {
            "month": "2021-07",
            "price": "23.73",
            "revenue": 1967397
        },
        "2021-08": {
            "month": "2021-08",
            "price": "22.03",
            "revenue": 2590250
        },
        "2021-09": {
            "month": "2021-09",
            "price": "21.93",
            "revenue": 2467434
        },
        "2021-10": {
            "month": "2021-10",
            "price": "22.43",
            "revenue": 3921391
        },
        "2021-11": {
            "month": "2021-11",
            "price": "22.02",
            "revenue": 4584345
        },
        "2021-12": {
            "month": "2021-12",
            "price": "21.28",
            "revenue": 3311159
        },
        "2022-01": {
            "month": "2022-01",
            "price": "21.31",
            "revenue": 3356574
        },
        "2022-02": {
            "month": "2022-02",
            "price": "21.29",
            "revenue": 2588116
        },
        "2022-03": {
            "month": "2022-03",
            "price": "21.22",
            "revenue": 3114469
        },
        "2022-04": {
            "month": "2022-04",
            "price": "21.01",
            "revenue": 2555382
        },
        "2022-05": {
            "month": "2022-05",
            "price": "19.95",
            "revenue": 2248068
        },
        "2022-06": {
            "month": "2022-06",
            "price": "20.25",
            "revenue": 2335302
        },
        "2022-07": {
            "month": "2022-07",
            "price": "19.28",
            "revenue": 2770769
        },
        "2022-08": {
            "month": "2022-08",
            "price": "19.48",
            "revenue": 2732497
        },
        "2022-09": {
            "month": "2022-09",
            "price": "20.07",
            "revenue": 2717034
        },
        "2022-10": {
            "month": "2022-10",
            "price": "18.52",
            "revenue": 3723105
        },
        "2022-11": {
            "month": "2022-11",
            "price": "19.11",
            "revenue": 4423958
        },
        "2022-12": {
            "month": "2022-12",
            "price": "20.93",
            "revenue": 3319245
        },
        "2023-01": {
            "month": "2023-01",
            "price": "21.57",
            "revenue": 3698297
        },
        "2023-02": {
            "month": "2023-02",
            "price": "21.86",
            "revenue": 2487249
        },
        "2023-03": {
            "month": "2023-03",
            "price": "22.76",
            "revenue": 3086630
        },
        "2023-04": {
            "month": "2023-04",
            "price": "22.48",
            "revenue": 2850917
        },
        "2023-05": {
            "month": "2023-05",
            "price": "23.56",
            "revenue": 2823424
        },
        "2023-06": {
            "month": "2023-06",
            "price": "24.00",
            "revenue": 2568184
        },
        "2023-07": {
            "month": "2023-07",
            "price": "22.97",
            "revenue": 2758676
        },
        "2023-08": {
            "month": "2023-08",
            "price": "22.28",
            "revenue": 2804825
        },
        "2023-09": {
            "month": "2023-09",
            "price": "23.61",
            "revenue": 2667741
        },
        "2023-10": {
            "month": "2023-10",
            "price": "23.88",
            "revenue": 3624942
        },
        "2023-11": {
            "month": "2023-11",
            "price": "24.33",
            "revenue": 4396660
        },
        "2023-12": {
            "month": "2023-12",
            "price": "24.80",
            "revenue": 2906848
        }
    }
}
