{
    "summary": {
        "stock_name": "匯僑",
        "stock_id": "2904",
        "category": "其他",
        "main_business": "港埠石化品之裝卸及儲轉業務<br>進出口貿易業務及其有關之國內外買賣業務",
        "website_url": "http://www.pocs.com.tw",
        "ceo": "葉唐榮",
        "pe_ratio": 15,
        "report_year_from": 2001,
        "report_year_to": 2023,
        "age": 22,
        "eps_negative_percentage": 17,
        "eps_growth_avg": {
            "last_all": 9.36,
            "last_2y": 3.45,
            "last_4y": 9.42,
            "last_8y": 0.97,
            "last_12y": 3.01,
            "last_16y": 16.19,
            "last_20y": 9.36,
            "at_2006_last_3y": -100,
            "at_2007_last_3y": 0,
            "at_2008_last_3y": 69.83,
            "at_2009_last_3y": 73.3,
            "at_2010_last_3y": 52.41,
            "at_2011_last_3y": 52.41,
            "at_2012_last_3y": 33.71,
            "at_2013_last_3y": 7.62,
            "at_2014_last_3y": 10.41,
            "at_2015_last_3y": -14.48,
            "at_2016_last_3y": -13.65,
            "at_2017_last_3y": -9.59,
            "at_2018_last_3y": -4.28,
            "at_2019_last_3y": -0.74,
            "at_2020_last_3y": 11.81,
            "at_2021_last_3y": -0.12,
            "at_2022_last_3y": 6.24,
            "at_2023_last_3y": 6.24,
            "at_2006_last_all": -100,
            "at_2007_last_all": 0,
            "at_2008_last_all": 13.22,
            "at_2009_last_all": 29.98,
            "at_2010_last_all": 21.93,
            "at_2011_last_all": 34.94,
            "at_2012_last_all": 24.93,
            "at_2013_last_all": 18.8,
            "at_2014_last_all": 16.81,
            "at_2015_last_all": 15.17,
            "at_2016_last_all": 10.9,
            "at_2017_last_all": 9.33,
            "at_2018_last_all": 10.32,
            "at_2019_last_all": 10.63,
            "at_2020_last_all": 11.14,
            "at_2021_last_all": 6.97,
            "at_2022_last_all": 9.36,
            "at_2023_last_all": 9.36
        },
        "latest_eps": 1.34,
        "latest_price": 20.15,
        "latest_roe": 9.46,
        "latest_gross_margin": 36.07,
        "latest_equity": 1212016,
        "latest_revenue": 121773,
        "latest_gross_profit": 43924,
        "latest_net_income": 26134,
        "latest_debt_ratio": 42,
        "latest_current_ratio": 66.9,
        "latest_account_receivable_turnover_ratio": 2.68,
        "latest_inventory_turnover_ratio": null,
        "latest_reinvestment_rate": 170.7,
        "latest_research_to_sale_ratio": null
    },
    "eps_dividends": {
        "2001": {
            "cash": 0,
            "stock": 0,
            "eps": -3.23
        },
        "2002": {
            "cash": 0,
            "stock": 0,
            "eps": -1.38
        },
        "2003": {
            "cash": 0,
            "stock": 0,
            "eps": 0.02
        },
        "2004": {
            "cash": 0,
            "stock": 0,
            "eps": -1.06
        },
        "2005": {
            "cash": 0,
            "stock": 0,
            "eps": -0.63
        },
        "2006": {
            "cash": 0,
            "stock": 0,
            "eps": 0.27
        },
        "2007": {
            "cash": 0,
            "stock": 0,
            "eps": 0.58
        },
        "2008": {
            "cash": 0,
            "stock": 0,
            "eps": 0.81
        },
        "2009": {
            "cash": 1,
            "stock": 0,
            "eps": 1.46
        },
        "2010": {
            "cash": 1,
            "stock": 0,
            "eps": 1.31
        },
        "2011": {
            "cash": 5,
            "stock": 0,
            "eps": 4.47
        },
        "2012": {
            "cash": 0,
            "stock": 0,
            "eps": 2.9
        },
        "2013": {
            "cash": 3,
            "stock": 0,
            "eps": 2.2
        },
        "2014": {
            "cash": 3,
            "stock": 0,
            "eps": 2.22
        },
        "2015": {
            "cash": 2,
            "stock": 0,
            "eps": 2.23
        },
        "2016": {
            "cash": 2,
            "stock": 0,
            "eps": 1.52
        },
        "2017": {
            "cash": 1,
            "stock": 0,
            "eps": 1.4
        },
        "2018": {
            "cash": 1,
            "stock": 0,
            "eps": 1.71
        },
        "2019": {
            "cash": 2,
            "stock": 0,
            "eps": 1.96
        },
        "2020": {
            "cash": 2,
            "stock": 0,
            "eps": 2.32
        },
        "2021": {
            "cash": 2,
            "stock": 0,
            "eps": 1.03
        },
        "2022": {
            "cash": 1,
            "stock": 0,
            "eps": 1.52
        },
        "2023": {
            "cash": 1,
            "stock": 0,
            "eps": 0.34
        }
    },
    "dividends": {
        "2008-04-24": {
            "cash": 0.06,
            "stock": 0.15
        },
        "2009-04-27": {
            "cash": 0.5,
            "stock": 0
        },
        "2010-04-27": {
            "cash": 0.87,
            "stock": 0
        },
        "2011-01-01": {
            "cash": 4,
            "stock": 0
        },
        "2011-04-06": {
            "cash": 1.15,
            "stock": 0
        },
        "2013-05-13": {
            "cash": 2.6,
            "stock": 0
        },
        "2014-06-18": {
            "cash": 2.8,
            "stock": 0
        },
        "2015-07-31": {
            "cash": 2,
            "stock": 0
        },
        "2016-08-18": {
            "cash": 2,
            "stock": 0
        },
        "2017-08-04": {
            "cash": 1.35,
            "stock": 0
        },
        "2018-08-03": {
            "cash": 1.2,
            "stock": 0
        },
        "2019-09-11": {
            "cash": 1.52,
            "stock": 0
        },
        "2020-07-23": {
            "cash": 1.65,
            "stock": 0
        },
        "2021-10-07": {
            "cash": 2,
            "stock": 0
        },
        "2022-08-12": {
            "cash": 0.8,
            "stock": 0
        },
        "2023-03-23": {
            "cash": 0.65,
            "stock": 0
        }
    },
    "prices": {
        "200101": "6.65",
        "200102": "7.43",
        "200103": "8.73",
        "200104": "11.17",
        "200105": "8.84",
        "200106": "8.08",
        "200107": "6.19",
        "200108": "5.33",
        "200109": "6.27",
        "200110": "6.96",
        "200111": "6.88",
        "200112": "8.30",
        "200201": "9.96",
        "200202": "12.95",
        "200203": "13.68",
        "200204": "12.01",
        "200205": "9.41",
        "200206": "10.40",
        "200207": "10.37",
        "200208": "8.14",
        "200209": "6.25",
        "200210": "5.09",
        "200211": "5.64",
        "200212": "5.68",
        "200301": "6.33",
        "200302": "6.00",
        "200303": "5.27",
        "200304": "4.82",
        "200305": "4.22",
        "200306": "4.43",
        "200307": "4.13",
        "200308": "3.53",
        "200309": "2.85",
        "200310": "3.38",
        "200311": "3.58",
        "200312": "3.54",
        "200401": "4.69",
        "200402": "6.26",
        "200403": "5.71",
        "200404": "5.70",
        "200405": "4.70",
        "200406": "4.14",
        "200407": "3.88",
        "200408": "3.69",
        "200409": "3.49",
        "200410": "3.90",
        "200411": "3.89",
        "200412": "3.76",
        "200501": "3.93",
        "200502": "3.77",
        "200503": "3.58",
        "200504": "3.12",
        "200505": "1.98",
        "200506": "2.21",
        "200507": "2.36",
        "200508": "2.46",
        "200509": "2.24",
        "200510": "2.04",
        "200511": "2.00",
        "200512": "1.93",
        "200601": "1.62",
        "200602": "1.44",
        "200603": "1.47",
        "200604": "1.51",
        "200605": "1.90",
        "200606": "2.44",
        "200607": "2.37",
        "200608": "2.11",
        "200609": "1.62",
        "200610": "1.88",
        "200611": "1.99",
        "200612": "2.50",
        "200701": "2.84",
        "200702": "2.30",
        "200703": "2.48",
        "200704": "2.50",
        "200705": "2.48",
        "200706": "2.82",
        "200707": "3.20",
        "200708": "7.29",
        "200709": "9.09",
        "200710": "8.89",
        "200711": "8.45",
        "200712": "6.55",
        "200801": "7.82",
        "200802": "9.16",
        "200803": "8.55",
        "200804": "7.96",
        "200805": "10.00",
        "200806": "9.17",
        "200807": "7.76",
        "200808": "6.63",
        "200809": "6.15",
        "200810": "5.13",
        "200811": "4.57",
        "200812": "4.86",
        "200901": "5.15",
        "200902": "5.00",
        "200903": "5.23",
        "200904": "6.75",
        "200905": "8.15",
        "200906": "7.82",
        "200907": "8.08",
        "200908": "10.24",
        "200909": "12.77",
        "200910": "14.06",
        "200911": "12.61",
        "200912": "12.54",
        "201001": "14.28",
        "201002": "13.58",
        "201003": "14.83",
        "201004": "14.73",
        "201005": "13.15",
        "201006": "12.77",
        "201007": "13.14",
        "201008": "13.52",
        "201009": "13.73",
        "201010": "13.87",
        "201011": "13.69",
        "201012": "13.89",
        "201101": "13.82",
        "201102": "13.73",
        "201103": "14.17",
        "201104": "15.81",
        "201105": "16.96",
        "201106": "19.95",
        "201107": "19.52",
        "201108": "19.86",
        "201109": "19.30",
        "201110": "18.12",
        "201111": "19.15",
        "201112": "18.35",
        "201201": "19.00",
        "201202": "22.78",
        "201203": "27.70",
        "201204": "25.86",
        "201205": "30.06",
        "201206": "29.57",
        "201207": "31.57",
        "201208": "27.26",
        "201209": "28.04",
        "201210": "27.92",
        "201211": "24.70",
        "201212": "23.75",
        "201301": "24.69",
        "201302": "25.09",
        "201303": "24.92",
        "201304": "25.72",
        "201305": "27.12",
        "201306": "28.33",
        "201307": "29.20",
        "201308": "25.02",
        "201309": "25.02",
        "201310": "25.20",
        "201311": "25.59",
        "201312": "26.19",
        "201401": "26.83",
        "201402": "26.61",
        "201403": "26.97",
        "201404": "26.25",
        "201405": "26.77",
        "201406": "27.87",
        "201407": "26.15",
        "201408": "26.02",
        "201409": "26.93",
        "201410": "26.55",
        "201411": "26.14",
        "201412": "26.33",
        "201501": "26.96",
        "201502": "27.38",
        "201503": "28.12",
        "201504": "27.72",
        "201505": "27.88",
        "201506": "27.85",
        "201507": "26.49",
        "201508": "25.55",
        "201509": "25.50",
        "201510": "25.76",
        "201511": "25.74",
        "201512": "25.70",
        "201601": "25.63",
        "201602": "26.81",
        "201603": "27.82",
        "201604": "27.61",
        "201605": "27.15",
        "201606": "27.35",
        "201607": "27.34",
        "201608": "25.90",
        "201609": "25.66",
        "201610": "25.53",
        "201611": "25.10",
        "201612": "24.25",
        "201701": "24.47",
        "201702": "24.32",
        "201703": "23.99",
        "201704": "23.63",
        "201705": "22.91",
        "201706": "21.99",
        "201707": "21.27",
        "201708": "19.68",
        "201709": "20.09",
        "201710": "19.92",
        "201711": "19.77",
        "201712": "19.50",
        "201801": "18.91",
        "201802": "18.35",
        "201803": "18.18",
        "201804": "18.76",
        "201805": "19.45",
        "201806": "19.95",
        "201807": "19.80",
        "201808": "19.75",
        "201809": "19.97",
        "201810": "19.81",
        "201811": "19.72",
        "201812": "19.81",
        "201901": "20.06",
        "201902": "21.21",
        "201903": "22.07",
        "201904": "22.60",
        "201905": "23.11",
        "201906": "23.61",
        "201907": "24.23",
        "201908": "24.43",
        "201909": "24.41",
        "201910": "24.12",
        "201911": "23.80",
        "201912": "23.76",
        "202001": "23.70",
        "202002": "23.29",
        "202003": "19.99",
        "202004": "22.10",
        "202005": "23.71",
        "202006": "24.76",
        "202007": "23.80",
        "202008": "24.20",
        "202009": "24.48",
        "202010": "24.06",
        "202011": "24.95",
        "202012": "25.92",
        "202101": "26.42",
        "202102": "26.51",
        "202103": "27.80",
        "202104": "30.76",
        "202105": "29.11",
        "202106": "29.67",
        "202107": "29.27",
        "202108": "28.03",
        "202109": "27.21",
        "202110": "26.80",
        "202111": "25.92",
        "202112": "25.28",
        "202201": "25.04",
        "202202": "24.81",
        "202203": "23.95",
        "202204": "22.24",
        "202205": "22.12",
        "202206": "22.22",
        "202207": "21.15",
        "202208": "21.13",
        "202209": "19.91",
        "202210": "17.97",
        "202211": "18.79",
        "202212": "19.78",
        "202301": "19.92",
        "202302": "21.22",
        "202303": "21.90",
        "202304": "20.63",
        "202305": "20.29"
    },
    "quarters": {
        "20011": {
            "year_quarter": 20011,
            "year": 2001,
            "quarter": 1,
            "eps": -0.24,
            "eps_growth_year": -226.32,
            "eps_4q": -1.35,
            "eps_4q_growth_year": -965.38,
            "roe": -2.27,
            "roe_4q": -2.27,
            "gross_profit": 10025,
            "gross_margin": 3.48,
            "gross_margin_4q_avg": 3.48,
            "net_income": -29186,
            "revenue": 288029,
            "common_shares": 1230000,
            "book_valuer_per_share": 10.26,
            "book_valuer_per_share_4q_avg": 10.26,
            "equity": 1262145,
            "current_ratio": 49.4,
            "debt_ratio": 53.98,
            "inventory_turnover_ratio": 1.25,
            "account_receivable_turnover_ratio": null,
            "reinvestment_rate": null,
            "research_to_sale_ratio": null,
            "price_fair": 0,
            "eps_avg_yearly": 0,
            "eps_latest_yearly": 0,
            "eps_growth_yearly": 0
        },
        "20012": {
            "year_quarter": 20012,
            "year": 2001,
            "quarter": 2,
            "eps": -2.52,
            "eps_growth_year": null,
            "eps_4q": -3.75,
            "eps_4q_growth_year": -2992.71,
            "roe": -27.89,
            "roe_4q": -30.16,
            "gross_profit": 26851,
            "gross_margin": 10.77,
            "gross_margin_4q_avg": 7.13,
            "net_income": -309971,
            "revenue": 249301,
            "common_shares": 1230000,
            "book_valuer_per_share": 7.81,
            "book_valuer_per_share_4q_avg": 9.04,
            "equity": 960679,
            "current_ratio": 57.17,
            "debt_ratio": 63.26,
            "inventory_turnover_ratio": 1.29,
            "account_receivable_turnover_ratio": null,
            "reinvestment_rate": null,
            "research_to_sale_ratio": null,
            "price_fair": 0,
            "eps_avg_yearly": 0,
            "eps_latest_yearly": 0,
            "eps_growth_yearly": 0
        },
        "20013": {
            "year_quarter": 20013,
            "year": 2001,
            "quarter": 3,
            "eps": -0.08,
            "eps_growth_year": null,
            "eps_4q": -3.83,
            "eps_4q_growth_year": -3388.1,
            "roe": -1.08,
            "roe_4q": -31.24,
            "gross_profit": 33083,
            "gross_margin": 13.22,
            "gross_margin_4q_avg": 9.16,
            "net_income": -10294,
            "revenue": 250333,
            "common_shares": 1230000,
            "book_valuer_per_share": 7.73,
            "book_valuer_per_share_4q_avg": 8.6,
            "equity": 950509,
            "current_ratio": 48.69,
            "debt_ratio": 62.63,
            "inventory_turnover_ratio": 2.01,
            "account_receivable_turnover_ratio": null,
            "reinvestment_rate": null,
            "research_to_sale_ratio": null,
            "price_fair": 0,
            "eps_avg_yearly": 0,
            "eps_latest_yearly": 0,
            "eps_growth_yearly": 0
        },
        "20014": {
            "year_quarter": 20014,
            "year": 2001,
            "quarter": 4,
            "eps": -0.39,
            "eps_growth_year": null,
            "eps_4q": -3.23,
            "eps_4q_growth_year": null,
            "roe": -5.15,
            "roe_4q": -36.39000000000001,
            "gross_profit": 21181,
            "gross_margin": 15.46,
            "gross_margin_4q_avg": 10.73,
            "net_income": -47568,
            "revenue": 136994,
            "common_shares": 1230000,
            "book_valuer_per_share": 7.29,
            "book_valuer_per_share_4q_avg": 8.27,
            "equity": 896458,
            "current_ratio": 59.56,
            "debt_ratio": 60.35,
            "inventory_turnover_ratio": 2.84,
            "account_receivable_turnover_ratio": null,
            "reinvestment_rate": null,
            "research_to_sale_ratio": null,
            "price_fair": 0,
            "eps_avg_yearly": 0,
            "eps_latest_yearly": 0,
            "eps_growth_yearly": 0
        },
        "20021": {
            "year_quarter": 20021,
            "year": 2002,
            "quarter": 1,
            "eps": -0.12,
            "eps_growth_year": null,
            "eps_4q": -3.23,
            "eps_4q_growth_year": null,
            "roe": -1.6,
            "roe_4q": -35.72,
            "gross_profit": 21251,
            "gross_margin": 26.75,
            "gross_margin_4q_avg": 16.55,
            "net_income": -14202,
            "revenue": 79443,
            "common_shares": 1230000,
            "book_valuer_per_share": 7.17,
            "book_valuer_per_share_4q_avg": 7.5,
            "equity": 882256,
            "current_ratio": 61.26,
            "debt_ratio": 60.93,
            "inventory_turnover_ratio": 16.32,
            "account_receivable_turnover_ratio": null,
            "reinvestment_rate": null,
            "research_to_sale_ratio": null,
            "price_fair": 0,
            "eps_avg_yearly": 0,
            "eps_latest_yearly": 0,
            "eps_growth_yearly": 0
        },
        "20022": {
            "year_quarter": 20022,
            "year": 2002,
            "quarter": 2,
            "eps": -0.27,
            "eps_growth_year": null,
            "eps_4q": -0.86,
            "eps_4q_growth_year": null,
            "roe": -3.88,
            "roe_4q": -11.71,
            "gross_profit": 31856,
            "gross_margin": 35.78,
            "gross_margin_4q_avg": 22.8,
            "net_income": -33578,
            "revenue": 89027,
            "common_shares": 1230000,
            "book_valuer_per_share": 6.91,
            "book_valuer_per_share_4q_avg": 7.28,
            "equity": 850247,
            "current_ratio": 53.86,
            "debt_ratio": 61.31,
            "inventory_turnover_ratio": 53.51,
            "account_receivable_turnover_ratio": null,
            "reinvestment_rate": null,
            "research_to_sale_ratio": null,
            "price_fair": 0,
            "eps_avg_yearly": 0,
            "eps_latest_yearly": 0,
            "eps_growth_yearly": 0
        },
        "20023": {
            "year_quarter": 20023,
            "year": 2002,
            "quarter": 3,
            "eps": 0.02,
            "eps_growth_year": null,
            "eps_4q": -0.65,
            "eps_4q_growth_year": null,
            "roe": 0.33,
            "roe_4q": -10.3,
            "gross_profit": 42432,
            "gross_margin": 48.2,
            "gross_margin_4q_avg": 31.55,
            "net_income": 2845,
            "revenue": 88028,
            "common_shares": 1230000,
            "book_valuer_per_share": 6.94,
            "book_valuer_per_share_4q_avg": 7.08,
            "equity": 853092,
            "current_ratio": 48.29,
            "debt_ratio": 59.96,
            "inventory_turnover_ratio": 57.75,
            "account_receivable_turnover_ratio": null,
            "reinvestment_rate": null,
            "research_to_sale_ratio": null,
            "price_fair": 0,
            "eps_avg_yearly": 0,
            "eps_latest_yearly": 0,
            "eps_growth_yearly": 0
        },
        "20024": {
            "year_quarter": 20024,
            "year": 2002,
            "quarter": 4,
            "eps": -1.01,
            "eps_growth_year": null,
            "eps_4q": -1.37,
            "eps_4q_growth_year": null,
            "roe": -15.61,
            "roe_4q": -20.76,
            "gross_profit": 8640,
            "gross_margin": 11.29,
            "gross_margin_4q_avg": 30.51,
            "net_income": -123815,
            "revenue": 76548,
            "common_shares": 1230000,
            "book_valuer_per_share": 5.96,
            "book_valuer_per_share_4q_avg": 6.75,
            "equity": 733682,
            "current_ratio": 25.87,
            "debt_ratio": 61.34,
            "inventory_turnover_ratio": 303.16,
            "account_receivable_turnover_ratio": null,
            "reinvestment_rate": null,
            "research_to_sale_ratio": null,
            "price_fair": 0,
            "eps_avg_yearly": 0,
            "eps_latest_yearly": 0,
            "eps_growth_yearly": 0
        },
        "20031": {
            "year_quarter": 20031,
            "year": 2003,
            "quarter": 1,
            "eps": 0.03,
            "eps_growth_year": null,
            "eps_4q": -1.18,
            "eps_4q_growth_year": null,
            "roe": 0.52,
            "roe_4q": -18.64,
            "gross_profit": 29593,
            "gross_margin": 35.02,
            "gross_margin_4q_avg": 32.57,
            "net_income": 3846,
            "revenue": 84513,
            "common_shares": 1230000,
            "book_valuer_per_share": 6,
            "book_valuer_per_share_4q_avg": 6.45,
            "equity": 737528,
            "current_ratio": 20.19,
            "debt_ratio": 59.89,
            "inventory_turnover_ratio": null,
            "account_receivable_turnover_ratio": null,
            "reinvestment_rate": null,
            "research_to_sale_ratio": null,
            "price_fair": 0,
            "eps_avg_yearly": 0,
            "eps_latest_yearly": 0,
            "eps_growth_yearly": 0
        },
        "20032": {
            "year_quarter": 20032,
            "year": 2003,
            "quarter": 2,
            "eps": -0.24,
            "eps_growth_year": null,
            "eps_4q": -1.19,
            "eps_4q_growth_year": null,
            "roe": -4.02,
            "roe_4q": -18.78,
            "gross_profit": 33516,
            "gross_margin": 37.52,
            "gross_margin_4q_avg": 33.01,
            "net_income": -29113,
            "revenue": 89325,
            "common_shares": 1230000,
            "book_valuer_per_share": 5.79,
            "book_valuer_per_share_4q_avg": 6.17,
            "equity": 712189,
            "current_ratio": 21.91,
            "debt_ratio": 60.21,
            "inventory_turnover_ratio": null,
            "account_receivable_turnover_ratio": null,
            "reinvestment_rate": null,
            "research_to_sale_ratio": null,
            "price_fair": 0,
            "eps_avg_yearly": 0,
            "eps_latest_yearly": 0,
            "eps_growth_yearly": 0
        },
        "20033": {
            "year_quarter": 20033,
            "year": 2003,
            "quarter": 3,
            "eps": 0.13,
            "eps_growth_year": 550,
            "eps_4q": -1.08,
            "eps_4q_growth_year": null,
            "roe": 2.22,
            "roe_4q": -16.89,
            "gross_profit": 35742,
            "gross_margin": 39.22,
            "gross_margin_4q_avg": 30.76,
            "net_income": 15984,
            "revenue": 91131,
            "common_shares": 1230000,
            "book_valuer_per_share": 5.92,
            "book_valuer_per_share_4q_avg": 5.92,
            "equity": 728173,
            "current_ratio": 28.19,
            "debt_ratio": 59.66,
            "inventory_turnover_ratio": null,
            "account_receivable_turnover_ratio": null,
            "reinvestment_rate": null,
            "research_to_sale_ratio": null,
            "price_fair": 0,
            "eps_avg_yearly": 0,
            "eps_latest_yearly": 0,
            "eps_growth_yearly": 0
        },
        "20034": {
            "year_quarter": 20034,
            "year": 2003,
            "quarter": 4,
            "eps": 0.1,
            "eps_growth_year": null,
            "eps_4q": 0.02,
            "eps_4q_growth_year": null,
            "roe": 1.65,
            "roe_4q": 0.37000000000000055,
            "gross_profit": 45209,
            "gross_margin": 45.43,
            "gross_margin_4q_avg": 39.3,
            "net_income": 12127,
            "revenue": 99524,
            "common_shares": 1230000,
            "book_valuer_per_share": 6.02,
            "book_valuer_per_share_4q_avg": 5.93,
            "equity": 740677,
            "current_ratio": 43.81,
            "debt_ratio": 58.6,
            "inventory_turnover_ratio": null,
            "account_receivable_turnover_ratio": null,
            "reinvestment_rate": null,
            "research_to_sale_ratio": null,
            "price_fair": 1.2,
            "eps_avg_yearly": 0.4,
            "eps_latest_yearly": 0.4,
            "eps_growth_yearly": -92.31
        },
        "20041": {
            "year_quarter": 20041,
            "year": 2004,
            "quarter": 1,
            "eps": 0.16,
            "eps_growth_year": 433.33,
            "eps_4q": 0.15,
            "eps_4q_growth_year": null,
            "roe": 2.7,
            "roe_4q": 2.5500000000000007,
            "gross_profit": 38411,
            "gross_margin": 39.5,
            "gross_margin_4q_avg": 40.42,
            "net_income": 20286,
            "revenue": 97243,
            "common_shares": 1230000,
            "book_valuer_per_share": 6.19,
            "book_valuer_per_share_4q_avg": 5.98,
            "equity": 760963,
            "current_ratio": 48.21,
            "debt_ratio": 56.69,
            "inventory_turnover_ratio": null,
            "account_receivable_turnover_ratio": null,
            "reinvestment_rate": null,
            "research_to_sale_ratio": null,
            "price_fair": 18.2,
            "eps_avg_yearly": 0.52,
            "eps_latest_yearly": 0.64,
            "eps_growth_yearly": 73.85
        },
        "20042": {
            "year_quarter": 20042,
            "year": 2004,
            "quarter": 2,
            "eps": -0.02,
            "eps_growth_year": null,
            "eps_4q": 0.38,
            "eps_4q_growth_year": null,
            "roe": -0.29,
            "roe_4q": 6.280000000000001,
            "gross_profit": 32058,
            "gross_margin": 35.77,
            "gross_margin_4q_avg": 39.98,
            "net_income": -2198,
            "revenue": 89627,
            "common_shares": 1230000,
            "book_valuer_per_share": 6.18,
            "book_valuer_per_share_4q_avg": 6.08,
            "equity": 760421,
            "current_ratio": 31.61,
            "debt_ratio": 55.76,
            "inventory_turnover_ratio": null,
            "account_receivable_turnover_ratio": null,
            "reinvestment_rate": null,
            "research_to_sale_ratio": null,
            "price_fair": 18.2,
            "eps_avg_yearly": 0.52,
            "eps_latest_yearly": 0.64,
            "eps_growth_yearly": 73.85
        },
        "20043": {
            "year_quarter": 20043,
            "year": 2004,
            "quarter": 3,
            "eps": 0.09,
            "eps_growth_year": -30.77,
            "eps_4q": 0.33,
            "eps_4q_growth_year": null,
            "roe": 1.5,
            "roe_4q": 5.5600000000000005,
            "gross_profit": 12636,
            "gross_margin": 15.1,
            "gross_margin_4q_avg": 33.95,
            "net_income": 11505,
            "revenue": 83685,
            "common_shares": 1230000,
            "book_valuer_per_share": 6.28,
            "book_valuer_per_share_4q_avg": 6.17,
            "equity": 771926,
            "current_ratio": 34.68,
            "debt_ratio": 54.35,
            "inventory_turnover_ratio": null,
            "account_receivable_turnover_ratio": null,
            "reinvestment_rate": null,
            "research_to_sale_ratio": null,
            "price_fair": 18.2,
            "eps_avg_yearly": 0.52,
            "eps_latest_yearly": 0.64,
            "eps_growth_yearly": 73.85
        },
        "20044": {
            "year_quarter": 20044,
            "year": 2004,
            "quarter": 4,
            "eps": -1.29,
            "eps_growth_year": -1390,
            "eps_4q": -1.05,
            "eps_4q_growth_year": -4577.23,
            "roe": -23.04,
            "roe_4q": -19.13,
            "gross_profit": 7071,
            "gross_margin": 9.67,
            "gross_margin_4q_avg": 25.01,
            "net_income": -158518,
            "revenue": 73109,
            "common_shares": 1230000,
            "book_valuer_per_share": 4.91,
            "book_valuer_per_share_4q_avg": 5.89,
            "equity": 604162,
            "current_ratio": 67.43,
            "debt_ratio": 55.85,
            "inventory_turnover_ratio": null,
            "account_receivable_turnover_ratio": null,
            "reinvestment_rate": null,
            "research_to_sale_ratio": null,
            "price_fair": 18.2,
            "eps_avg_yearly": 0.52,
            "eps_latest_yearly": 0.64,
            "eps_growth_yearly": 73.85
        },
        "20051": {
            "year_quarter": 20051,
            "year": 2005,
            "quarter": 1,
            "eps": -0.1,
            "eps_growth_year": -162.5,
            "eps_4q": -1.34,
            "eps_4q_growth_year": -982.86,
            "roe": -2.01,
            "roe_4q": -23.839999999999996,
            "gross_profit": 6223,
            "gross_margin": 7.43,
            "gross_margin_4q_avg": 16.99,
            "net_income": -12006,
            "revenue": 83745,
            "common_shares": 1230000,
            "book_valuer_per_share": 4.81,
            "book_valuer_per_share_4q_avg": 5.55,
            "equity": 592156,
            "current_ratio": 71.44,
            "debt_ratio": 55.38,
            "inventory_turnover_ratio": null,
            "account_receivable_turnover_ratio": null,
            "reinvestment_rate": null,
            "research_to_sale_ratio": null,
            "price_fair": 18.2,
            "eps_avg_yearly": 0.52,
            "eps_latest_yearly": 0.64,
            "eps_growth_yearly": 73.85
        },
        "20052": {
            "year_quarter": 20052,
            "year": 2005,
            "quarter": 2,
            "eps": -0.11,
            "eps_growth_year": null,
            "eps_4q": -1.41,
            "eps_4q_growth_year": -474.34,
            "roe": -2.38,
            "roe_4q": -25.93,
            "gross_profit": 4312,
            "gross_margin": 5.44,
            "gross_margin_4q_avg": 9.41,
            "net_income": -13922,
            "revenue": 79201,
            "common_shares": 1230000,
            "book_valuer_per_share": 4.7,
            "book_valuer_per_share_4q_avg": 5.18,
            "equity": 578234,
            "current_ratio": 68.02,
            "debt_ratio": 56.09,
            "inventory_turnover_ratio": null,
            "account_receivable_turnover_ratio": null,
            "reinvestment_rate": null,
            "research_to_sale_ratio": null,
            "price_fair": 18.2,
            "eps_avg_yearly": 0.52,
            "eps_latest_yearly": 0.64,
            "eps_growth_yearly": 73.85
        },
        "20053": {
            "year_quarter": 20053,
            "year": 2005,
            "quarter": 3,
            "eps": -0.14,
            "eps_growth_year": -255.56,
            "eps_4q": -1.64,
            "eps_4q_growth_year": -603.57,
            "roe": -3.11,
            "roe_4q": -30.54,
            "gross_profit": 3579,
            "gross_margin": 5.42,
            "gross_margin_4q_avg": 6.99,
            "net_income": -17700,
            "revenue": 66070,
            "common_shares": 1230000,
            "book_valuer_per_share": 4.56,
            "book_valuer_per_share_4q_avg": 4.75,
            "equity": 560534,
            "current_ratio": 66.85,
            "debt_ratio": 56.01,
            "inventory_turnover_ratio": null,
            "account_receivable_turnover_ratio": null,
            "reinvestment_rate": null,
            "research_to_sale_ratio": null,
            "price_fair": 18.2,
            "eps_avg_yearly": 0.52,
            "eps_latest_yearly": 0.64,
            "eps_growth_yearly": 73.85
        },
        "20054": {
            "year_quarter": 20054,
            "year": 2005,
            "quarter": 4,
            "eps": -0.28,
            "eps_growth_year": null,
            "eps_4q": -0.63,
            "eps_4q_growth_year": null,
            "roe": -6.21,
            "roe_4q": -13.709999999999999,
            "gross_profit": 10265,
            "gross_margin": 14.18,
            "gross_margin_4q_avg": 8.12,
            "net_income": -34463,
            "revenue": 72416,
            "common_shares": 1230000,
            "book_valuer_per_share": 4.47,
            "book_valuer_per_share_4q_avg": 4.64,
            "equity": 550239,
            "current_ratio": 45.07,
            "debt_ratio": 54.98,
            "inventory_turnover_ratio": null,
            "account_receivable_turnover_ratio": null,
            "reinvestment_rate": null,
            "research_to_sale_ratio": null,
            "price_fair": 18.2,
            "eps_avg_yearly": 0.52,
            "eps_latest_yearly": 0.64,
            "eps_growth_yearly": 73.85
        },
        "20061": {
            "year_quarter": 20061,
            "year": 2006,
            "quarter": 1,
            "eps": 0.25,
            "eps_growth_year": null,
            "eps_4q": -0.28,
            "eps_4q_growth_year": null,
            "roe": 5.54,
            "roe_4q": -6.16,
            "gross_profit": 24890,
            "gross_margin": 25.93,
            "gross_margin_4q_avg": 12.74,
            "net_income": 31335,
            "revenue": 95977,
            "common_shares": 1230000,
            "book_valuer_per_share": 4.73,
            "book_valuer_per_share_4q_avg": 4.62,
            "equity": 581574,
            "current_ratio": 64.14,
            "debt_ratio": 52.56,
            "inventory_turnover_ratio": null,
            "account_receivable_turnover_ratio": null,
            "reinvestment_rate": null,
            "research_to_sale_ratio": null,
            "price_fair": 18.2,
            "eps_avg_yearly": 0.52,
            "eps_latest_yearly": 0.64,
            "eps_growth_yearly": 73.85
        },
        "20062": {
            "year_quarter": 20062,
            "year": 2006,
            "quarter": 2,
            "eps": 0.02,
            "eps_growth_year": null,
            "eps_4q": -0.14,
            "eps_4q_growth_year": null,
            "roe": 0.41,
            "roe_4q": -3.3699999999999997,
            "gross_profit": 17380,
            "gross_margin": 22.07,
            "gross_margin_4q_avg": 16.9,
            "net_income": 2584,
            "revenue": 78764,
            "common_shares": 1971300,
            "book_valuer_per_share": 3.45,
            "book_valuer_per_share_4q_avg": 4.3,
            "equity": 680129,
            "current_ratio": 65.3,
            "debt_ratio": 44.27,
            "inventory_turnover_ratio": 119.77,
            "account_receivable_turnover_ratio": null,
            "reinvestment_rate": null,
            "research_to_sale_ratio": null,
            "price_fair": 1.12,
            "eps_avg_yearly": 0.37,
            "eps_latest_yearly": 0.08,
            "eps_growth_yearly": -73.44
        },
        "20063": {
            "year_quarter": 20063,
            "year": 2006,
            "quarter": 3,
            "eps": 0.07,
            "eps_growth_year": null,
            "eps_4q": 0.07,
            "eps_4q_growth_year": null,
            "roe": 1.65,
            "roe_4q": 1.3899999999999997,
            "gross_profit": 33322,
            "gross_margin": 40.62,
            "gross_margin_4q_avg": 25.7,
            "net_income": 11283,
            "revenue": 82031,
            "common_shares": 1971300,
            "book_valuer_per_share": 3.51,
            "book_valuer_per_share_4q_avg": 4.04,
            "equity": 691412,
            "current_ratio": 38.5,
            "debt_ratio": 40.83,
            "inventory_turnover_ratio": 27.37,
            "account_receivable_turnover_ratio": null,
            "reinvestment_rate": null,
            "research_to_sale_ratio": null,
            "price_fair": 12.25,
            "eps_avg_yearly": 0.35,
            "eps_latest_yearly": 0.28,
            "eps_growth_yearly": 194.92
        },
        "20064": {
            "year_quarter": 20064,
            "year": 2006,
            "quarter": 4,
            "eps": -0.07,
            "eps_growth_year": null,
            "eps_4q": 0.2,
            "eps_4q_growth_year": null,
            "roe": -1.64,
            "roe_4q": 5.96,
            "gross_profit": 28014,
            "gross_margin": 36.67,
            "gross_margin_4q_avg": 31.32,
            "net_income": -11270,
            "revenue": 76396,
            "common_shares": 1971300,
            "book_valuer_per_share": 3.45,
            "book_valuer_per_share_4q_avg": 3.79,
            "equity": 680876,
            "current_ratio": 52.37,
            "debt_ratio": 38.93,
            "inventory_turnover_ratio": 20.21,
            "account_receivable_turnover_ratio": null,
            "reinvestment_rate": null,
            "research_to_sale_ratio": null,
            "price_fair": 12.25,
            "eps_avg_yearly": 0.35,
            "eps_latest_yearly": 0.28,
            "eps_growth_yearly": 194.92
        },
        "20071": {
            "year_quarter": 20071,
            "year": 2007,
            "quarter": 1,
            "eps": 0.08,
            "eps_growth_year": -68,
            "eps_4q": 0.09,
            "eps_4q_growth_year": null,
            "roe": 2.33,
            "roe_4q": 2.75,
            "gross_profit": 30501,
            "gross_margin": 37.91,
            "gross_margin_4q_avg": 34.32,
            "net_income": 16039,
            "revenue": 80450,
            "common_shares": 1971300,
            "book_valuer_per_share": 3.54,
            "book_valuer_per_share_4q_avg": 3.49,
            "equity": 696915,
            "current_ratio": 45.01,
            "debt_ratio": 36.32,
            "inventory_turnover_ratio": 21.23,
            "account_receivable_turnover_ratio": null,
            "reinvestment_rate": null,
            "research_to_sale_ratio": null,
            "price_fair": 12.25,
            "eps_avg_yearly": 0.35,
            "eps_latest_yearly": 0.28,
            "eps_growth_yearly": 194.92
        },
        "20072": {
            "year_quarter": 20072,
            "year": 2007,
            "quarter": 2,
            "eps": 0.21,
            "eps_growth_year": 950,
            "eps_4q": 0.44,
            "eps_4q_growth_year": null,
            "roe": 2.08,
            "roe_4q": 4.42,
            "gross_profit": 30501,
            "gross_margin": 37.54,
            "gross_margin_4q_avg": 38.19,
            "net_income": 14633,
            "revenue": 81242,
            "common_shares": 689955,
            "book_valuer_per_share": 10.31,
            "book_valuer_per_share_4q_avg": 5.2,
            "equity": 711548,
            "current_ratio": 28.41,
            "debt_ratio": 33.87,
            "inventory_turnover_ratio": 15.67,
            "account_receivable_turnover_ratio": null,
            "reinvestment_rate": null,
            "research_to_sale_ratio": null,
            "price_fair": 15.68,
            "eps_avg_yearly": 0.45,
            "eps_latest_yearly": 0.84,
            "eps_growth_yearly": 285.94
        },
        "20073": {
            "year_quarter": 20073,
            "year": 2007,
            "quarter": 3,
            "eps": 0.24,
            "eps_growth_year": 242.86,
            "eps_4q": 0.53,
            "eps_4q_growth_year": 688.48,
            "roe": 2.27,
            "roe_4q": 5.04,
            "gross_profit": 32021,
            "gross_margin": 39.2,
            "gross_margin_4q_avg": 37.83,
            "net_income": 16320,
            "revenue": 81676,
            "common_shares": 689955,
            "book_valuer_per_share": 10.55,
            "book_valuer_per_share_4q_avg": 6.96,
            "equity": 727867,
            "current_ratio": 43.95,
            "debt_ratio": 30.98,
            "inventory_turnover_ratio": 13.26,
            "account_receivable_turnover_ratio": null,
            "reinvestment_rate": null,
            "research_to_sale_ratio": null,
            "price_fair": 18.67,
            "eps_avg_yearly": 0.53,
            "eps_latest_yearly": 0.96,
            "eps_growth_yearly": 247.81
        },
        "20074": {
            "year_quarter": 20074,
            "year": 2007,
            "quarter": 4,
            "eps": 0.05,
            "eps_growth_year": null,
            "eps_4q": 0.8,
            "eps_4q_growth_year": 298.78,
            "roe": 0.43,
            "roe_4q": 7.11,
            "gross_profit": 12806,
            "gross_margin": 17.26,
            "gross_margin_4q_avg": 32.98,
            "net_income": 3143,
            "revenue": 74177,
            "common_shares": 689955,
            "book_valuer_per_share": 10.59,
            "book_valuer_per_share_4q_avg": 8.75,
            "equity": 730610,
            "current_ratio": 69.95,
            "debt_ratio": 30.05,
            "inventory_turnover_ratio": 18.33,
            "account_receivable_turnover_ratio": null,
            "reinvestment_rate": null,
            "research_to_sale_ratio": null,
            "price_fair": 17.5,
            "eps_avg_yearly": 0.5,
            "eps_latest_yearly": 0.2,
            "eps_growth_yearly": 210.41
        },
        "20081": {
            "year_quarter": 20081,
            "year": 2008,
            "quarter": 1,
            "eps": 0.24,
            "eps_growth_year": 200,
            "eps_4q": 0.74,
            "eps_4q_growth_year": 699.14,
            "roe": 2.2,
            "roe_4q": 6.98,
            "gross_profit": 32858,
            "gross_margin": 38.99,
            "gross_margin_4q_avg": 33.25,
            "net_income": 16274,
            "revenue": 84267,
            "common_shares": 689955,
            "book_valuer_per_share": 10.83,
            "book_valuer_per_share_4q_avg": 10.57,
            "equity": 746884,
            "current_ratio": 55.89,
            "debt_ratio": 26.6,
            "inventory_turnover_ratio": 16.73,
            "account_receivable_turnover_ratio": null,
            "reinvestment_rate": null,
            "research_to_sale_ratio": null,
            "price_fair": 19.37,
            "eps_avg_yearly": 0.55,
            "eps_latest_yearly": 0.96,
            "eps_growth_yearly": 423.75
        },
        "20082": {
            "year_quarter": 20082,
            "year": 2008,
            "quarter": 2,
            "eps": 0.13,
            "eps_growth_year": -38.1,
            "eps_4q": 0.64,
            "eps_4q_growth_year": 45.24,
            "roe": 1.22,
            "roe_4q": 6.12,
            "gross_profit": 29712,
            "gross_margin": 36.34,
            "gross_margin_4q_avg": 32.95,
            "net_income": 9117,
            "revenue": 81764,
            "common_shares": 689955,
            "book_valuer_per_share": 10.88,
            "book_valuer_per_share_4q_avg": 10.71,
            "equity": 750391,
            "current_ratio": 55.61,
            "debt_ratio": 24.94,
            "inventory_turnover_ratio": 19.14,
            "account_receivable_turnover_ratio": null,
            "reinvestment_rate": null,
            "research_to_sale_ratio": null,
            "price_fair": 19.2,
            "eps_avg_yearly": 0.55,
            "eps_latest_yearly": 0.52,
            "eps_growth_yearly": 337.02
        },
        "20083": {
            "year_quarter": 20083,
            "year": 2008,
            "quarter": 3,
            "eps": 0.26,
            "eps_growth_year": 8.33,
            "eps_4q": 0.66,
            "eps_4q_growth_year": 26.35,
            "roe": 2.44,
            "roe_4q": 6.29,
            "gross_profit": 18548,
            "gross_margin": 26.87,
            "gross_margin_4q_avg": 29.87,
            "net_income": 18376,
            "revenue": 69019,
            "common_shares": 700304,
            "book_valuer_per_share": 10.81,
            "book_valuer_per_share_4q_avg": 10.78,
            "equity": 756942,
            "current_ratio": 58.24,
            "debt_ratio": 21.62,
            "inventory_turnover_ratio": 21.26,
            "account_receivable_turnover_ratio": null,
            "reinvestment_rate": null,
            "research_to_sale_ratio": null,
            "price_fair": 21.35,
            "eps_avg_yearly": 0.61,
            "eps_latest_yearly": 1.04,
            "eps_growth_yearly": 344.89
        },
        "20084": {
            "year_quarter": 20084,
            "year": 2008,
            "quarter": 4,
            "eps": 0.18,
            "eps_growth_year": 260,
            "eps_4q": 0.79,
            "eps_4q_growth_year": -0.6,
            "roe": 1.68,
            "roe_4q": 7.54,
            "gross_profit": 24068,
            "gross_margin": 31.38,
            "gross_margin_4q_avg": 33.4,
            "net_income": 12856,
            "revenue": 76700,
            "common_shares": 700304,
            "book_valuer_per_share": 10.99,
            "book_valuer_per_share_4q_avg": 10.88,
            "equity": 769525,
            "current_ratio": 82.49,
            "debt_ratio": 18.92,
            "inventory_turnover_ratio": 47.35,
            "account_receivable_turnover_ratio": 3.7,
            "reinvestment_rate": -453.42,
            "research_to_sale_ratio": null,
            "price_fair": 21.78,
            "eps_avg_yearly": 0.62,
            "eps_latest_yearly": 0.72,
            "eps_growth_yearly": 292.9
        },
        "20091": {
            "year_quarter": 20091,
            "year": 2009,
            "quarter": 1,
            "eps": 0.21,
            "eps_growth_year": -12.5,
            "eps_4q": 0.79,
            "eps_4q_growth_year": 6.23,
            "roe": 1.88,
            "roe_4q": 7.22,
            "gross_profit": 24934,
            "gross_margin": 32.69,
            "gross_margin_4q_avg": 31.82,
            "net_income": 14631,
            "revenue": 76270,
            "common_shares": 700304,
            "book_valuer_per_share": 11.24,
            "book_valuer_per_share_4q_avg": 10.98,
            "equity": 787322,
            "current_ratio": 100.33,
            "debt_ratio": 14.51,
            "inventory_turnover_ratio": null,
            "account_receivable_turnover_ratio": 2.04,
            "reinvestment_rate": -321.66,
            "research_to_sale_ratio": null,
            "price_fair": 22.54,
            "eps_avg_yearly": 0.64,
            "eps_latest_yearly": 0.84,
            "eps_growth_yearly": 270.27
        },
        "20092": {
            "year_quarter": 20092,
            "year": 2009,
            "quarter": 2,
            "eps": 0.74,
            "eps_growth_year": 469.23,
            "eps_4q": 1.4,
            "eps_4q_growth_year": 119,
            "roe": 6.45,
            "roe_4q": 12.45,
            "gross_profit": 22896,
            "gross_margin": 30.78,
            "gross_margin_4q_avg": 30.43,
            "net_income": 51370,
            "revenue": 74380,
            "common_shares": 700304,
            "book_valuer_per_share": 11.5,
            "book_valuer_per_share_4q_avg": 11.14,
            "equity": 805261,
            "current_ratio": 98.41,
            "debt_ratio": 14,
            "inventory_turnover_ratio": null,
            "account_receivable_turnover_ratio": 2.2,
            "reinvestment_rate": -172.91,
            "research_to_sale_ratio": null,
            "price_fair": 29.91,
            "eps_avg_yearly": 0.85,
            "eps_latest_yearly": 2.96,
            "eps_growth_yearly": 337.48
        },
        "20093": {
            "year_quarter": 20093,
            "year": 2009,
            "quarter": 3,
            "eps": 0.26,
            "eps_growth_year": 0,
            "eps_4q": 1.39,
            "eps_4q_growth_year": 109.24,
            "roe": 2.23,
            "roe_4q": 12.239999999999998,
            "gross_profit": 34417,
            "gross_margin": 38.49,
            "gross_margin_4q_avg": 33.34,
            "net_income": 18164,
            "revenue": 89425,
            "common_shares": 690344,
            "book_valuer_per_share": 11.93,
            "book_valuer_per_share_4q_avg": 11.42,
            "equity": 823441,
            "current_ratio": 238.49,
            "debt_ratio": 6.38,
            "inventory_turnover_ratio": null,
            "account_receivable_turnover_ratio": 2.33,
            "reinvestment_rate": -147.59,
            "research_to_sale_ratio": null,
            "price_fair": 30.45,
            "eps_avg_yearly": 0.87,
            "eps_latest_yearly": 1.04,
            "eps_growth_yearly": 287.73
        },
        "20094": {
            "year_quarter": 20094,
            "year": 2009,
            "quarter": 4,
            "eps": 0.25,
            "eps_growth_year": 38.89,
            "eps_4q": 1.47,
            "eps_4q_growth_year": 85.13,
            "roe": 2.06,
            "roe_4q": 12.620000000000001,
            "gross_profit": 39821,
            "gross_margin": 43.53,
            "gross_margin_4q_avg": 36.37,
            "net_income": 17155,
            "revenue": 91484,
            "common_shares": 690344,
            "book_valuer_per_share": 12.18,
            "book_valuer_per_share_4q_avg": 11.71,
            "equity": 840759,
            "current_ratio": 335.55,
            "debt_ratio": 6.92,
            "inventory_turnover_ratio": null,
            "account_receivable_turnover_ratio": 4.7,
            "reinvestment_rate": -90.16,
            "research_to_sale_ratio": null,
            "price_fair": 30.8,
            "eps_avg_yearly": 0.88,
            "eps_latest_yearly": 1,
            "eps_growth_yearly": 264.42
        },
        "20101": {
            "year_quarter": 20101,
            "year": 2010,
            "quarter": 1,
            "eps": 0.37,
            "eps_growth_year": 76.19,
            "eps_4q": 1.62,
            "eps_4q_growth_year": 105.67,
            "roe": 2.97,
            "roe_4q": 13.71,
            "gross_profit": 41492,
            "gross_margin": 42.26,
            "gross_margin_4q_avg": 38.77,
            "net_income": 25352,
            "revenue": 98178,
            "common_shares": 690344,
            "book_valuer_per_share": 0,
            "book_valuer_per_share_4q_avg": 8.9,
            "equity": 866033,
            "current_ratio": 387.27,
            "debt_ratio": 7.66,
            "inventory_turnover_ratio": null,
            "account_receivable_turnover_ratio": 2.55,
            "reinvestment_rate": -90.18,
            "research_to_sale_ratio": null,
            "price_fair": 32.3,
            "eps_avg_yearly": 0.92,
            "eps_latest_yearly": 1.48,
            "eps_growth_yearly": 259.24
        },
        "20102": {
            "year_quarter": 20102,
            "year": 2010,
            "quarter": 2,
            "eps": 0.24,
            "eps_growth_year": -68,
            "eps_4q": 1.12,
            "eps_4q_growth_year": -20.35,
            "roe": 1.94,
            "roe_4q": 9.200000000000001,
            "gross_profit": 32783,
            "gross_margin": 36.16,
            "gross_margin_4q_avg": 40.11,
            "net_income": 16345,
            "revenue": 90657,
            "common_shares": 690344,
            "book_valuer_per_share": 0,
            "book_valuer_per_share_4q_avg": 6.03,
            "equity": 822197,
            "current_ratio": 223.6,
            "debt_ratio": 13.22,
            "inventory_turnover_ratio": null,
            "account_receivable_turnover_ratio": 2.49,
            "reinvestment_rate": -82.84,
            "research_to_sale_ratio": null,
            "price_fair": 34.5,
            "eps_avg_yearly": 0.99,
            "eps_latest_yearly": 0.96,
            "eps_growth_yearly": 275.49
        },
        "20103": {
            "year_quarter": 20103,
            "year": 2010,
            "quarter": 3,
            "eps": 0.41,
            "eps_growth_year": 56.53,
            "eps_4q": 1.26,
            "eps_4q_growth_year": -9.31,
            "roe": 3.19,
            "roe_4q": 10.16,
            "gross_profit": 43692,
            "gross_margin": 43.57,
            "gross_margin_4q_avg": 41.38,
            "net_income": 28096,
            "revenue": 100274,
            "common_shares": 690344,
            "book_valuer_per_share": 12.32,
            "book_valuer_per_share_4q_avg": 6.13,
            "equity": 940473,
            "current_ratio": 160.43,
            "debt_ratio": 12.59,
            "inventory_turnover_ratio": null,
            "account_receivable_turnover_ratio": 2.37,
            "reinvestment_rate": -27.82,
            "research_to_sale_ratio": null,
            "price_fair": 37.9,
            "eps_avg_yearly": 1.08,
            "eps_latest_yearly": 1.64,
            "eps_growth_yearly": 224.3
        },
        "20104": {
            "year_quarter": 20104,
            "year": 2010,
            "quarter": 4,
            "eps": 0.29,
            "eps_growth_year": 17.08,
            "eps_4q": 1.3,
            "eps_4q_growth_year": -11.17,
            "roe": 2.21,
            "roe_4q": 10.31,
            "gross_profit": 52099,
            "gross_margin": 44.74,
            "gross_margin_4q_avg": 41.68,
            "net_income": 21032,
            "revenue": 116442,
            "common_shares": 690344,
            "book_valuer_per_share": 12.58,
            "book_valuer_per_share_4q_avg": 6.23,
            "equity": 959258,
            "current_ratio": 14.79,
            "debt_ratio": 64.04,
            "inventory_turnover_ratio": null,
            "account_receivable_turnover_ratio": 2.47,
            "reinvestment_rate": 512.42,
            "research_to_sale_ratio": null,
            "price_fair": 38.08,
            "eps_avg_yearly": 1.09,
            "eps_latest_yearly": 1.16,
            "eps_growth_yearly": 201.54
        },
        "20111": {
            "year_quarter": 20111,
            "year": 2011,
            "quarter": 1,
            "eps": 0.31,
            "eps_growth_year": -16.22,
            "eps_4q": 1.25,
            "eps_4q_growth_year": -22.92,
            "roe": 2.22,
            "roe_4q": 9.559999999999999,
            "gross_profit": 46177,
            "gross_margin": 41.11,
            "gross_margin_4q_avg": 41.4,
            "net_income": 21556,
            "revenue": 112331,
            "common_shares": 690344,
            "book_valuer_per_share": 12.9,
            "book_valuer_per_share_4q_avg": 9.45,
            "equity": 980925,
            "current_ratio": 12.11,
            "debt_ratio": 62.37,
            "inventory_turnover_ratio": null,
            "account_receivable_turnover_ratio": 2.36,
            "reinvestment_rate": 501.12,
            "research_to_sale_ratio": null,
            "price_fair": 38.41,
            "eps_avg_yearly": 1.1,
            "eps_latest_yearly": 1.24,
            "eps_growth_yearly": 190.67
        },
        "20112": {
            "year_quarter": 20112,
            "year": 2011,
            "quarter": 2,
            "eps": 3.22,
            "eps_growth_year": 1258.17,
            "eps_4q": 4.23,
            "eps_4q_growth_year": 279.15,
            "roe": 28.32,
            "roe_4q": 35.94,
            "gross_profit": 48177,
            "gross_margin": 40.83,
            "gross_margin_4q_avg": 42.56,
            "net_income": 310503,
            "revenue": 118006,
            "common_shares": 690344,
            "book_valuer_per_share": 14.96,
            "book_valuer_per_share_4q_avg": 13.19,
            "equity": 1211955,
            "current_ratio": 427.91,
            "debt_ratio": 13.64,
            "inventory_turnover_ratio": null,
            "account_receivable_turnover_ratio": 2.49,
            "reinvestment_rate": -49.78,
            "research_to_sale_ratio": null,
            "price_fair": 64.75,
            "eps_avg_yearly": 1.85,
            "eps_latest_yearly": 12.88,
            "eps_growth_yearly": 384.72
        },
        "20113": {
            "year_quarter": 20113,
            "year": 2011,
            "quarter": 3,
            "eps": 0.48,
            "eps_growth_year": 17.1,
            "eps_4q": 4.3,
            "eps_4q_growth_year": 241.37,
            "roe": 2.74,
            "roe_4q": 35.49,
            "gross_profit": 51915,
            "gross_margin": 45.17,
            "gross_margin_4q_avg": 42.96,
            "net_income": 33668,
            "revenue": 114945,
            "common_shares": 690344,
            "book_valuer_per_share": 15.45,
            "book_valuer_per_share_4q_avg": 13.97,
            "equity": 1246322,
            "current_ratio": 616.48,
            "debt_ratio": 10.01,
            "inventory_turnover_ratio": null,
            "account_receivable_turnover_ratio": 2.53,
            "reinvestment_rate": -49.08,
            "research_to_sale_ratio": null,
            "price_fair": 66.85,
            "eps_avg_yearly": 1.91,
            "eps_latest_yearly": 1.92,
            "eps_growth_yearly": 359.88
        },
        "20114": {
            "year_quarter": 20114,
            "year": 2011,
            "quarter": 4,
            "eps": 0.46,
            "eps_growth_year": 58.1,
            "eps_4q": 4.47,
            "eps_4q_growth_year": 242.84,
            "roe": 2.68,
            "roe_4q": 35.96,
            "gross_profit": 70473,
            "gross_margin": 48.96,
            "gross_margin_4q_avg": 44.02,
            "net_income": 33845,
            "revenue": 143937,
            "common_shares": 690344,
            "book_valuer_per_share": 15.91,
            "book_valuer_per_share_4q_avg": 14.81,
            "equity": 1279751,
            "current_ratio": 908.57,
            "debt_ratio": 7.35,
            "inventory_turnover_ratio": null,
            "account_receivable_turnover_ratio": 2.75,
            "reinvestment_rate": -45.69,
            "research_to_sale_ratio": null,
            "price_fair": 70.44,
            "eps_avg_yearly": 2.01,
            "eps_latest_yearly": 1.84,
            "eps_growth_yearly": 378.63
        },
        "20121": {
            "year_quarter": 20121,
            "year": 2012,
            "quarter": 1,
            "eps": 0.72,
            "eps_growth_year": 132.26,
            "eps_4q": 4.88,
            "eps_4q_growth_year": 289.82,
            "roe": 4.09,
            "roe_4q": 37.83,
            "gross_profit": 78014,
            "gross_margin": 53.18,
            "gross_margin_4q_avg": 47.04,
            "net_income": 49891,
            "revenue": 146696,
            "common_shares": 690344,
            "book_valuer_per_share": 16.64,
            "book_valuer_per_share_4q_avg": 15.74,
            "equity": 1158520,
            "current_ratio": 801.6,
            "debt_ratio": 8.01,
            "inventory_turnover_ratio": null,
            "account_receivable_turnover_ratio": 2.39,
            "reinvestment_rate": -44.77,
            "research_to_sale_ratio": null,
            "price_fair": 74.64,
            "eps_avg_yearly": 2.13,
            "eps_latest_yearly": 2.88,
            "eps_growth_yearly": 297.76
        },
        "20122": {
            "year_quarter": 20122,
            "year": 2012,
            "quarter": 2,
            "eps": 0.75,
            "eps_growth_year": -76.76,
            "eps_4q": 2.41,
            "eps_4q_growth_year": -43.07,
            "roe": 4.93,
            "roe_4q": 14.44,
            "gross_profit": 78370,
            "gross_margin": 52.76,
            "gross_margin_4q_avg": 50.02,
            "net_income": 51621,
            "revenue": 148543,
            "common_shares": 690344,
            "book_valuer_per_share": 13.39,
            "book_valuer_per_share_4q_avg": 15.35,
            "equity": 934003,
            "current_ratio": 217.77,
            "debt_ratio": 28.32,
            "inventory_turnover_ratio": null,
            "account_receivable_turnover_ratio": 2.38,
            "reinvestment_rate": -43.5,
            "research_to_sale_ratio": null,
            "price_fair": 80.06,
            "eps_avg_yearly": 2.29,
            "eps_latest_yearly": 3,
            "eps_growth_yearly": 310.26
        },
        "20123": {
            "year_quarter": 20123,
            "year": 2012,
            "quarter": 3,
            "eps": 0.89,
            "eps_growth_year": 85.92,
            "eps_4q": 2.82,
            "eps_4q_growth_year": -34.47,
            "roe": 6.33,
            "roe_4q": 18.03,
            "gross_profit": 86398,
            "gross_margin": 55.49,
            "gross_margin_4q_avg": 52.6,
            "net_income": 61070,
            "revenue": 155702,
            "common_shares": 690344,
            "book_valuer_per_share": 14.28,
            "book_valuer_per_share_4q_avg": 15.06,
            "equity": 995073,
            "current_ratio": 722.54,
            "debt_ratio": 8.88,
            "inventory_turnover_ratio": null,
            "account_receivable_turnover_ratio": 2.56,
            "reinvestment_rate": -40.34,
            "research_to_sale_ratio": null,
            "price_fair": 85.58,
            "eps_avg_yearly": 2.45,
            "eps_latest_yearly": 3.56,
            "eps_growth_yearly": 289.92
        },
        "20124": {
            "year_quarter": 20124,
            "year": 2012,
            "quarter": 4,
            "eps": 0.54,
            "eps_growth_year": 17.57,
            "eps_4q": 2.9,
            "eps_4q_growth_year": -35.14,
            "roe": 3.79,
            "roe_4q": 19.14,
            "gross_profit": 59547,
            "gross_margin": 46.69,
            "gross_margin_4q_avg": 52.03,
            "net_income": 38428,
            "revenue": 127543,
            "common_shares": 690344,
            "book_valuer_per_share": 14.82,
            "book_valuer_per_share_4q_avg": 14.78,
            "equity": 1033203,
            "current_ratio": 840.02,
            "debt_ratio": 8.15,
            "inventory_turnover_ratio": null,
            "account_receivable_turnover_ratio": 2.44,
            "reinvestment_rate": -38.42,
            "research_to_sale_ratio": null,
            "price_fair": 88.73,
            "eps_avg_yearly": 2.54,
            "eps_latest_yearly": 2.16,
            "eps_growth_yearly": 287.79
        },
        "20131": {
            "year_quarter": 20131,
            "year": 2013,
            "quarter": 1,
            "eps": 0.71,
            "eps_growth_year": -1.39,
            "eps_4q": 2.89,
            "eps_4q_growth_year": -40.76,
            "roe": 4.66,
            "roe_4q": 19.71,
            "gross_profit": 54528,
            "gross_margin": 41.89,
            "gross_margin_4q_avg": 49.21,
            "net_income": 49133,
            "revenue": 130167,
            "common_shares": 690344,
            "book_valuer_per_share": 15.41,
            "book_valuer_per_share_4q_avg": 14.48,
            "equity": 1074277,
            "current_ratio": 944.65,
            "debt_ratio": 8.2,
            "inventory_turnover_ratio": null,
            "account_receivable_turnover_ratio": 3.05,
            "reinvestment_rate": -41.66,
            "research_to_sale_ratio": null,
            "price_fair": 93.1,
            "eps_avg_yearly": 2.66,
            "eps_latest_yearly": 2.84,
            "eps_growth_yearly": 291.49
        },
        "20132": {
            "year_quarter": 20132,
            "year": 2013,
            "quarter": 2,
            "eps": 0.55,
            "eps_growth_year": -26.39,
            "eps_4q": 2.69,
            "eps_4q_growth_year": 11.8,
            "roe": 3.68,
            "roe_4q": 18.46,
            "gross_profit": 52534,
            "gross_margin": 41.26,
            "gross_margin_4q_avg": 46.33,
            "net_income": 36809,
            "revenue": 127316,
            "common_shares": 690344,
            "book_valuer_per_share": 13.36,
            "book_valuer_per_share_4q_avg": 14.47,
            "equity": 927128,
            "current_ratio": 315.11,
            "debt_ratio": 22.07,
            "inventory_turnover_ratio": null,
            "account_receivable_turnover_ratio": 3.17,
            "reinvestment_rate": -47.8,
            "research_to_sale_ratio": null,
            "price_fair": 91.44,
            "eps_avg_yearly": 2.61,
            "eps_latest_yearly": 2.2,
            "eps_growth_yearly": 222.76
        },
        "20133": {
            "year_quarter": 20133,
            "year": 2013,
            "quarter": 3,
            "eps": 0.56,
            "eps_growth_year": -36.8,
            "eps_4q": 2.36,
            "eps_4q_growth_year": -16.17,
            "roe": 4.06,
            "roe_4q": 16.19,
            "gross_profit": 53532,
            "gross_margin": 41.94,
            "gross_margin_4q_avg": 42.95,
            "net_income": 38371,
            "revenue": 127654,
            "common_shares": 690344,
            "book_valuer_per_share": 13.91,
            "book_valuer_per_share_4q_avg": 14.38,
            "equity": 965003,
            "current_ratio": 1741.87,
            "debt_ratio": 5.54,
            "inventory_turnover_ratio": null,
            "account_receivable_turnover_ratio": 3.26,
            "reinvestment_rate": -46.86,
            "research_to_sale_ratio": null,
            "price_fair": 94.06,
            "eps_avg_yearly": 2.69,
            "eps_latest_yearly": 2.24,
            "eps_growth_yearly": 239.43
        },
        "20134": {
            "year_quarter": 20134,
            "year": 2013,
            "quarter": 4,
            "eps": 0.38,
            "eps_growth_year": -30.1,
            "eps_4q": 2.2,
            "eps_4q_growth_year": -24.17,
            "roe": 2.68,
            "roe_4q": 15.08,
            "gross_profit": 46918,
            "gross_margin": 36,
            "gross_margin_4q_avg": 40.27,
            "net_income": 26241,
            "revenue": 130317,
            "common_shares": 690344,
            "book_valuer_per_share": 14.32,
            "book_valuer_per_share_4q_avg": 14.25,
            "equity": 993610,
            "current_ratio": 1242.75,
            "debt_ratio": 6.96,
            "inventory_turnover_ratio": null,
            "account_receivable_turnover_ratio": 3.63,
            "reinvestment_rate": -52.42,
            "research_to_sale_ratio": null,
            "price_fair": 95.2,
            "eps_avg_yearly": 2.72,
            "eps_latest_yearly": 1.52,
            "eps_growth_yearly": 232.36
        },
        "20141": {
            "year_quarter": 20141,
            "year": 2014,
            "quarter": 1,
            "eps": 0.59,
            "eps_growth_year": -16.9,
            "eps_4q": 2.07,
            "eps_4q_growth_year": -28.25,
            "roe": 3.99,
            "roe_4q": 14.41,
            "gross_profit": 54955,
            "gross_margin": 40.89,
            "gross_margin_4q_avg": 40.02,
            "net_income": 40472,
            "revenue": 134411,
            "common_shares": 690344,
            "book_valuer_per_share": 14.92,
            "book_valuer_per_share_4q_avg": 14.13,
            "equity": 1035365,
            "current_ratio": 1314.94,
            "debt_ratio": 6.8,
            "inventory_turnover_ratio": null,
            "account_receivable_turnover_ratio": 4.31,
            "reinvestment_rate": -49.52,
            "research_to_sale_ratio": null,
            "price_fair": 97.13,
            "eps_avg_yearly": 2.78,
            "eps_latest_yearly": 2.36,
            "eps_growth_yearly": 234.17
        },
        "20142": {
            "year_quarter": 20142,
            "year": 2014,
            "quarter": 2,
            "eps": 0.58,
            "eps_growth_year": 5.45,
            "eps_4q": 2.1,
            "eps_4q_growth_year": -21.89,
            "roe": 4.18,
            "roe_4q": 14.91,
            "gross_profit": 54486,
            "gross_margin": 40.26,
            "gross_margin_4q_avg": 39.77,
            "net_income": 40114,
            "revenue": 135334,
            "common_shares": 690344,
            "book_valuer_per_share": 12.71,
            "book_valuer_per_share_4q_avg": 13.97,
            "equity": 882183,
            "current_ratio": 325.55,
            "debt_ratio": 22.86,
            "inventory_turnover_ratio": null,
            "account_receivable_turnover_ratio": 4.13,
            "reinvestment_rate": -45.67,
            "research_to_sale_ratio": null,
            "price_fair": 100.1,
            "eps_avg_yearly": 2.86,
            "eps_latest_yearly": 2.32,
            "eps_growth_yearly": 242.53
        },
        "20143": {
            "year_quarter": 20143,
            "year": 2014,
            "quarter": 3,
            "eps": 0.63,
            "eps_growth_year": 12.5,
            "eps_4q": 2.18,
            "eps_4q_growth_year": -7.71,
            "roe": 4.83,
            "roe_4q": 15.68,
            "gross_profit": 61499,
            "gross_margin": 44.32,
            "gross_margin_4q_avg": 40.37,
            "net_income": 43669,
            "revenue": 138760,
            "common_shares": 690344,
            "book_valuer_per_share": 13.34,
            "book_valuer_per_share_4q_avg": 13.82,
            "equity": 925852,
            "current_ratio": 1369.74,
            "debt_ratio": 6.18,
            "inventory_turnover_ratio": null,
            "account_receivable_turnover_ratio": 3.95,
            "reinvestment_rate": -66.08,
            "research_to_sale_ratio": null,
            "price_fair": 102.03,
            "eps_avg_yearly": 2.92,
            "eps_latest_yearly": 2.52,
            "eps_growth_yearly": 226.98
        },
        "20144": {
            "year_quarter": 20144,
            "year": 2014,
            "quarter": 4,
            "eps": 0.42,
            "eps_growth_year": 10.68,
            "eps_4q": 2.22,
            "eps_4q_growth_year": 1.01,
            "roe": 3.09,
            "roe_4q": 16.09,
            "gross_profit": 44754,
            "gross_margin": 36.03,
            "gross_margin_4q_avg": 40.38,
            "net_income": 29036,
            "revenue": 124229,
            "common_shares": 690344,
            "book_valuer_per_share": 13.77,
            "book_valuer_per_share_4q_avg": 13.69,
            "equity": 955590,
            "current_ratio": 954.13,
            "debt_ratio": 7.95,
            "inventory_turnover_ratio": null,
            "account_receivable_turnover_ratio": 3.04,
            "reinvestment_rate": -254.36,
            "research_to_sale_ratio": null,
            "price_fair": 103.16,
            "eps_avg_yearly": 2.95,
            "eps_latest_yearly": 1.68,
            "eps_growth_yearly": 225.96
        },
        "20151": {
            "year_quarter": 20151,
            "year": 2015,
            "quarter": 1,
            "eps": 0.61,
            "eps_growth_year": 3.39,
            "eps_4q": 2.25,
            "eps_4q_growth_year": 8.44,
            "roe": 4.34,
            "roe_4q": 16.439999999999998,
            "gross_profit": 57053,
            "gross_margin": 41.84,
            "gross_margin_4q_avg": 40.61,
            "net_income": 42360,
            "revenue": 136360,
            "common_shares": 690344,
            "book_valuer_per_share": 14.36,
            "book_valuer_per_share_4q_avg": 13.55,
            "equity": 996168,
            "current_ratio": 1240.21,
            "debt_ratio": 6.63,
            "inventory_turnover_ratio": null,
            "account_receivable_turnover_ratio": 3.35,
            "reinvestment_rate": -246.24,
            "research_to_sale_ratio": null,
            "price_fair": 105.79,
            "eps_avg_yearly": 3.02,
            "eps_latest_yearly": 2.44,
            "eps_growth_yearly": 235.55
        },
        "20152": {
            "year_quarter": 20152,
            "year": 2015,
            "quarter": 2,
            "eps": 0.65,
            "eps_growth_year": 12.07,
            "eps_4q": 2.32,
            "eps_4q_growth_year": 10.37,
            "roe": 4.76,
            "roe_4q": 17.02,
            "gross_profit": 59991,
            "gross_margin": 45.33,
            "gross_margin_4q_avg": 41.88,
            "net_income": 45175,
            "revenue": 132349,
            "common_shares": 690344,
            "book_valuer_per_share": 13.01,
            "book_valuer_per_share_4q_avg": 13.62,
            "equity": 903274,
            "current_ratio": 372.62,
            "debt_ratio": 18.75,
            "inventory_turnover_ratio": null,
            "account_receivable_turnover_ratio": 3.52,
            "reinvestment_rate": -39.1,
            "research_to_sale_ratio": null,
            "price_fair": 29.78,
            "eps_avg_yearly": 2.38,
            "eps_latest_yearly": 2.6,
            "eps_growth_yearly": 2.51
        },
        "20153": {
            "year_quarter": 20153,
            "year": 2015,
            "quarter": 3,
            "eps": 0.57,
            "eps_growth_year": -9.52,
            "eps_4q": 2.26,
            "eps_4q_growth_year": 3.78,
            "roe": 4.29,
            "roe_4q": 16.48,
            "gross_profit": 46574,
            "gross_margin": 38.71,
            "gross_margin_4q_avg": 40.48,
            "net_income": 39608,
            "revenue": 120321,
            "common_shares": 690344,
            "book_valuer_per_share": 13.58,
            "book_valuer_per_share_4q_avg": 13.68,
            "equity": 942882,
            "current_ratio": 1177.09,
            "debt_ratio": 7.49,
            "inventory_turnover_ratio": null,
            "account_receivable_turnover_ratio": 2.85,
            "reinvestment_rate": -45.95,
            "research_to_sale_ratio": null,
            "price_fair": 73.77,
            "eps_avg_yearly": 2.4,
            "eps_latest_yearly": 2.28,
            "eps_growth_yearly": 20.71
        },
        "20154": {
            "year_quarter": 20154,
            "year": 2015,
            "quarter": 4,
            "eps": 0.4,
            "eps_growth_year": -4.19,
            "eps_4q": 2.24,
            "eps_4q_growth_year": 1.09,
            "roe": 2.89,
            "roe_4q": 16.28,
            "gross_profit": 45151,
            "gross_margin": 36.86,
            "gross_margin_4q_avg": 40.69,
            "net_income": 27803,
            "revenue": 122492,
            "common_shares": 690344,
            "book_valuer_per_share": 13.97,
            "book_valuer_per_share_4q_avg": 13.73,
            "equity": 979246,
            "current_ratio": 1098.07,
            "debt_ratio": 7.29,
            "inventory_turnover_ratio": null,
            "account_receivable_turnover_ratio": 3.05,
            "reinvestment_rate": -33.69,
            "research_to_sale_ratio": null,
            "price_fair": 58,
            "eps_avg_yearly": 2.39,
            "eps_latest_yearly": 1.6,
            "eps_growth_yearly": 14.29
        },
        "20161": {
            "year_quarter": 20161,
            "year": 2016,
            "quarter": 1,
            "eps": 0.54,
            "eps_growth_year": -11.48,
            "eps_4q": 2.17,
            "eps_4q_growth_year": -3.41,
            "roe": 3.73,
            "roe_4q": 15.67,
            "gross_profit": 64880,
            "gross_margin": 46.03,
            "gross_margin_4q_avg": 41.73,
            "net_income": 37149,
            "revenue": 140939,
            "common_shares": 690344,
            "book_valuer_per_share": 14.48,
            "book_valuer_per_share_4q_avg": 13.76,
            "equity": 1014351,
            "current_ratio": 709.42,
            "debt_ratio": 10.89,
            "inventory_turnover_ratio": null,
            "account_receivable_turnover_ratio": 4.35,
            "reinvestment_rate": -31.57,
            "research_to_sale_ratio": null,
            "price_fair": 44.3,
            "eps_avg_yearly": 2.34,
            "eps_latest_yearly": 2.16,
            "eps_growth_yearly": 8.91
        },
        "20162": {
            "year_quarter": 20162,
            "year": 2016,
            "quarter": 2,
            "eps": 0.36,
            "eps_growth_year": -44.62,
            "eps_4q": 1.88,
            "eps_4q_growth_year": -19.21,
            "roe": 2.65,
            "roe_4q": 13.559999999999999,
            "gross_profit": 45132,
            "gross_margin": 37.75,
            "gross_margin_4q_avg": 39.84,
            "net_income": 25249,
            "revenue": 119559,
            "common_shares": 690344,
            "book_valuer_per_share": 12.84,
            "book_valuer_per_share_4q_avg": 13.72,
            "equity": 891681,
            "current_ratio": 304.72,
            "debt_ratio": 23.19,
            "inventory_turnover_ratio": null,
            "account_receivable_turnover_ratio": 4.02,
            "reinvestment_rate": -24.75,
            "research_to_sale_ratio": null,
            "price_fair": 6.74,
            "eps_avg_yearly": 2.25,
            "eps_latest_yearly": 1.44,
            "eps_growth_yearly": -0.46
        },
        "20163": {
            "year_quarter": 20163,
            "year": 2016,
            "quarter": 3,
            "eps": 0.3,
            "eps_growth_year": -47.37,
            "eps_4q": 1.6,
            "eps_4q_growth_year": -29.3,
            "roe": 2.28,
            "roe_4q": 11.55,
            "gross_profit": 46372,
            "gross_margin": 38.12,
            "gross_margin_4q_avg": 39.69,
            "net_income": 20550,
            "revenue": 121662,
            "common_shares": 690344,
            "book_valuer_per_share": 13.12,
            "book_valuer_per_share_4q_avg": 13.6,
            "equity": 910705,
            "current_ratio": 616.89,
            "debt_ratio": 11.39,
            "inventory_turnover_ratio": null,
            "account_receivable_turnover_ratio": 3.66,
            "reinvestment_rate": -19.06,
            "research_to_sale_ratio": null,
            "price_fair": 6.29,
            "eps_avg_yearly": 2.1,
            "eps_latest_yearly": 1.2,
            "eps_growth_yearly": -9.3
        },
        "20164": {
            "year_quarter": 20164,
            "year": 2016,
            "quarter": 4,
            "eps": 0.32,
            "eps_growth_year": -20.29,
            "eps_4q": 1.52,
            "eps_4q_growth_year": -32.39,
            "roe": 2.4,
            "roe_4q": 11.06,
            "gross_profit": 33337,
            "gross_margin": 26.92,
            "gross_margin_4q_avg": 37.21,
            "net_income": 22193,
            "revenue": 123841,
            "common_shares": 690344,
            "book_valuer_per_share": 13.47,
            "book_valuer_per_share_4q_avg": 13.48,
            "equity": 934890,
            "current_ratio": 273.51,
            "debt_ratio": 20.02,
            "inventory_turnover_ratio": null,
            "account_receivable_turnover_ratio": 3.01,
            "reinvestment_rate": 4.79,
            "research_to_sale_ratio": null,
            "price_fair": 24.92,
            "eps_avg_yearly": 2.04,
            "eps_latest_yearly": 1.28,
            "eps_growth_yearly": 2.2
        },
        "20171": {
            "year_quarter": 20171,
            "year": 2017,
            "quarter": 1,
            "eps": 0.29,
            "eps_growth_year": -46.3,
            "eps_4q": 1.27,
            "eps_4q_growth_year": -41.59,
            "roe": 2.12,
            "roe_4q": 9.45,
            "gross_profit": 40154,
            "gross_margin": 38.36,
            "gross_margin_4q_avg": 35.29,
            "net_income": 20031,
            "revenue": 104677,
            "common_shares": 690344,
            "book_valuer_per_share": 13.75,
            "book_valuer_per_share_4q_avg": 13.3,
            "equity": 954234,
            "current_ratio": 239.97,
            "debt_ratio": 18.3,
            "inventory_turnover_ratio": null,
            "account_receivable_turnover_ratio": 2.8,
            "reinvestment_rate": 18.29,
            "research_to_sale_ratio": null,
            "price_fair": 5.81,
            "eps_avg_yearly": 1.94,
            "eps_latest_yearly": 1.16,
            "eps_growth_yearly": -8.01
        },
        "20172": {
            "year_quarter": 20172,
            "year": 2017,
            "quarter": 2,
            "eps": 0.32,
            "eps_growth_year": -11.11,
            "eps_4q": 1.23,
            "eps_4q_growth_year": -34.66,
            "roe": 2.37,
            "roe_4q": 9.17,
            "gross_profit": 38724,
            "gross_margin": 36.12,
            "gross_margin_4q_avg": 34.88,
            "net_income": 21806,
            "revenue": 107222,
            "common_shares": 690344,
            "book_valuer_per_share": 12.72,
            "book_valuer_per_share_4q_avg": 13.27,
            "equity": 882844,
            "current_ratio": 178.13,
            "debt_ratio": 22.98,
            "inventory_turnover_ratio": null,
            "account_receivable_turnover_ratio": 3.85,
            "reinvestment_rate": 24.33,
            "research_to_sale_ratio": null,
            "price_fair": 18.8,
            "eps_avg_yearly": 1.88,
            "eps_latest_yearly": 1.28,
            "eps_growth_yearly": 0.21
        },
        "20173": {
            "year_quarter": 20173,
            "year": 2017,
            "quarter": 3,
            "eps": 0.39,
            "eps_growth_year": 30,
            "eps_4q": 1.32,
            "eps_4q_growth_year": -17.78,
            "roe": 2.98,
            "roe_4q": 9.87,
            "gross_profit": 47489,
            "gross_margin": 40.93,
            "gross_margin_4q_avg": 35.58,
            "net_income": 26751,
            "revenue": 116029,
            "common_shares": 690344,
            "book_valuer_per_share": 13.1,
            "book_valuer_per_share_4q_avg": 13.26,
            "equity": 909595,
            "current_ratio": 152.1,
            "debt_ratio": 23.57,
            "inventory_turnover_ratio": null,
            "account_receivable_turnover_ratio": 4.17,
            "reinvestment_rate": 60.67,
            "research_to_sale_ratio": null,
            "price_fair": 27.97,
            "eps_avg_yearly": 1.84,
            "eps_latest_yearly": 1.56,
            "eps_growth_yearly": 5.22
        },
        "20174": {
            "year_quarter": 20174,
            "year": 2017,
            "quarter": 4,
            "eps": 0.4,
            "eps_growth_year": 23,
            "eps_4q": 1.39,
            "eps_4q_growth_year": -8.48,
            "roe": 2.95,
            "roe_4q": 10.420000000000002,
            "gross_profit": 50342,
            "gross_margin": 43.96,
            "gross_margin_4q_avg": 39.84,
            "net_income": 27303,
            "revenue": 114512,
            "common_shares": 690344,
            "book_valuer_per_share": 13.52,
            "book_valuer_per_share_4q_avg": 13.27,
            "equity": 938677,
            "current_ratio": 173.41,
            "debt_ratio": 21.97,
            "inventory_turnover_ratio": null,
            "account_receivable_turnover_ratio": 3.44,
            "reinvestment_rate": 72.12,
            "research_to_sale_ratio": null,
            "price_fair": 44.03,
            "eps_avg_yearly": 1.84,
            "eps_latest_yearly": 1.6,
            "eps_growth_yearly": 13.9
        },
        "20181": {
            "year_quarter": 20181,
            "year": 2018,
            "quarter": 1,
            "eps": 0.3,
            "eps_growth_year": 3.45,
            "eps_4q": 1.4,
            "eps_4q_growth_year": 10.6,
            "roe": 2.21,
            "roe_4q": 10.510000000000002,
            "gross_profit": 39534,
            "gross_margin": 38.87,
            "gross_margin_4q_avg": 39.97,
            "net_income": 20960,
            "revenue": 101709,
            "common_shares": 690344,
            "book_valuer_per_share": 13.86,
            "book_valuer_per_share_4q_avg": 13.3,
            "equity": 962006,
            "current_ratio": 146.52,
            "debt_ratio": 24.93,
            "inventory_turnover_ratio": null,
            "account_receivable_turnover_ratio": 2.65,
            "reinvestment_rate": 75.38,
            "research_to_sale_ratio": null,
            "price_fair": 5.31,
            "eps_avg_yearly": 1.77,
            "eps_latest_yearly": 1.2,
            "eps_growth_yearly": -6.17
        },
        "20182": {
            "year_quarter": 20182,
            "year": 2018,
            "quarter": 2,
            "eps": 0.46,
            "eps_growth_year": 43.75,
            "eps_4q": 1.55,
            "eps_4q_growth_year": 26.6,
            "roe": 3.43,
            "roe_4q": 11.57,
            "gross_profit": 55895,
            "gross_margin": 45.15,
            "gross_margin_4q_avg": 42.23,
            "net_income": 32083,
            "revenue": 123796,
            "common_shares": 690344,
            "book_valuer_per_share": 13.13,
            "book_valuer_per_share_4q_avg": 13.4,
            "equity": 911248,
            "current_ratio": 106.09,
            "debt_ratio": 29.94,
            "inventory_turnover_ratio": null,
            "account_receivable_turnover_ratio": 3.18,
            "reinvestment_rate": 78.89,
            "research_to_sale_ratio": null,
            "price_fair": 30.61,
            "eps_avg_yearly": 1.74,
            "eps_latest_yearly": 1.84,
            "eps_growth_yearly": 7.59
        },
        "20183": {
            "year_quarter": 20183,
            "year": 2018,
            "quarter": 3,
            "eps": 0.51,
            "eps_growth_year": 30.77,
            "eps_4q": 1.67,
            "eps_4q_growth_year": 27.29,
            "roe": 3.79,
            "roe_4q": 12.379999999999999,
            "gross_profit": 59726,
            "gross_margin": 47.06,
            "gross_margin_4q_avg": 43.76,
            "net_income": 35217,
            "revenue": 126915,
            "common_shares": 690344,
            "book_valuer_per_share": 13.64,
            "book_valuer_per_share_4q_avg": 13.54,
            "equity": 946465,
            "current_ratio": 121.08,
            "debt_ratio": 25.05,
            "inventory_turnover_ratio": null,
            "account_receivable_turnover_ratio": 3.11,
            "reinvestment_rate": 79.35,
            "research_to_sale_ratio": null,
            "price_fair": 31.04,
            "eps_avg_yearly": 1.71,
            "eps_latest_yearly": 2.04,
            "eps_growth_yearly": 8.15
        },
        "20184": {
            "year_quarter": 20184,
            "year": 2018,
            "quarter": 4,
            "eps": 0.44,
            "eps_growth_year": 11.83,
            "eps_4q": 1.72,
            "eps_4q_growth_year": 23.88,
            "roe": 3.18,
            "roe_4q": 12.61,
            "gross_profit": 51233,
            "gross_margin": 41.56,
            "gross_margin_4q_avg": 43.16,
            "net_income": 30533,
            "revenue": 123260,
            "common_shares": 690344,
            "book_valuer_per_share": 14.04,
            "book_valuer_per_share_4q_avg": 13.67,
            "equity": 974238,
            "current_ratio": 129.86,
            "debt_ratio": 23.03,
            "inventory_turnover_ratio": null,
            "account_receivable_turnover_ratio": 2.95,
            "reinvestment_rate": 74.24,
            "research_to_sale_ratio": null,
            "price_fair": 39.54,
            "eps_avg_yearly": 1.72,
            "eps_latest_yearly": 1.76,
            "eps_growth_yearly": 13.05
        },
        "20191": {
            "year_quarter": 20191,
            "year": 2019,
            "quarter": 1,
            "eps": 0.47,
            "eps_growth_year": 56.67,
            "eps_4q": 1.89,
            "eps_4q_growth_year": 34.86,
            "roe": 3.27,
            "roe_4q": 13.67,
            "gross_profit": 58147,
            "gross_margin": 45.61,
            "gross_margin_4q_avg": 44.85,
            "net_income": 32273,
            "revenue": 127488,
            "common_shares": 690344,
            "book_valuer_per_share": 14.46,
            "book_valuer_per_share_4q_avg": 13.82,
            "equity": 999431,
            "current_ratio": 111.2,
            "debt_ratio": 31.82,
            "inventory_turnover_ratio": null,
            "account_receivable_turnover_ratio": 3.19,
            "reinvestment_rate": 74.25,
            "research_to_sale_ratio": null,
            "price_fair": 22.59,
            "eps_avg_yearly": 1.68,
            "eps_latest_yearly": 1.88,
            "eps_growth_yearly": 3.45
        },
        "20192": {
            "year_quarter": 20192,
            "year": 2019,
            "quarter": 2,
            "eps": 0.58,
            "eps_growth_year": 26.09,
            "eps_4q": 2.01,
            "eps_4q_growth_year": 29.43,
            "roe": 4.15,
            "roe_4q": 14.39,
            "gross_profit": 68769,
            "gross_margin": 53.26,
            "gross_margin_4q_avg": 46.87,
            "net_income": 40107,
            "revenue": 129110,
            "common_shares": 690344,
            "book_valuer_per_share": 13.52,
            "book_valuer_per_share_4q_avg": 13.92,
            "equity": 935039,
            "current_ratio": 79.23,
            "debt_ratio": 37.4,
            "inventory_turnover_ratio": null,
            "account_receivable_turnover_ratio": 3.48,
            "reinvestment_rate": 75.47,
            "research_to_sale_ratio": null,
            "price_fair": 29.36,
            "eps_avg_yearly": 1.66,
            "eps_latest_yearly": 2.32,
            "eps_growth_yearly": 7.66
        },
        "20193": {
            "year_quarter": 20193,
            "year": 2019,
            "quarter": 3,
            "eps": 0.41,
            "eps_growth_year": -19.61,
            "eps_4q": 1.9,
            "eps_4q_growth_year": 13.48,
            "roe": 2.97,
            "roe_4q": 13.57,
            "gross_profit": 54372,
            "gross_margin": 41.92,
            "gross_margin_4q_avg": 45.59,
            "net_income": 28234,
            "revenue": 129715,
            "common_shares": 690344,
            "book_valuer_per_share": 13.97,
            "book_valuer_per_share_4q_avg": 14,
            "equity": 969216,
            "current_ratio": 81.98,
            "debt_ratio": 34.25,
            "inventory_turnover_ratio": null,
            "account_receivable_turnover_ratio": 3.12,
            "reinvestment_rate": 140.72,
            "research_to_sale_ratio": null,
            "price_fair": 21.76,
            "eps_avg_yearly": 1.62,
            "eps_latest_yearly": 1.64,
            "eps_growth_yearly": 3.41
        },
        "20194": {
            "year_quarter": 20194,
            "year": 2019,
            "quarter": 4,
            "eps": 0.5,
            "eps_growth_year": 12.3,
            "eps_4q": 1.95,
            "eps_4q_growth_year": 13.56,
            "roe": 3.48,
            "roe_4q": 13.870000000000001,
            "gross_profit": 52279,
            "gross_margin": 43.96,
            "gross_margin_4q_avg": 46.19,
            "net_income": 34287,
            "revenue": 118912,
            "common_shares": 690344,
            "book_valuer_per_share": 14.46,
            "book_valuer_per_share_4q_avg": 14.1,
            "equity": 1003488,
            "current_ratio": 94.48,
            "debt_ratio": 29.58,
            "inventory_turnover_ratio": null,
            "account_receivable_turnover_ratio": 2.83,
            "reinvestment_rate": 133.67,
            "research_to_sale_ratio": null,
            "price_fair": 43.42,
            "eps_avg_yearly": 1.65,
            "eps_latest_yearly": 2,
            "eps_growth_yearly": 16.35
        },
        "20201": {
            "year_quarter": 20201,
            "year": 2020,
            "quarter": 1,
            "eps": 0.4,
            "eps_growth_year": -14.89,
            "eps_4q": 1.89,
            "eps_4q_growth_year": -0.19,
            "roe": 2.72,
            "roe_4q": 13.32,
            "gross_profit": 49132,
            "gross_margin": 41.93,
            "gross_margin_4q_avg": 45.27,
            "net_income": 27699,
            "revenue": 117190,
            "common_shares": 690344,
            "book_valuer_per_share": 14.84,
            "book_valuer_per_share_4q_avg": 14.2,
            "equity": 1029627,
            "current_ratio": 118.68,
            "debt_ratio": 33.56,
            "inventory_turnover_ratio": null,
            "account_receivable_turnover_ratio": 3.41,
            "reinvestment_rate": 148.67,
            "research_to_sale_ratio": null,
            "price_fair": 20.32,
            "eps_avg_yearly": 1.61,
            "eps_latest_yearly": 1.6,
            "eps_growth_yearly": 2.6
        },
        "20202": {
            "year_quarter": 20202,
            "year": 2020,
            "quarter": 2,
            "eps": 0.78,
            "eps_growth_year": 34.48,
            "eps_4q": 2.08,
            "eps_4q_growth_year": 3.77,
            "roe": 5.39,
            "roe_4q": 14.56,
            "gross_profit": 72111,
            "gross_margin": 49.46,
            "gross_margin_4q_avg": 44.32,
            "net_income": 53614,
            "revenue": 145790,
            "common_shares": 690344,
            "book_valuer_per_share": 13.92,
            "book_valuer_per_share_4q_avg": 14.3,
            "equity": 961576,
            "current_ratio": 58,
            "debt_ratio": 41.28,
            "inventory_turnover_ratio": null,
            "account_receivable_turnover_ratio": 3.45,
            "reinvestment_rate": 172.99,
            "research_to_sale_ratio": null,
            "price_fair": 60.11,
            "eps_avg_yearly": 1.72,
            "eps_latest_yearly": 3.12,
            "eps_growth_yearly": 34.69
        },
        "20203": {
            "year_quarter": 20203,
            "year": 2020,
            "quarter": 3,
            "eps": 0.59,
            "eps_growth_year": 43.9,
            "eps_4q": 2.26,
            "eps_4q_growth_year": 19.03,
            "roe": 4.13,
            "roe_4q": 15.72,
            "gross_profit": 66739,
            "gross_margin": 48.99,
            "gross_margin_4q_avg": 46.09,
            "net_income": 40504,
            "revenue": 136225,
            "common_shares": 690344,
            "book_valuer_per_share": 14.47,
            "book_valuer_per_share_4q_avg": 14.42,
            "equity": 999225,
            "current_ratio": 62.95,
            "debt_ratio": 37.62,
            "inventory_turnover_ratio": null,
            "account_receivable_turnover_ratio": 3.11,
            "reinvestment_rate": 164.06,
            "research_to_sale_ratio": null,
            "price_fair": 62.65,
            "eps_avg_yearly": 1.79,
            "eps_latest_yearly": 2.36,
            "eps_growth_yearly": 32.76
        },
        "20204": {
            "year_quarter": 20204,
            "year": 2020,
            "quarter": 4,
            "eps": 0.55,
            "eps_growth_year": 10.59,
            "eps_4q": 2.31,
            "eps_4q_growth_year": 18.41,
            "roe": 3.72,
            "roe_4q": 15.959999999999999,
            "gross_profit": 66866,
            "gross_margin": 47.21,
            "gross_margin_4q_avg": 46.9,
            "net_income": 37901,
            "revenue": 141632,
            "common_shares": 690344,
            "book_valuer_per_share": 15.04,
            "book_valuer_per_share_4q_avg": 14.57,
            "equity": 1038438,
            "current_ratio": 61.06,
            "debt_ratio": 36.6,
            "inventory_turnover_ratio": null,
            "account_receivable_turnover_ratio": 3.48,
            "reinvestment_rate": 141.66,
            "research_to_sale_ratio": null,
            "price_fair": 64.66,
            "eps_avg_yearly": 1.85,
            "eps_latest_yearly": 2.2,
            "eps_growth_yearly": 29.4
        },
        "20211": {
            "year_quarter": 20211,
            "year": 2021,
            "quarter": 1,
            "eps": 0.58,
            "eps_growth_year": 45,
            "eps_4q": 2.49,
            "eps_4q_growth_year": 32.07,
            "roe": 3.79,
            "roe_4q": 17.03,
            "gross_profit": 54922,
            "gross_margin": 41.11,
            "gross_margin_4q_avg": 46.69,
            "net_income": 40072,
            "revenue": 133589,
            "common_shares": 690344,
            "book_valuer_per_share": 15.57,
            "book_valuer_per_share_4q_avg": 14.75,
            "equity": 1075489,
            "current_ratio": 88.05,
            "debt_ratio": 35.31,
            "inventory_turnover_ratio": null,
            "account_receivable_turnover_ratio": 3.21,
            "reinvestment_rate": 136.27,
            "research_to_sale_ratio": null,
            "price_fair": 67.2,
            "eps_avg_yearly": 1.92,
            "eps_latest_yearly": 2.32,
            "eps_growth_yearly": 33.11
        },
        "20212": {
            "year_quarter": 20212,
            "year": 2021,
            "quarter": 2,
            "eps": 0.33,
            "eps_growth_year": -57.69,
            "eps_4q": 2.05,
            "eps_4q_growth_year": -1.71,
            "roe": 2.11,
            "roe_4q": 13.75,
            "gross_profit": 46018,
            "gross_margin": 37.61,
            "gross_margin_4q_avg": 43.73,
            "net_income": 22880,
            "revenue": 122355,
            "common_shares": 690344,
            "book_valuer_per_share": 15.86,
            "book_valuer_per_share_4q_avg": 15.24,
            "equity": 1095139,
            "current_ratio": 85.79,
            "debt_ratio": 33.24,
            "inventory_turnover_ratio": null,
            "account_receivable_turnover_ratio": 3.09,
            "reinvestment_rate": 138.38,
            "research_to_sale_ratio": null,
            "price_fair": 57.19,
            "eps_avg_yearly": 1.92,
            "eps_latest_yearly": 1.32,
            "eps_growth_yearly": 19.75
        },
        "20213": {
            "year_quarter": 20213,
            "year": 2021,
            "quarter": 3,
            "eps": 0.02,
            "eps_growth_year": -96.61,
            "eps_4q": 1.48,
            "eps_4q_growth_year": -34.57,
            "roe": 0.12,
            "roe_4q": 9.74,
            "gross_profit": 33931,
            "gross_margin": 31.01,
            "gross_margin_4q_avg": 39.24,
            "net_income": 1270,
            "revenue": 109417,
            "common_shares": 690344,
            "book_valuer_per_share": 13.84,
            "book_valuer_per_share_4q_avg": 15.08,
            "equity": 955986,
            "current_ratio": 58.53,
            "debt_ratio": 40.93,
            "inventory_turnover_ratio": null,
            "account_receivable_turnover_ratio": 2.52,
            "reinvestment_rate": 116.36,
            "research_to_sale_ratio": null,
            "price_fair": 5.49,
            "eps_avg_yearly": 1.83,
            "eps_latest_yearly": 0.08,
            "eps_growth_yearly": -9.21
        },
        "20214": {
            "year_quarter": 20214,
            "year": 2021,
            "quarter": 4,
            "eps": 0.1,
            "eps_growth_year": -81.01,
            "eps_4q": 1.03,
            "eps_4q_growth_year": -55.28,
            "roe": 0.75,
            "roe_4q": 6.77,
            "gross_profit": 20260,
            "gross_margin": 20.11,
            "gross_margin_4q_avg": 32.46,
            "net_income": 7190,
            "revenue": 100748,
            "common_shares": 690344,
            "book_valuer_per_share": 13.94,
            "book_valuer_per_share_4q_avg": 14.8,
            "equity": 962480,
            "current_ratio": 66.8,
            "debt_ratio": 41.15,
            "inventory_turnover_ratio": null,
            "account_receivable_turnover_ratio": 2.28,
            "reinvestment_rate": 115.44,
            "research_to_sale_ratio": null,
            "price_fair": 61.43,
            "eps_avg_yearly": 1.76,
            "eps_latest_yearly": 0.4,
            "eps_growth_yearly": 90.15
        },
        "20221": {
            "year_quarter": 20221,
            "year": 2022,
            "quarter": 1,
            "eps": 0.42,
            "eps_growth_year": -27.59,
            "eps_4q": 0.87,
            "eps_4q_growth_year": -65.07,
            "roe": 2.94,
            "roe_4q": 5.92,
            "gross_profit": 24777,
            "gross_margin": 22.97,
            "gross_margin_4q_avg": 27.93,
            "net_income": 28763,
            "revenue": 107886,
            "common_shares": 690344,
            "book_valuer_per_share": 14.41,
            "book_valuer_per_share_4q_avg": 14.51,
            "equity": 995568,
            "current_ratio": 55.83,
            "debt_ratio": 44.66,
            "inventory_turnover_ratio": null,
            "account_receivable_turnover_ratio": 2.58,
            "reinvestment_rate": 149.3,
            "research_to_sale_ratio": null,
            "price_fair": 62.48,
            "eps_avg_yearly": 1.79,
            "eps_latest_yearly": 1.68,
            "eps_growth_yearly": 176.4
        },
        "20222": {
            "year_quarter": 20222,
            "year": 2022,
            "quarter": 2,
            "eps": 0.32,
            "eps_growth_year": -3.03,
            "eps_4q": 0.86,
            "eps_4q_growth_year": -58.21,
            "roe": 2.22,
            "roe_4q": 6.03,
            "gross_profit": 49134,
            "gross_margin": 38.06,
            "gross_margin_4q_avg": 28.04,
            "net_income": 21834,
            "revenue": 129080,
            "common_shares": 690344,
            "book_valuer_per_share": 14.05,
            "book_valuer_per_share_4q_avg": 14.06,
            "equity": 970577,
            "current_ratio": 32.1,
            "debt_ratio": 52.6,
            "inventory_turnover_ratio": null,
            "account_receivable_turnover_ratio": 3.18,
            "reinvestment_rate": 161.84,
            "research_to_sale_ratio": null,
            "price_fair": 61.25,
            "eps_avg_yearly": 1.75,
            "eps_latest_yearly": 1.28,
            "eps_growth_yearly": 157.12
        },
        "20223": {
            "year_quarter": 20223,
            "year": 2022,
            "quarter": 3,
            "eps": 0.5,
            "eps_growth_year": 2400,
            "eps_4q": 1.2,
            "eps_4q_growth_year": -18.82,
            "roe": 3.35,
            "roe_4q": 9.26,
            "gross_profit": 52925,
            "gross_margin": 42.15,
            "gross_margin_4q_avg": 30.82,
            "net_income": 34763,
            "revenue": 125553,
            "common_shares": 690344,
            "book_valuer_per_share": 14.97,
            "book_valuer_per_share_4q_avg": 14.34,
            "equity": 1104666,
            "current_ratio": 52,
            "debt_ratio": 51.39,
            "inventory_turnover_ratio": null,
            "account_receivable_turnover_ratio": 2.77,
            "reinvestment_rate": 176.92,
            "research_to_sale_ratio": null,
            "price_fair": 61.16,
            "eps_avg_yearly": 1.75,
            "eps_latest_yearly": 2,
            "eps_growth_yearly": 168.46
        },
        "20224": {
            "year_quarter": 20224,
            "year": 2022,
            "quarter": 4,
            "eps": 0.28,
            "eps_growth_year": 167.01,
            "eps_4q": 1.38,
            "eps_4q_growth_year": 32.92,
            "roe": 1.89,
            "roe_4q": 10.4,
            "gross_profit": 43317,
            "gross_margin": 38.34,
            "gross_margin_4q_avg": 35.38,
            "net_income": 21672,
            "revenue": 112994,
            "common_shares": 778344,
            "book_valuer_per_share": 15.26,
            "book_valuer_per_share_4q_avg": 14.67,
            "equity": 1187964,
            "current_ratio": 57.76,
            "debt_ratio": 45.86,
            "inventory_turnover_ratio": null,
            "account_receivable_turnover_ratio": 2.41,
            "reinvestment_rate": 164.45,
            "research_to_sale_ratio": null,
            "price_fair": 59.76,
            "eps_avg_yearly": 1.71,
            "eps_latest_yearly": 1.12,
            "eps_growth_yearly": 160.89
        },
        "20231": {
            "year_quarter": 20231,
            "year": 2023,
            "quarter": 1,
            "eps": 0.34,
            "eps_growth_year": -19.05,
            "eps_4q": 1.34,
            "eps_4q_growth_year": 54.04,
            "roe": 2.18,
            "roe_4q": 9.64,
            "gross_profit": 43924,
            "gross_margin": 36.07,
            "gross_margin_4q_avg": 38.66,
            "net_income": 26134,
            "revenue": 121773,
            "common_shares": 778344,
            "book_valuer_per_share": 15.57,
            "book_valuer_per_share_4q_avg": 14.96,
            "equity": 1212016,
            "current_ratio": 66.9,
            "debt_ratio": 42,
            "inventory_turnover_ratio": null,
            "account_receivable_turnover_ratio": 2.68,
            "reinvestment_rate": 170.7,
            "research_to_sale_ratio": null,
            "price_fair": 58.63,
            "eps_avg_yearly": 1.68,
            "eps_latest_yearly": 1.36,
            "eps_growth_yearly": 164.55
        }
    },
    "months": {
        "2001-06": {
            "month": "2001-06",
            "price": "8.08",
            "revenue": 79952
        },
        "2001-07": {
            "month": "2001-07",
            "price": "6.19",
            "revenue": 73590
        },
        "2001-08": {
            "month": "2001-08",
            "price": "5.33",
            "revenue": 88902
        },
        "2001-09": {
            "month": "2001-09",
            "price": "6.27",
            "revenue": 87841
        },
        "2001-10": {
            "month": "2001-10",
            "price": "6.96",
            "revenue": 63614
        },
        "2001-11": {
            "month": "2001-11",
            "price": "6.88",
            "revenue": 46982
        },
        "2001-12": {
            "month": "2001-12",
            "price": "8.30",
            "revenue": 26397
        },
        "2002-01": {
            "month": "2002-01",
            "price": "9.96",
            "revenue": 25243
        },
        "2002-02": {
            "month": "2002-02",
            "price": "12.95",
            "revenue": 23536
        },
        "2002-03": {
            "month": "2002-03",
            "price": "13.68",
            "revenue": 30664
        },
        "2002-04": {
            "month": "2002-04",
            "price": "12.01",
            "revenue": 35171
        },
        "2002-05": {
            "month": "2002-05",
            "price": "9.41",
            "revenue": 29962
        },
        "2002-06": {
            "month": "2002-06",
            "price": "10.40",
            "revenue": 25770
        },
        "2002-07": {
            "month": "2002-07",
            "price": "10.37",
            "revenue": 27762
        },
        "2002-08": {
            "month": "2002-08",
            "price": "8.14",
            "revenue": 29021
        },
        "2002-09": {
            "month": "2002-09",
            "price": "6.25",
            "revenue": 29369
        },
        "2002-10": {
            "month": "2002-10",
            "price": "5.09",
            "revenue": 23432
        },
        "2002-11": {
            "month": "2002-11",
            "price": "5.64",
            "revenue": 25917
        },
        "2002-12": {
            "month": "2002-12",
            "price": "5.68",
            "revenue": 27199
        },
        "2003-01": {
            "month": "2003-01",
            "price": "6.33",
            "revenue": 28538
        },
        "2003-02": {
            "month": "2003-02",
            "price": "6.00",
            "revenue": 26385
        },
        "2003-03": {
            "month": "2003-03",
            "price": "5.27",
            "revenue": 29590
        },
        "2003-04": {
            "month": "2003-04",
            "price": "4.82",
            "revenue": 31477
        },
        "2003-05": {
            "month": "2003-05",
            "price": "4.22",
            "revenue": 28902
        },
        "2003-06": {
            "month": "2003-06",
            "price": "4.43",
            "revenue": 28946
        },
        "2003-07": {
            "month": "2003-07",
            "price": "4.13",
            "revenue": 31909
        },
        "2003-08": {
            "month": "2003-08",
            "price": "3.53",
            "revenue": 30174
        },
        "2003-09": {
            "month": "2003-09",
            "price": "2.85",
            "revenue": 29049
        },
        "2003-10": {
            "month": "2003-10",
            "price": "3.38",
            "revenue": 29335
        },
        "2003-11": {
            "month": "2003-11",
            "price": "3.58",
            "revenue": 30783
        },
        "2003-12": {
            "month": "2003-12",
            "price": "3.54",
            "revenue": 33640
        },
        "2004-01": {
            "month": "2004-01",
            "price": "4.69",
            "revenue": 31959
        },
        "2004-02": {
            "month": "2004-02",
            "price": "6.26",
            "revenue": 30298
        },
        "2004-03": {
            "month": "2004-03",
            "price": "5.71",
            "revenue": 33313
        },
        "2004-04": {
            "month": "2004-04",
            "price": "5.70",
            "revenue": 31476
        },
        "2004-05": {
            "month": "2004-05",
            "price": "4.70",
            "revenue": 31741
        },
        "2004-06": {
            "month": "2004-06",
            "price": "4.14",
            "revenue": 24654
        },
        "2004-07": {
            "month": "2004-07",
            "price": "3.88",
            "revenue": 20684
        },
        "2004-08": {
            "month": "2004-08",
            "price": "3.69",
            "revenue": 30967
        },
        "2004-09": {
            "month": "2004-09",
            "price": "3.49",
            "revenue": 30410
        },
        "2004-10": {
            "month": "2004-10",
            "price": "3.90",
            "revenue": 19313
        },
        "2004-11": {
            "month": "2004-11",
            "price": "3.89",
            "revenue": 25911
        },
        "2004-12": {
            "month": "2004-12",
            "price": "3.76",
            "revenue": 29256
        },
        "2005-01": {
            "month": "2005-01",
            "price": "3.93",
            "revenue": 26113
        },
        "2005-02": {
            "month": "2005-02",
            "price": "3.77",
            "revenue": 27133
        },
        "2005-03": {
            "month": "2005-03",
            "price": "3.58",
            "revenue": 28816
        },
        "2005-04": {
            "month": "2005-04",
            "price": "3.12",
            "revenue": 29539
        },
        "2005-05": {
            "month": "2005-05",
            "price": "1.98",
            "revenue": 25875
        },
        "2005-06": {
            "month": "2005-06",
            "price": "2.21",
            "revenue": 22118
        },
        "2005-07": {
            "month": "2005-07",
            "price": "2.36",
            "revenue": 19450
        },
        "2005-08": {
            "month": "2005-08",
            "price": "2.46",
            "revenue": 22392
        },
        "2005-09": {
            "month": "2005-09",
            "price": "2.24",
            "revenue": 24228
        },
        "2005-10": {
            "month": "2005-10",
            "price": "2.04",
            "revenue": 26321
        },
        "2005-11": {
            "month": "2005-11",
            "price": "2.00",
            "revenue": 19556
        },
        "2005-12": {
            "month": "2005-12",
            "price": "1.93",
            "revenue": 26539
        },
        "2006-01": {
            "month": "2006-01",
            "price": "1.62",
            "revenue": 29664
        },
        "2006-02": {
            "month": "2006-02",
            "price": "1.44",
            "revenue": 26559
        },
        "2006-03": {
            "month": "2006-03",
            "price": "1.47",
            "revenue": 39754
        },
        "2006-04": {
            "month": "2006-04",
            "price": "1.51",
            "revenue": 26114
        },
        "2006-05": {
            "month": "2006-05",
            "price": "1.90",
            "revenue": 26580
        },
        "2006-06": {
            "month": "2006-06",
            "price": "2.44",
            "revenue": 26070
        },
        "2006-07": {
            "month": "2006-07",
            "price": "2.37",
            "revenue": 24489
        },
        "2006-08": {
            "month": "2006-08",
            "price": "2.11",
            "revenue": 29167
        },
        "2006-09": {
            "month": "2006-09",
            "price": "1.62",
            "revenue": 28374
        },
        "2006-10": {
            "month": "2006-10",
            "price": "1.88",
            "revenue": 27732
        },
        "2006-11": {
            "month": "2006-11",
            "price": "1.99",
            "revenue": 24924
        },
        "2006-12": {
            "month": "2006-12",
            "price": "2.50",
            "revenue": 23740
        },
        "2007-01": {
            "month": "2007-01",
            "price": "2.84",
            "revenue": 27637
        },
        "2007-02": {
            "month": "2007-02",
            "price": "2.30",
            "revenue": 25533
        },
        "2007-03": {
            "month": "2007-03",
            "price": "2.48",
            "revenue": 27279
        },
        "2007-04": {
            "month": "2007-04",
            "price": "2.50",
            "revenue": 28004
        },
        "2007-05": {
            "month": "2007-05",
            "price": "2.48",
            "revenue": 28629
        },
        "2007-06": {
            "month": "2007-06",
            "price": "2.82",
            "revenue": 24609
        },
        "2007-07": {
            "month": "2007-07",
            "price": "3.20",
            "revenue": 28425
        },
        "2007-08": {
            "month": "2007-08",
            "price": "7.29",
            "revenue": 28941
        },
        "2007-09": {
            "month": "2007-09",
            "price": "9.09",
            "revenue": 24310
        },
        "2007-10": {
            "month": "2007-10",
            "price": "8.89",
            "revenue": 23691
        },
        "2007-11": {
            "month": "2007-11",
            "price": "8.45",
            "revenue": 22577
        },
        "2007-12": {
            "month": "2007-12",
            "price": "6.55",
            "revenue": 27908
        },
        "2008-01": {
            "month": "2008-01",
            "price": "7.82",
            "revenue": 30808
        },
        "2008-02": {
            "month": "2008-02",
            "price": "9.16",
            "revenue": 26105
        },
        "2008-03": {
            "month": "2008-03",
            "price": "8.55",
            "revenue": 27354
        },
        "2008-04": {
            "month": "2008-04",
            "price": "7.96",
            "revenue": 27840
        },
        "2008-05": {
            "month": "2008-05",
            "price": "10.00",
            "revenue": 26884
        },
        "2008-06": {
            "month": "2008-06",
            "price": "9.17",
            "revenue": 27040
        },
        "2008-07": {
            "month": "2008-07",
            "price": "7.76",
            "revenue": 23554
        },
        "2008-08": {
            "month": "2008-08",
            "price": "6.63",
            "revenue": 22017
        },
        "2008-09": {
            "month": "2008-09",
            "price": "6.15",
            "revenue": 23448
        },
        "2008-10": {
            "month": "2008-10",
            "price": "5.13",
            "revenue": 23500
        },
        "2008-11": {
            "month": "2008-11",
            "price": "4.57",
            "revenue": 27489
        },
        "2008-12": {
            "month": "2008-12",
            "price": "4.86",
            "revenue": 25711
        },
        "2009-01": {
            "month": "2009-01",
            "price": "5.15",
            "revenue": 26432
        },
        "2009-02": {
            "month": "2009-02",
            "price": "5.00",
            "revenue": 23768
        },
        "2009-03": {
            "month": "2009-03",
            "price": "5.23",
            "revenue": 26070
        },
        "2009-04": {
            "month": "2009-04",
            "price": "6.75",
            "revenue": 25134
        },
        "2009-05": {
            "month": "2009-05",
            "price": "8.15",
            "revenue": 24505
        },
        "2009-06": {
            "month": "2009-06",
            "price": "7.82",
            "revenue": 24741
        },
        "2009-07": {
            "month": "2009-07",
            "price": "8.08",
            "revenue": 29527
        },
        "2009-08": {
            "month": "2009-08",
            "price": "10.24",
            "revenue": 29538
        },
        "2009-09": {
            "month": "2009-09",
            "price": "12.77",
            "revenue": 30360
        },
        "2009-10": {
            "month": "2009-10",
            "price": "14.06",
            "revenue": 29584
        },
        "2009-11": {
            "month": "2009-11",
            "price": "12.61",
            "revenue": 31596
        },
        "2009-12": {
            "month": "2009-12",
            "price": "12.54",
            "revenue": 30304
        },
        "2010-01": {
            "month": "2010-01",
            "price": "14.28",
            "revenue": 32254
        },
        "2010-02": {
            "month": "2010-02",
            "price": "13.58",
            "revenue": 35239
        },
        "2010-03": {
            "month": "2010-03",
            "price": "14.83",
            "revenue": 30685
        },
        "2010-04": {
            "month": "2010-04",
            "price": "14.73",
            "revenue": 28947
        },
        "2010-05": {
            "month": "2010-05",
            "price": "13.15",
            "revenue": 30476
        },
        "2010-06": {
            "month": "2010-06",
            "price": "12.77",
            "revenue": 31235
        },
        "2010-07": {
            "month": "2010-07",
            "price": "13.14",
            "revenue": 32467
        },
        "2010-08": {
            "month": "2010-08",
            "price": "13.52",
            "revenue": 33564
        },
        "2010-09": {
            "month": "2010-09",
            "price": "13.73",
            "revenue": 34242
        },
        "2010-10": {
            "month": "2010-10",
            "price": "13.87",
            "revenue": 35051
        },
        "2010-11": {
            "month": "2010-11",
            "price": "13.69",
            "revenue": 33935
        },
        "2010-12": {
            "month": "2010-12",
            "price": "13.89",
            "revenue": 31341
        },
        "2011-01": {
            "month": "2011-01",
            "price": "13.82",
            "revenue": 33026
        },
        "2011-02": {
            "month": "2011-02",
            "price": "13.73",
            "revenue": 32088
        },
        "2011-03": {
            "month": "2011-03",
            "price": "14.17",
            "revenue": 32727
        },
        "2011-04": {
            "month": "2011-04",
            "price": "15.81",
            "revenue": 37283
        },
        "2011-05": {
            "month": "2011-05",
            "price": "16.96",
            "revenue": 38195
        },
        "2011-06": {
            "month": "2011-06",
            "price": "19.95",
            "revenue": 38428
        },
        "2011-07": {
            "month": "2011-07",
            "price": "19.52",
            "revenue": 38611
        },
        "2011-08": {
            "month": "2011-08",
            "price": "19.86",
            "revenue": 38062
        },
        "2011-09": {
            "month": "2011-09",
            "price": "19.30",
            "revenue": 38271
        },
        "2011-10": {
            "month": "2011-10",
            "price": "18.12",
            "revenue": 45414
        },
        "2011-11": {
            "month": "2011-11",
            "price": "19.15",
            "revenue": 49701
        },
        "2011-12": {
            "month": "2011-12",
            "price": "18.35",
            "revenue": 48822
        },
        "2012-01": {
            "month": "2012-01",
            "price": "19.00",
            "revenue": 49165
        },
        "2012-02": {
            "month": "2012-02",
            "price": "22.78",
            "revenue": 48929
        },
        "2012-03": {
            "month": "2012-03",
            "price": "27.70",
            "revenue": 48602
        },
        "2012-04": {
            "month": "2012-04",
            "price": "25.86",
            "revenue": 47679
        },
        "2012-05": {
            "month": "2012-05",
            "price": "30.06",
            "revenue": 52200
        },
        "2012-06": {
            "month": "2012-06",
            "price": "29.57",
            "revenue": 48664
        },
        "2012-07": {
            "month": "2012-07",
            "price": "31.57",
            "revenue": 49186
        },
        "2012-08": {
            "month": "2012-08",
            "price": "27.26",
            "revenue": 58275
        },
        "2012-09": {
            "month": "2012-09",
            "price": "28.04",
            "revenue": 48240
        },
        "2012-10": {
            "month": "2012-10",
            "price": "27.92",
            "revenue": 40180
        },
        "2012-11": {
            "month": "2012-11",
            "price": "24.70",
            "revenue": 42181
        },
        "2012-12": {
            "month": "2012-12",
            "price": "23.75",
            "revenue": 45182
        },
        "2013-01": {
            "month": "2013-01",
            "price": "24.69",
            "revenue": 44498
        },
        "2013-02": {
            "month": "2013-02",
            "price": "25.09",
            "revenue": 44774
        },
        "2013-03": {
            "month": "2013-03",
            "price": "24.92",
            "revenue": 40895
        },
        "2013-04": {
            "month": "2013-04",
            "price": "25.72",
            "revenue": 42485
        },
        "2013-05": {
            "month": "2013-05",
            "price": "27.12",
            "revenue": 42422
        },
        "2013-06": {
            "month": "2013-06",
            "price": "28.33",
            "revenue": 42410
        },
        "2013-07": {
            "month": "2013-07",
            "price": "29.20",
            "revenue": 41906
        },
        "2013-08": {
            "month": "2013-08",
            "price": "25.02",
            "revenue": 43624
        },
        "2013-09": {
            "month": "2013-09",
            "price": "25.02",
            "revenue": 42124
        },
        "2013-10": {
            "month": "2013-10",
            "price": "25.20",
            "revenue": 44254
        },
        "2013-11": {
            "month": "2013-11",
            "price": "25.59",
            "revenue": 43700
        },
        "2013-12": {
            "month": "2013-12",
            "price": "26.19",
            "revenue": 42363
        },
        "2014-01": {
            "month": "2014-01",
            "price": "26.83",
            "revenue": 42485
        },
        "2014-02": {
            "month": "2014-02",
            "price": "26.61",
            "revenue": 46786
        },
        "2014-03": {
            "month": "2014-03",
            "price": "26.97",
            "revenue": 45140
        },
        "2014-04": {
            "month": "2014-04",
            "price": "26.25",
            "revenue": 43440
        },
        "2014-05": {
            "month": "2014-05",
            "price": "26.77",
            "revenue": 46474
        },
        "2014-06": {
            "month": "2014-06",
            "price": "27.87",
            "revenue": 45420
        },
        "2014-07": {
            "month": "2014-07",
            "price": "26.15",
            "revenue": 45987
        },
        "2014-08": {
            "month": "2014-08",
            "price": "26.02",
            "revenue": 47480
        },
        "2014-09": {
            "month": "2014-09",
            "price": "26.93",
            "revenue": 45294
        },
        "2014-10": {
            "month": "2014-10",
            "price": "26.55",
            "revenue": 38688
        },
        "2014-11": {
            "month": "2014-11",
            "price": "26.14",
            "revenue": 43795
        },
        "2014-12": {
            "month": "2014-12",
            "price": "26.33",
            "revenue": 41744
        },
        "2015-01": {
            "month": "2015-01",
            "price": "26.96",
            "revenue": 47536
        },
        "2015-02": {
            "month": "2015-02",
            "price": "27.38",
            "revenue": 43630
        },
        "2015-03": {
            "month": "2015-03",
            "price": "28.12",
            "revenue": 45194
        },
        "2015-04": {
            "month": "2015-04",
            "price": "27.72",
            "revenue": 44255
        },
        "2015-05": {
            "month": "2015-05",
            "price": "27.88",
            "revenue": 45036
        },
        "2015-06": {
            "month": "2015-06",
            "price": "27.85",
            "revenue": 43058
        },
        "2015-07": {
            "month": "2015-07",
            "price": "26.49",
            "revenue": 40426
        },
        "2015-08": {
            "month": "2015-08",
            "price": "25.55",
            "revenue": 40874
        },
        "2015-09": {
            "month": "2015-09",
            "price": "25.50",
            "revenue": 39021
        },
        "2015-10": {
            "month": "2015-10",
            "price": "25.76",
            "revenue": 40831
        },
        "2015-11": {
            "month": "2015-11",
            "price": "25.74",
            "revenue": 40711
        },
        "2015-12": {
            "month": "2015-12",
            "price": "25.70",
            "revenue": 41119
        },
        "2016-01": {
            "month": "2016-01",
            "price": "25.63",
            "revenue": 58813
        },
        "2016-02": {
            "month": "2016-02",
            "price": "26.81",
            "revenue": 40977
        },
        "2016-03": {
            "month": "2016-03",
            "price": "27.82",
            "revenue": 41149
        },
        "2016-04": {
            "month": "2016-04",
            "price": "27.61",
            "revenue": 40412
        },
        "2016-05": {
            "month": "2016-05",
            "price": "27.15",
            "revenue": 39407
        },
        "2016-06": {
            "month": "2016-06",
            "price": "27.35",
            "revenue": 39740
        },
        "2016-07": {
            "month": "2016-07",
            "price": "27.34",
            "revenue": 40280
        },
        "2016-08": {
            "month": "2016-08",
            "price": "25.90",
            "revenue": 40110
        },
        "2016-09": {
            "month": "2016-09",
            "price": "25.66",
            "revenue": 41272
        },
        "2016-10": {
            "month": "2016-10",
            "price": "25.53",
            "revenue": 45182
        },
        "2016-11": {
            "month": "2016-11",
            "price": "25.10",
            "revenue": 39614
        },
        "2016-12": {
            "month": "2016-12",
            "price": "24.25",
            "revenue": 39046
        },
        "2017-01": {
            "month": "2017-01",
            "price": "24.47",
            "revenue": 33197
        },
        "2017-02": {
            "month": "2017-02",
            "price": "24.32",
            "revenue": 34482
        },
        "2017-03": {
            "month": "2017-03",
            "price": "23.99",
            "revenue": 36999
        },
        "2017-04": {
            "month": "2017-04",
            "price": "23.63",
            "revenue": 34851
        },
        "2017-05": {
            "month": "2017-05",
            "price": "22.91",
            "revenue": 36474
        },
        "2017-06": {
            "month": "2017-06",
            "price": "21.99",
            "revenue": 35897
        },
        "2017-07": {
            "month": "2017-07",
            "price": "21.27",
            "revenue": 37336
        },
        "2017-08": {
            "month": "2017-08",
            "price": "19.68",
            "revenue": 38538
        },
        "2017-09": {
            "month": "2017-09",
            "price": "20.09",
            "revenue": 40154
        },
        "2017-10": {
            "month": "2017-10",
            "price": "19.92",
            "revenue": 39574
        },
        "2017-11": {
            "month": "2017-11",
            "price": "19.77",
            "revenue": 37743
        },
        "2017-12": {
            "month": "2017-12",
            "price": "19.50",
            "revenue": 37196
        },
        "2018-01": {
            "month": "2018-01",
            "price": "18.91",
            "revenue": 32662
        },
        "2018-02": {
            "month": "2018-02",
            "price": "18.35",
            "revenue": 29852
        },
        "2018-03": {
            "month": "2018-03",
            "price": "18.18",
            "revenue": 39195
        },
        "2018-04": {
            "month": "2018-04",
            "price": "18.76",
            "revenue": 39225
        },
        "2018-05": {
            "month": "2018-05",
            "price": "19.45",
            "revenue": 44518
        },
        "2018-06": {
            "month": "2018-06",
            "price": "19.95",
            "revenue": 40053
        },
        "2018-07": {
            "month": "2018-07",
            "price": "19.80",
            "revenue": 42759
        },
        "2018-08": {
            "month": "2018-08",
            "price": "19.75",
            "revenue": 40101
        },
        "2018-09": {
            "month": "2018-09",
            "price": "19.97",
            "revenue": 44054
        },
        "2018-10": {
            "month": "2018-10",
            "price": "19.81",
            "revenue": 42934
        },
        "2018-11": {
            "month": "2018-11",
            "price": "19.72",
            "revenue": 39467
        },
        "2018-12": {
            "month": "2018-12",
            "price": "19.81",
            "revenue": 40860
        },
        "2019-01": {
            "month": "2019-01",
            "price": "20.06",
            "revenue": 41109
        },
        "2019-02": {
            "month": "2019-02",
            "price": "21.21",
            "revenue": 43948
        },
        "2019-03": {
            "month": "2019-03",
            "price": "22.07",
            "revenue": 42431
        },
        "2019-04": {
            "month": "2019-04",
            "price": "22.60",
            "revenue": 42889
        },
        "2019-05": {
            "month": "2019-05",
            "price": "23.11",
            "revenue": 42353
        },
        "2019-06": {
            "month": "2019-06",
            "price": "23.61",
            "revenue": 43868
        },
        "2019-07": {
            "month": "2019-07",
            "price": "24.23",
            "revenue": 44141
        },
        "2019-08": {
            "month": "2019-08",
            "price": "24.43",
            "revenue": 44920
        },
        "2019-09": {
            "month": "2019-09",
            "price": "24.41",
            "revenue": 40654
        },
        "2019-10": {
            "month": "2019-10",
            "price": "24.12",
            "revenue": 41049
        },
        "2019-11": {
            "month": "2019-11",
            "price": "23.80",
            "revenue": 39305
        },
        "2019-12": {
            "month": "2019-12",
            "price": "23.76",
            "revenue": 38558
        },
        "2020-01": {
            "month": "2020-01",
            "price": "23.70",
            "revenue": 39332
        },
        "2020-02": {
            "month": "2020-02",
            "price": "23.29",
            "revenue": 43522
        },
        "2020-03": {
            "month": "2020-03",
            "price": "19.99",
            "revenue": 34336
        },
        "2020-04": {
            "month": "2020-04",
            "price": "22.10",
            "revenue": 51191
        },
        "2020-05": {
            "month": "2020-05",
            "price": "23.71",
            "revenue": 47706
        },
        "2020-06": {
            "month": "2020-06",
            "price": "24.76",
            "revenue": 46892
        },
        "2020-07": {
            "month": "2020-07",
            "price": "23.80",
            "revenue": 48345
        },
        "2020-08": {
            "month": "2020-08",
            "price": "24.20",
            "revenue": 44047
        },
        "2020-09": {
            "month": "2020-09",
            "price": "24.48",
            "revenue": 43834
        },
        "2020-10": {
            "month": "2020-10",
            "price": "24.06",
            "revenue": 44673
        },
        "2020-11": {
            "month": "2020-11",
            "price": "24.95",
            "revenue": 47581
        },
        "2020-12": {
            "month": "2020-12",
            "price": "25.92",
            "revenue": 49379
        },
        "2021-01": {
            "month": "2021-01",
            "price": "26.42",
            "revenue": 40960
        },
        "2021-02": {
            "month": "2021-02",
            "price": "26.51",
            "revenue": 45448
        },
        "2021-03": {
            "month": "2021-03",
            "price": "27.80",
            "revenue": 47181
        },
        "2021-04": {
            "month": "2021-04",
            "price": "30.76",
            "revenue": 44725
        },
        "2021-05": {
            "month": "2021-05",
            "price": "29.11",
            "revenue": 41801
        },
        "2021-06": {
            "month": "2021-06",
            "price": "29.67",
            "revenue": 35829
        },
        "2021-07": {
            "month": "2021-07",
            "price": "29.27",
            "revenue": 35223
        },
        "2021-08": {
            "month": "2021-08",
            "price": "28.03",
            "revenue": 37116
        },
        "2021-09": {
            "month": "2021-09",
            "price": "27.21",
            "revenue": 37079
        },
        "2021-10": {
            "month": "2021-10",
            "price": "26.80",
            "revenue": 34486
        },
        "2021-11": {
            "month": "2021-11",
            "price": "25.92",
            "revenue": 31788
        },
        "2021-12": {
            "month": "2021-12",
            "price": "25.28",
            "revenue": 34474
        },
        "2022-01": {
            "month": "2022-01",
            "price": "25.04",
            "revenue": 29898
        },
        "2022-02": {
            "month": "2022-02",
            "price": "24.81",
            "revenue": 34420
        },
        "2022-03": {
            "month": "2022-03",
            "price": "23.95",
            "revenue": 43569
        },
        "2022-04": {
            "month": "2022-04",
            "price": "22.24",
            "revenue": 45900
        },
        "2022-05": {
            "month": "2022-05",
            "price": "22.12",
            "revenue": 38996
        },
        "2022-06": {
            "month": "2022-06",
            "price": "22.22",
            "revenue": 44184
        },
        "2022-07": {
            "month": "2022-07",
            "price": "21.15",
            "revenue": 41951
        },
        "2022-08": {
            "month": "2022-08",
            "price": "21.13",
            "revenue": 43916
        },
        "2022-09": {
            "month": "2022-09",
            "price": "19.91",
            "revenue": 39685
        },
        "2022-10": {
            "month": "2022-10",
            "price": "17.97",
            "revenue": 37835
        },
        "2022-11": {
            "month": "2022-11",
            "price": "18.79",
            "revenue": 36884
        },
        "2022-12": {
            "month": "2022-12",
            "price": "19.78",
            "revenue": 38276
        },
        "2023-01": {
            "month": "2023-01",
            "price": "19.92",
            "revenue": 42322
        },
        "2023-02": {
            "month": "2023-02",
            "price": "21.22",
            "revenue": 42787
        },
        "2023-03": {
            "month": "2023-03",
            "price": "21.90",
            "revenue": 36665
        },
        "2023-04": {
            "month": "2023-04",
            "price": "20.63",
            "revenue": 34262
        }
    }
}
