{
    "summary": {
        "stock_name": "三商",
        "stock_id": "2905",
        "category": "貿易百貨",
        "main_business": "一般投資業。",
        "website_url": "http://www.mercuries.com.tw",
        "ceo": "陳翔立",
        "pe_ratio": -5,
        "report_year_from": 2001,
        "report_year_to": 2023,
        "age": 23,
        "eps_negative_percentage": 13,
        "eps_growth_avg": {
            "last_all": -10.87,
            "last_2y": -37.07,
            "last_4y": -8.82,
            "last_8y": -10.48,
            "last_12y": 2.15,
            "last_16y": -1.54,
            "last_20y": -6.89,
            "at_2006_last_3y": -35.4,
            "at_2007_last_3y": -60.77,
            "at_2008_last_3y": -66.16,
            "at_2009_last_3y": 0.51,
            "at_2010_last_3y": -12.61,
            "at_2011_last_3y": 20.34,
            "at_2012_last_3y": 37.89,
            "at_2013_last_3y": 5.91,
            "at_2014_last_3y": 27.41,
            "at_2015_last_3y": 6.72,
            "at_2016_last_3y": 14.82,
            "at_2017_last_3y": 15.67,
            "at_2018_last_3y": -12.14,
            "at_2019_last_3y": 8.55,
            "at_2020_last_3y": -15.72,
            "at_2021_last_3y": -3.13,
            "at_2022_last_3y": -8.82,
            "at_2023_last_3y": -45.1,
            "at_2024_last_3y": -45.1,
            "at_2006_last_all": -48.17,
            "at_2007_last_all": -44.9,
            "at_2008_last_all": -48.53,
            "at_2009_last_all": -27.31,
            "at_2010_last_all": -30.39,
            "at_2011_last_all": -15.9,
            "at_2012_last_all": -13.96,
            "at_2013_last_all": -15.23,
            "at_2014_last_all": -11.13,
            "at_2015_last_all": -8.94,
            "at_2016_last_all": -5.74,
            "at_2017_last_all": -6.99,
            "at_2018_last_all": -11.38,
            "at_2019_last_all": -4.83,
            "at_2020_last_all": -7.96,
            "at_2021_last_all": -6.18,
            "at_2022_last_all": -10.87,
            "at_2023_last_all": -10.87,
            "at_2024_last_all": -10.87
        },
        "latest_eps": -2.7,
        "latest_price": 12.2,
        "latest_roe": -21.3,
        "latest_gross_margin": null,
        "latest_equity": 48311471,
        "latest_revenue": 16730695,
        "latest_gross_profit": null,
        "latest_net_income": -7253164,
        "latest_debt_ratio": 96.89,
        "latest_current_ratio": 863.89,
        "latest_account_receivable_turnover_ratio": 14.01,
        "latest_inventory_turnover_ratio": null,
        "latest_reinvestment_rate": null,
        "latest_research_to_sale_ratio": 0.51
    },
    "eps_dividends": {
        "1990": {
            "cash": 0.5,
            "stock": 3,
            "eps": 0
        },
        "1991": {
            "cash": 0.8,
            "stock": 1,
            "eps": 0
        },
        "1992": {
            "cash": 0.5,
            "stock": 1,
            "eps": 0
        },
        "1993": {
            "cash": 1,
            "stock": 1,
            "eps": 0
        },
        "1994": {
            "cash": 1,
            "stock": 2.5,
            "eps": 0
        },
        "1995": {
            "cash": 0.5,
            "stock": 2,
            "eps": 0
        },
        "1996": {
            "cash": 1,
            "stock": 1.5,
            "eps": 0
        },
        "1997": {
            "cash": 1,
            "stock": 1,
            "eps": 0
        },
        "1998": {
            "cash": 0.5,
            "stock": 1,
            "eps": 0
        },
        "1999": {
            "cash": 0.5,
            "stock": 0.5,
            "eps": 0
        },
        "2000": {
            "cash": 1,
            "stock": 1,
            "eps": 0
        },
        "2001": {
            "cash": 0,
            "stock": 0,
            "eps": 5.17
        },
        "2002": {
            "cash": 1.5,
            "stock": 1.5,
            "eps": 0.7
        },
        "2003": {
            "cash": 0.1,
            "stock": 0,
            "eps": 1.01
        },
        "2004": {
            "cash": 0.4,
            "stock": 0.2,
            "eps": 0.5
        },
        "2005": {
            "cash": 0.2,
            "stock": 0,
            "eps": -0.83
        },
        "2006": {
            "cash": 0,
            "stock": 0,
            "eps": 1.54
        },
        "2007": {
            "cash": 0.6,
            "stock": 0,
            "eps": 1.05
        },
        "2008": {
            "cash": 0.2,
            "stock": 0.5,
            "eps": 0.35
        },
        "2009": {
            "cash": 0,
            "stock": 0,
            "eps": 1.52
        },
        "2010": {
            "cash": 0.5,
            "stock": 0.5,
            "eps": 0.73
        },
        "2011": {
            "cash": 1,
            "stock": 1,
            "eps": 1.97
        },
        "2012": {
            "cash": 0,
            "stock": 0,
            "eps": 2.04
        },
        "2013": {
            "cash": 1,
            "stock": 0.8,
            "eps": 1.47
        },
        "2014": {
            "cash": 0.7,
            "stock": 0,
            "eps": 1.97
        },
        "2015": {
            "cash": 0.6,
            "stock": 0,
            "eps": 2.31
        },
        "2016": {
            "cash": 0.6,
            "stock": 0.5,
            "eps": 3.14
        },
        "2017": {
            "cash": 0.7,
            "stock": 0.7,
            "eps": 2.37
        },
        "2018": {
            "cash": 0.8,
            "stock": 0.8,
            "eps": 0.54
        },
        "2019": {
            "cash": 0.5,
            "stock": 0,
            "eps": 4.48
        },
        "2020": {
            "cash": 1,
            "stock": 1,
            "eps": 1.74
        },
        "2021": {
            "cash": 1,
            "stock": 0,
            "eps": 2.19
        },
        "2022": {
            "cash": 1,
            "stock": 0.1,
            "eps": -5.85
        },
        "2023": {
            "cash": 0,
            "stock": 0,
            "eps": -2.72
        }
    },
    "dividends": {
        "1990-04-10": {
            "cash": 0.5,
            "stock": 3
        },
        "1991-04-23": {
            "cash": 0.8,
            "stock": 1
        },
        "1992-05-23": {
            "cash": 0.5,
            "stock": 1
        },
        "1993-05-22": {
            "cash": 1,
            "stock": 1
        },
        "1994-04-30": {
            "cash": 1,
            "stock": 2.5
        },
        "1995-04-28": {
            "cash": 0.5,
            "stock": 2
        },
        "1996-04-30": {
            "cash": 1,
            "stock": 1.5
        },
        "1997-05-08": {
            "cash": 1,
            "stock": 1
        },
        "1998-05-27": {
            "cash": 0.5,
            "stock": 1
        },
        "1999-05-28": {
            "cash": 0.5,
            "stock": 0.5
        },
        "2000-05-26": {
            "cash": 1,
            "stock": 1
        },
        "2002-07-31": {
            "cash": 1.5,
            "stock": 1.5
        },
        "2003-04-18": {
            "cash": 0.1,
            "stock": 0
        },
        "2004-03-30": {
            "cash": 0.4,
            "stock": 0.2
        },
        "2005-04-26": {
            "cash": 0.2,
            "stock": 0
        },
        "2007-04-30": {
            "cash": 0.6,
            "stock": 0
        },
        "2008-04-29": {
            "cash": 0.2,
            "stock": 0.5
        },
        "2010-04-27": {
            "cash": 0.5,
            "stock": 0.5
        },
        "2011-01-01": {
            "cash": 0.4,
            "stock": 0.4
        },
        "2011-04-29": {
            "cash": 0.6,
            "stock": 0.6
        },
        "2013-04-30": {
            "cash": 1,
            "stock": 0.8
        },
        "2014-09-26": {
            "cash": 0.7,
            "stock": 0
        },
        "2015-09-25": {
            "cash": 0.6,
            "stock": 0
        },
        "2016-09-30": {
            "cash": 0.6,
            "stock": 0.5
        },
        "2017-09-22": {
            "cash": 0.7,
            "stock": 0.7
        },
        "2018-09-07": {
            "cash": 0.8,
            "stock": 0.8
        },
        "2019-09-30": {
            "cash": 0.5,
            "stock": 0
        },
        "2020-09-09": {
            "cash": 1,
            "stock": 1
        },
        "2021-09-08": {
            "cash": 1,
            "stock": 0
        },
        "2022-10-14": {
            "cash": 1,
            "stock": 0.1
        }
    },
    "prices": {
        "200101": "17.66",
        "200102": "18.62",
        "200103": "22.48",
        "200104": "24.43",
        "200105": "21.12",
        "200106": "20.23",
        "200107": "17.17",
        "200108": "17.41",
        "200109": "17.81",
        "200110": "17.01",
        "200111": "18.98",
        "200112": "21.17",
        "200201": "23.02",
        "200202": "21.62",
        "200203": "21.65",
        "200204": "22.14",
        "200205": "19.18",
        "200206": "17.89",
        "200207": "17.78",
        "200208": "16.87",
        "200209": "15.66",
        "200210": "14.11",
        "200211": "14.65",
        "200212": "14.98",
        "200301": "12.62",
        "200302": "10.63",
        "200303": "8.61",
        "200304": "8.22",
        "200305": "7.56",
        "200306": "8.88",
        "200307": "9.81",
        "200308": "8.89",
        "200309": "8.62",
        "200310": "10.13",
        "200311": "11.89",
        "200312": "10.90",
        "200401": "12.03",
        "200402": "16.93",
        "200403": "15.80",
        "200404": "15.13",
        "200405": "12.06",
        "200406": "11.33",
        "200407": "10.89",
        "200408": "10.32",
        "200409": "12.00",
        "200410": "12.76",
        "200411": "11.40",
        "200412": "10.86",
        "200501": "11.67",
        "200502": "10.67",
        "200503": "10.19",
        "200504": "8.54",
        "200505": "8.08",
        "200506": "9.44",
        "200507": "8.88",
        "200508": "7.94",
        "200509": "6.87",
        "200510": "6.91",
        "200511": "7.16",
        "200512": "7.13",
        "200601": "7.02",
        "200602": "6.89",
        "200603": "6.47",
        "200604": "6.59",
        "200605": "9.25",
        "200606": "8.13",
        "200607": "8.01",
        "200608": "7.72",
        "200609": "7.45",
        "200610": "8.93",
        "200611": "9.24",
        "200612": "12.29",
        "200701": "12.40",
        "200702": "12.45",
        "200703": "12.33",
        "200704": "13.48",
        "200705": "14.32",
        "200706": "15.05",
        "200707": "22.73",
        "200708": "21.96",
        "200709": "22.93",
        "200710": "22.85",
        "200711": "21.66",
        "200712": "18.84",
        "200801": "18.68",
        "200802": "19.46",
        "200803": "23.93",
        "200804": "24.71",
        "200805": "20.31",
        "200806": "16.20",
        "200807": "13.56",
        "200808": "12.47",
        "200809": "10.23",
        "200810": "7.54",
        "200811": "8.91",
        "200812": "10.16",
        "200901": "9.83",
        "200902": "8.65",
        "200903": "9.30",
        "200904": "12.07",
        "200905": "13.53",
        "200906": "14.60",
        "200907": "14.23",
        "200908": "13.05",
        "200909": "13.42",
        "200910": "13.89",
        "200911": "16.33",
        "200912": "16.42",
        "201001": "16.88",
        "201002": "15.21",
        "201003": "16.61",
        "201004": "16.73",
        "201005": "14.94",
        "201006": "15.82",
        "201007": "17.04",
        "201008": "21.65",
        "201009": "21.94",
        "201010": "22.15",
        "201011": "22.94",
        "201012": "23.30",
        "201101": "23.81",
        "201102": "21.57",
        "201103": "21.18",
        "201104": "23.17",
        "201105": "24.22",
        "201106": "26.40",
        "201107": "33.73",
        "201108": "33.85",
        "201109": "31.74",
        "201110": "30.66",
        "201111": "31.12",
        "201112": "28.61",
        "201201": "29.16",
        "201202": "32.33",
        "201203": "32.45",
        "201204": "26.71",
        "201205": "21.95",
        "201206": "22.14",
        "201207": "22.87",
        "201208": "27.54",
        "201209": "28.37",
        "201210": "26.86",
        "201211": "26.61",
        "201212": "27.26",
        "201301": "26.95",
        "201302": "26.87",
        "201303": "25.35",
        "201304": "23.30",
        "201305": "24.29",
        "201306": "23.54",
        "201307": "24.12",
        "201308": "21.44",
        "201309": "21.24",
        "201310": "22.50",
        "201311": "22.35",
        "201312": "21.14",
        "201401": "21.33",
        "201402": "20.34",
        "201403": "19.77",
        "201404": "20.50",
        "201405": "19.60",
        "201406": "19.53",
        "201407": "19.80",
        "201408": "19.51",
        "201409": "19.01",
        "201410": "17.84",
        "201411": "18.04",
        "201412": "19.73",
        "201501": "20.24",
        "201502": "20.41",
        "201503": "21.51",
        "201504": "20.50",
        "201505": "20.40",
        "201506": "18.70",
        "201507": "17.89",
        "201508": "18.50",
        "201509": "19.90",
        "201510": "21.46",
        "201511": "22.35",
        "201512": "21.05",
        "201601": "19.65",
        "201602": "19.54",
        "201603": "20.88",
        "201604": "19.32",
        "201605": "18.56",
        "201606": "18.54",
        "201607": "18.90",
        "201608": "19.86",
        "201609": "19.05",
        "201610": "19.32",
        "201611": "20.68",
        "201612": "22.74",
        "201701": "22.78",
        "201702": "24.71",
        "201703": "25.80",
        "201704": "24.24",
        "201705": "22.65",
        "201706": "21.62",
        "201707": "22.21",
        "201708": "22.84",
        "201709": "22.74",
        "201710": "23.42",
        "201711": "25.88",
        "201712": "25.77",
        "201801": "25.72",
        "201802": "24.65",
        "201803": "24.84",
        "201804": "24.53",
        "201805": "24.56",
        "201806": "24.59",
        "201807": "24.70",
        "201808": "24.05",
        "201809": "23.84",
        "201810": "21.72",
        "201811": "19.88",
        "201812": "18.40",
        "201901": "17.36",
        "201902": "17.91",
        "201903": "18.28",
        "201904": "17.62",
        "201905": "17.23",
        "201906": "18.09",
        "201907": "18.13",
        "201908": "17.71",
        "201909": "18.90",
        "201910": "18.94",
        "201911": "20.72",
        "201912": "21.50",
        "202001": "21.76",
        "202002": "22.25",
        "202003": "18.19",
        "202004": "21.15",
        "202005": "21.76",
        "202006": "24.36",
        "202007": "26.42",
        "202008": "25.11",
        "202009": "22.79",
        "202010": "21.57",
        "202011": "21.17",
        "202012": "20.71",
        "202101": "20.43",
        "202102": "20.30",
        "202103": "20.85",
        "202104": "22.36",
        "202105": "21.73",
        "202106": "22.69",
        "202107": "23.02",
        "202108": "22.65",
        "202109": "24.03",
        "202110": "24.09",
        "202111": "23.31",
        "202112": "22.65",
        "202201": "22.12",
        "202202": "21.82",
        "202203": "21.32",
        "202204": "21.48",
        "202205": "19.61",
        "202206": "19.40",
        "202207": "18.64",
        "202208": "18.15",
        "202209": "15.81",
        "202210": "14.25",
        "202211": "14.71",
        "202212": "15.36",
        "202301": "15.34",
        "202302": "16.15",
        "202303": "15.84",
        "202304": "15.24",
        "202305": "15.13",
        "202306": "15.22",
        "202307": "14.82",
        "202308": "14.08",
        "202309": "13.13",
        "202310": "12.57",
        "202311": "13.31",
        "202312": "13.66"
    },
    "quarters": {
        "20011": {
            "year_quarter": 20011,
            "year": 2001,
            "quarter": 1,
            "eps": 4.88,
            "eps_growth_year": 1184.21,
            "eps_4q": 3.27,
            "eps_4q_growth_year": 103.71,
            "roe": 37,
            "roe_4q": 37,
            "gross_profit": 625652,
            "gross_margin": 30.09,
            "gross_margin_4q_avg": 30.09,
            "net_income": 2266225,
            "net_income_4q": null,
            "revenue": 2078972,
            "revenue_4q": null,
            "common_shares": 4647922,
            "book_valuer_per_share": 15.62,
            "book_valuer_per_share_4q_avg": 15.62,
            "equity": 7259416,
            "current_ratio": 91.89,
            "debt_ratio": 37.25,
            "inventory_turnover_ratio": 0.72,
            "account_receivable_turnover_ratio": null,
            "reinvestment_rate": null,
            "research_to_sale_ratio": null,
            "price_fair": 0,
            "eps_avg_yearly": 0,
            "eps_latest_yearly": 0,
            "eps_growth_yearly": 0
        },
        "20012": {
            "year_quarter": 20012,
            "year": 2001,
            "quarter": 2,
            "eps": 0.02,
            "eps_growth_year": -96.08,
            "eps_4q": 2.48,
            "eps_4q_growth_year": 75.14,
            "roe": 0.15,
            "roe_4q": 37.15,
            "gross_profit": 604889,
            "gross_margin": 26.47,
            "gross_margin_4q_avg": 28.28,
            "net_income": 10566,
            "net_income_4q": null,
            "revenue": 2285462,
            "revenue_4q": null,
            "common_shares": 4647922,
            "book_valuer_per_share": 15.63,
            "book_valuer_per_share_4q_avg": 15.63,
            "equity": 7266708,
            "current_ratio": 85.06,
            "debt_ratio": 37.74,
            "inventory_turnover_ratio": 1.58,
            "account_receivable_turnover_ratio": null,
            "reinvestment_rate": null,
            "research_to_sale_ratio": null,
            "price_fair": 0,
            "eps_avg_yearly": 0,
            "eps_latest_yearly": 0,
            "eps_growth_yearly": 0
        },
        "20013": {
            "year_quarter": 20013,
            "year": 2001,
            "quarter": 3,
            "eps": 1.11,
            "eps_growth_year": 484.21,
            "eps_4q": 3.73,
            "eps_4q_growth_year": 155.84,
            "roe": 6.88,
            "roe_4q": 44.03,
            "gross_profit": 581734,
            "gross_margin": 27.25,
            "gross_margin_4q_avg": 27.94,
            "net_income": 515720,
            "net_income_4q": null,
            "revenue": 2134709,
            "revenue_4q": null,
            "common_shares": 4647922,
            "book_valuer_per_share": 16.62,
            "book_valuer_per_share_4q_avg": 15.96,
            "equity": 7724646,
            "current_ratio": 72.78,
            "debt_ratio": 35.25,
            "inventory_turnover_ratio": 1.5,
            "account_receivable_turnover_ratio": null,
            "reinvestment_rate": null,
            "research_to_sale_ratio": null,
            "price_fair": 0,
            "eps_avg_yearly": 0,
            "eps_latest_yearly": 0,
            "eps_growth_yearly": 0
        },
        "20014": {
            "year_quarter": 20014,
            "year": 2001,
            "quarter": 4,
            "eps": -0.84,
            "eps_growth_year": null,
            "eps_4q": 4.78,
            "eps_4q_growth_year": null,
            "roe": -5.18,
            "roe_4q": 38.85,
            "gross_profit": 497439,
            "gross_margin": 25.91,
            "gross_margin_4q_avg": 27.43,
            "net_income": -390719,
            "net_income_4q": null,
            "revenue": 1919715,
            "revenue_4q": null,
            "common_shares": 4647922,
            "book_valuer_per_share": 15.81,
            "book_valuer_per_share_4q_avg": 15.92,
            "equity": 7350614,
            "current_ratio": 127.12,
            "debt_ratio": 56.38,
            "inventory_turnover_ratio": 0.59,
            "account_receivable_turnover_ratio": null,
            "reinvestment_rate": null,
            "research_to_sale_ratio": null,
            "price_fair": 0,
            "eps_avg_yearly": 0,
            "eps_latest_yearly": 0,
            "eps_growth_yearly": 0
        },
        "20021": {
            "year_quarter": 20021,
            "year": 2002,
            "quarter": 1,
            "eps": 0.32,
            "eps_growth_year": -93.44,
            "eps_4q": 0.63,
            "eps_4q_growth_year": -80.75,
            "roe": 1.96,
            "roe_4q": 3.81,
            "gross_profit": 384270,
            "gross_margin": 21.94,
            "gross_margin_4q_avg": 25.39,
            "net_income": 139974,
            "net_income_4q": null,
            "revenue": 1751268,
            "revenue_4q": null,
            "common_shares": 4647922,
            "book_valuer_per_share": 14.9,
            "book_valuer_per_share_4q_avg": 15.74,
            "equity": 6926788,
            "current_ratio": 63.7,
            "debt_ratio": 34.82,
            "inventory_turnover_ratio": 0.64,
            "account_receivable_turnover_ratio": null,
            "reinvestment_rate": null,
            "research_to_sale_ratio": null,
            "price_fair": 0,
            "eps_avg_yearly": 0,
            "eps_latest_yearly": 0,
            "eps_growth_yearly": 0
        },
        "20022": {
            "year_quarter": 20022,
            "year": 2002,
            "quarter": 2,
            "eps": -0.25,
            "eps_growth_year": -1350,
            "eps_4q": 0.34,
            "eps_4q_growth_year": -86.36,
            "roe": -1.56,
            "roe_4q": 2.1000000000000005,
            "gross_profit": 543493,
            "gross_margin": 28.92,
            "gross_margin_4q_avg": 26.01,
            "net_income": -107697,
            "net_income_4q": null,
            "revenue": 1879567,
            "revenue_4q": null,
            "common_shares": 4647922,
            "book_valuer_per_share": 14.74,
            "book_valuer_per_share_4q_avg": 15.52,
            "equity": 6849885,
            "current_ratio": 149.66,
            "debt_ratio": 36.18,
            "inventory_turnover_ratio": 2.2,
            "account_receivable_turnover_ratio": null,
            "reinvestment_rate": null,
            "research_to_sale_ratio": null,
            "price_fair": 0,
            "eps_avg_yearly": 0,
            "eps_latest_yearly": 0,
            "eps_growth_yearly": 0
        },
        "20023": {
            "year_quarter": 20023,
            "year": 2002,
            "quarter": 3,
            "eps": 0.13,
            "eps_growth_year": -88.29,
            "eps_4q": -0.67,
            "eps_4q_growth_year": -118.02,
            "roe": 0.88,
            "roe_4q": -3.9,
            "gross_profit": 786258,
            "gross_margin": 30.83,
            "gross_margin_4q_avg": 26.9,
            "net_income": 58025,
            "net_income_4q": null,
            "revenue": 2549989,
            "revenue_4q": null,
            "common_shares": 4789201,
            "book_valuer_per_share": 13.39,
            "book_valuer_per_share_4q_avg": 14.71,
            "equity": 6411477,
            "current_ratio": 120.23,
            "debt_ratio": 41.58,
            "inventory_turnover_ratio": 1.99,
            "account_receivable_turnover_ratio": null,
            "reinvestment_rate": null,
            "research_to_sale_ratio": null,
            "price_fair": 0,
            "eps_avg_yearly": 0,
            "eps_latest_yearly": 0,
            "eps_growth_yearly": 0
        },
        "20024": {
            "year_quarter": 20024,
            "year": 2002,
            "quarter": 4,
            "eps": 0.5,
            "eps_growth_year": null,
            "eps_4q": 0.68,
            "eps_4q_growth_year": -85.89,
            "roe": 4.04,
            "roe_4q": 5.32,
            "gross_profit": 674530,
            "gross_margin": 31.03,
            "gross_margin_4q_avg": 28.18,
            "net_income": 257768,
            "net_income_4q": null,
            "revenue": 2173855,
            "revenue_4q": null,
            "common_shares": 4789201,
            "book_valuer_per_share": 13.29,
            "book_valuer_per_share_4q_avg": 14.08,
            "equity": 6364137,
            "current_ratio": 135.64,
            "debt_ratio": 60.3,
            "inventory_turnover_ratio": 0.8,
            "account_receivable_turnover_ratio": null,
            "reinvestment_rate": 4.09,
            "research_to_sale_ratio": null,
            "price_fair": 70,
            "eps_avg_yearly": 2,
            "eps_latest_yearly": 2,
            "eps_growth_yearly": 1138.46
        },
        "20031": {
            "year_quarter": 20031,
            "year": 2003,
            "quarter": 1,
            "eps": 0.25,
            "eps_growth_year": -21.88,
            "eps_4q": 0.65,
            "eps_4q_growth_year": 2.91,
            "roe": 2.03,
            "roe_4q": 5.390000000000001,
            "gross_profit": 679390,
            "gross_margin": 31.34,
            "gross_margin_4q_avg": 30.53,
            "net_income": 130624,
            "net_income_4q": null,
            "revenue": 2167898,
            "revenue_4q": null,
            "common_shares": 5507581,
            "book_valuer_per_share": 11.81,
            "book_valuer_per_share_4q_avg": 13.31,
            "equity": 6502911,
            "current_ratio": 111.93,
            "debt_ratio": 41.86,
            "inventory_turnover_ratio": 0.83,
            "account_receivable_turnover_ratio": null,
            "reinvestment_rate": -3.62,
            "research_to_sale_ratio": null,
            "price_fair": 52.5,
            "eps_avg_yearly": 1.5,
            "eps_latest_yearly": 1,
            "eps_growth_yearly": 469.23
        },
        "20032": {
            "year_quarter": 20032,
            "year": 2003,
            "quarter": 2,
            "eps": 0.24,
            "eps_growth_year": null,
            "eps_4q": 1.13,
            "eps_4q_growth_year": 232.51,
            "roe": 1.87,
            "roe_4q": 8.82,
            "gross_profit": 631685,
            "gross_margin": 31.96,
            "gross_margin_4q_avg": 31.29,
            "net_income": 121040,
            "net_income_4q": null,
            "revenue": 1976615,
            "revenue_4q": null,
            "common_shares": 5507581,
            "book_valuer_per_share": 11.64,
            "book_valuer_per_share_4q_avg": 12.53,
            "equity": 6409401,
            "current_ratio": 123.04,
            "debt_ratio": 38.82,
            "inventory_turnover_ratio": 1.49,
            "account_receivable_turnover_ratio": null,
            "reinvestment_rate": -3.86,
            "research_to_sale_ratio": null,
            "price_fair": 46.2,
            "eps_avg_yearly": 1.32,
            "eps_latest_yearly": 0.96,
            "eps_growth_yearly": 307.49
        },
        "20033": {
            "year_quarter": 20033,
            "year": 2003,
            "quarter": 3,
            "eps": 0.13,
            "eps_growth_year": 0,
            "eps_4q": 1.17,
            "eps_4q_growth_year": null,
            "roe": 1,
            "roe_4q": 8.940000000000001,
            "gross_profit": 749301,
            "gross_margin": 34.81,
            "gross_margin_4q_avg": 32.29,
            "net_income": 63597,
            "net_income_4q": null,
            "revenue": 2152364,
            "revenue_4q": null,
            "common_shares": 5307581,
            "book_valuer_per_share": 11.99,
            "book_valuer_per_share_4q_avg": 12.18,
            "equity": 6362641,
            "current_ratio": 133.09,
            "debt_ratio": 40.23,
            "inventory_turnover_ratio": 1.61,
            "account_receivable_turnover_ratio": null,
            "reinvestment_rate": -4.07,
            "research_to_sale_ratio": null,
            "price_fair": 39.2,
            "eps_avg_yearly": 1.12,
            "eps_latest_yearly": 0.52,
            "eps_growth_yearly": 184.78
        },
        "20034": {
            "year_quarter": 20034,
            "year": 2003,
            "quarter": 4,
            "eps": 0.39,
            "eps_growth_year": -22,
            "eps_4q": 1.02,
            "eps_4q_growth_year": 50.76,
            "roe": 3.04,
            "roe_4q": 7.9399999999999995,
            "gross_profit": 662801,
            "gross_margin": 30.44,
            "gross_margin_4q_avg": 32.14,
            "net_income": 195818,
            "net_income_4q": null,
            "revenue": 2177182,
            "revenue_4q": null,
            "common_shares": 5307581,
            "book_valuer_per_share": 12.28,
            "book_valuer_per_share_4q_avg": 11.93,
            "equity": 6516274,
            "current_ratio": 154.45,
            "debt_ratio": 60.04,
            "inventory_turnover_ratio": 0.87,
            "account_receivable_turnover_ratio": null,
            "reinvestment_rate": 0.25,
            "research_to_sale_ratio": null,
            "price_fair": 42.28,
            "eps_avg_yearly": 1.21,
            "eps_latest_yearly": 1.56,
            "eps_growth_yearly": 307.83
        },
        "20041": {
            "year_quarter": 20041,
            "year": 2004,
            "quarter": 1,
            "eps": 0.38,
            "eps_growth_year": 52,
            "eps_4q": 1.15,
            "eps_4q_growth_year": 77.7,
            "roe": 2.81,
            "roe_4q": 8.719999999999999,
            "gross_profit": 700353,
            "gross_margin": 31.3,
            "gross_margin_4q_avg": 32.13,
            "net_income": 187272,
            "net_income_4q": null,
            "revenue": 2237637,
            "revenue_4q": null,
            "common_shares": 5307581,
            "book_valuer_per_share": 12.86,
            "book_valuer_per_share_4q_avg": 12.19,
            "equity": 6826265,
            "current_ratio": 131.29,
            "debt_ratio": 40.62,
            "inventory_turnover_ratio": 0.83,
            "account_receivable_turnover_ratio": null,
            "reinvestment_rate": -8,
            "research_to_sale_ratio": null,
            "price_fair": 44.1,
            "eps_avg_yearly": 1.26,
            "eps_latest_yearly": 1.52,
            "eps_growth_yearly": 254.81
        },
        "20042": {
            "year_quarter": 20042,
            "year": 2004,
            "quarter": 2,
            "eps": -0.11,
            "eps_growth_year": -145.83,
            "eps_4q": 0.72,
            "eps_4q_growth_year": -36,
            "roe": -0.85,
            "roe_4q": 6,
            "gross_profit": 682058,
            "gross_margin": 30.06,
            "gross_margin_4q_avg": 31.65,
            "net_income": -56855,
            "net_income_4q": null,
            "revenue": 2268935,
            "revenue_4q": null,
            "common_shares": 5413733,
            "book_valuer_per_share": 12.1,
            "book_valuer_per_share_4q_avg": 12.31,
            "equity": 6551132,
            "current_ratio": 106.3,
            "debt_ratio": 43.1,
            "inventory_turnover_ratio": 1.46,
            "account_receivable_turnover_ratio": null,
            "reinvestment_rate": -8.95,
            "research_to_sale_ratio": null,
            "price_fair": 44.1,
            "eps_avg_yearly": 1.26,
            "eps_latest_yearly": 1.52,
            "eps_growth_yearly": 254.81
        },
        "20043": {
            "year_quarter": 20043,
            "year": 2004,
            "quarter": 3,
            "eps": 0.25,
            "eps_growth_year": 92.31,
            "eps_4q": 0.89,
            "eps_4q_growth_year": -24.04,
            "roe": 1.93,
            "roe_4q": 6.93,
            "gross_profit": 736915,
            "gross_margin": 40.59,
            "gross_margin_4q_avg": 33.1,
            "net_income": 127475,
            "net_income_4q": null,
            "revenue": 1815489,
            "revenue_4q": null,
            "common_shares": 5413733,
            "book_valuer_per_share": 12.36,
            "book_valuer_per_share_4q_avg": 12.4,
            "equity": 6691054,
            "current_ratio": 68.78,
            "debt_ratio": 39.26,
            "inventory_turnover_ratio": 1.05,
            "account_receivable_turnover_ratio": null,
            "reinvestment_rate": -10.15,
            "research_to_sale_ratio": null,
            "price_fair": 44.1,
            "eps_avg_yearly": 1.26,
            "eps_latest_yearly": 1.52,
            "eps_growth_yearly": 254.81
        },
        "20044": {
            "year_quarter": 20044,
            "year": 2004,
            "quarter": 4,
            "eps": -0.02,
            "eps_growth_year": -105.13,
            "eps_4q": 0.46,
            "eps_4q_growth_year": -54.91,
            "roe": -0.15,
            "roe_4q": 3.74,
            "gross_profit": 608675,
            "gross_margin": 32.11,
            "gross_margin_4q_avg": 33.52,
            "net_income": -10939,
            "net_income_4q": null,
            "revenue": 1895524,
            "revenue_4q": null,
            "common_shares": 5413733,
            "book_valuer_per_share": 12.29,
            "book_valuer_per_share_4q_avg": 12.4,
            "equity": 8195207,
            "current_ratio": 136.52,
            "debt_ratio": 53,
            "inventory_turnover_ratio": 0.55,
            "account_receivable_turnover_ratio": null,
            "reinvestment_rate": -5.29,
            "research_to_sale_ratio": null,
            "price_fair": 44.1,
            "eps_avg_yearly": 1.26,
            "eps_latest_yearly": 1.52,
            "eps_growth_yearly": 254.81
        },
        "20051": {
            "year_quarter": 20051,
            "year": 2005,
            "quarter": 1,
            "eps": -0.77,
            "eps_growth_year": -302.63,
            "eps_4q": -0.65,
            "eps_4q_growth_year": -156.56,
            "roe": -5.37,
            "roe_4q": -4.44,
            "gross_profit": 692523,
            "gross_margin": 32.54,
            "gross_margin_4q_avg": 33.83,
            "net_income": -388120,
            "net_income_4q": null,
            "revenue": 2128472,
            "revenue_4q": null,
            "common_shares": 5413733,
            "book_valuer_per_share": 11.57,
            "book_valuer_per_share_4q_avg": 12.08,
            "equity": 6262739,
            "current_ratio": 101.11,
            "debt_ratio": 43.59,
            "inventory_turnover_ratio": 0.61,
            "account_receivable_turnover_ratio": null,
            "reinvestment_rate": -26.64,
            "research_to_sale_ratio": null,
            "price_fair": 44.1,
            "eps_avg_yearly": 1.26,
            "eps_latest_yearly": 1.52,
            "eps_growth_yearly": 254.81
        },
        "20052": {
            "year_quarter": 20052,
            "year": 2005,
            "quarter": 2,
            "eps": -0.13,
            "eps_growth_year": null,
            "eps_4q": -0.63,
            "eps_4q_growth_year": -186.93,
            "roe": -1.09,
            "roe_4q": -4.680000000000001,
            "gross_profit": 648836,
            "gross_margin": 32.98,
            "gross_margin_4q_avg": 34.56,
            "net_income": -67285,
            "net_income_4q": null,
            "revenue": 1967428,
            "revenue_4q": null,
            "common_shares": 5413733,
            "book_valuer_per_share": 11.23,
            "book_valuer_per_share_4q_avg": 11.86,
            "equity": 6080508,
            "current_ratio": 117.15,
            "debt_ratio": 47.68,
            "inventory_turnover_ratio": 1.3,
            "account_receivable_turnover_ratio": null,
            "reinvestment_rate": -25.42,
            "research_to_sale_ratio": null,
            "price_fair": 44.1,
            "eps_avg_yearly": 1.26,
            "eps_latest_yearly": 1.52,
            "eps_growth_yearly": 254.81
        },
        "20053": {
            "year_quarter": 20053,
            "year": 2005,
            "quarter": 3,
            "eps": -0.22,
            "eps_growth_year": -188,
            "eps_4q": -1.07,
            "eps_4q_growth_year": -219.89,
            "roe": -1.85,
            "roe_4q": -8.46,
            "gross_profit": 718899,
            "gross_margin": 31.48,
            "gross_margin_4q_avg": 32.28,
            "net_income": -111195,
            "net_income_4q": null,
            "revenue": 2283768,
            "revenue_4q": null,
            "common_shares": 5413733,
            "book_valuer_per_share": 11.03,
            "book_valuer_per_share_4q_avg": 11.53,
            "equity": 5971718,
            "current_ratio": 87.2,
            "debt_ratio": 42.67,
            "inventory_turnover_ratio": 1.51,
            "account_receivable_turnover_ratio": null,
            "reinvestment_rate": -235.66,
            "research_to_sale_ratio": null,
            "price_fair": 44.1,
            "eps_avg_yearly": 1.26,
            "eps_latest_yearly": 1.52,
            "eps_growth_yearly": 254.81
        },
        "20054": {
            "year_quarter": 20054,
            "year": 2005,
            "quarter": 4,
            "eps": 0.29,
            "eps_growth_year": null,
            "eps_4q": -0.85,
            "eps_4q_growth_year": -285.9,
            "roe": 1.6,
            "roe_4q": -6.71,
            "gross_profit": 628944,
            "gross_margin": 30.77,
            "gross_margin_4q_avg": 31.94,
            "net_income": 143734,
            "net_income_4q": null,
            "revenue": 2043927,
            "revenue_4q": null,
            "common_shares": 5413733,
            "book_valuer_per_share": 11.05,
            "book_valuer_per_share_4q_avg": 11.22,
            "equity": 11965443,
            "current_ratio": 269.21,
            "debt_ratio": 84.5,
            "inventory_turnover_ratio": 0.43,
            "account_receivable_turnover_ratio": null,
            "reinvestment_rate": 793.9,
            "research_to_sale_ratio": null,
            "price_fair": 44.1,
            "eps_avg_yearly": 1.26,
            "eps_latest_yearly": 1.52,
            "eps_growth_yearly": 254.81
        },
        "20061": {
            "year_quarter": 20061,
            "year": 2006,
            "quarter": 1,
            "eps": 0.71,
            "eps_growth_year": null,
            "eps_4q": 0.64,
            "eps_4q_growth_year": null,
            "roe": 3.79,
            "roe_4q": 2.45,
            "gross_profit": 641111,
            "gross_margin": 30.99,
            "gross_margin_4q_avg": 31.56,
            "net_income": 346960,
            "net_income_4q": null,
            "revenue": 2068883,
            "revenue_4q": null,
            "common_shares": 5413733,
            "book_valuer_per_share": 11.69,
            "book_valuer_per_share_4q_avg": 11.25,
            "equity": 6331304,
            "current_ratio": 209.71,
            "debt_ratio": 45.42,
            "inventory_turnover_ratio": 0.42,
            "account_receivable_turnover_ratio": null,
            "reinvestment_rate": -55.57,
            "research_to_sale_ratio": null,
            "price_fair": 52,
            "eps_avg_yearly": 1.49,
            "eps_latest_yearly": 2.84,
            "eps_growth_yearly": 301.17
        },
        "20062": {
            "year_quarter": 20062,
            "year": 2006,
            "quarter": 2,
            "eps": 0.23,
            "eps_growth_year": null,
            "eps_4q": 1.01,
            "eps_4q_growth_year": null,
            "roe": 1.73,
            "roe_4q": 5.27,
            "gross_profit": 631753,
            "gross_margin": 30.9,
            "gross_margin_4q_avg": 31.04,
            "net_income": 111589,
            "net_income_4q": null,
            "revenue": 2044692,
            "revenue_4q": null,
            "common_shares": 5413733,
            "book_valuer_per_share": 12.12,
            "book_valuer_per_share_4q_avg": 11.47,
            "equity": 6559060,
            "current_ratio": 199.53,
            "debt_ratio": 44.28,
            "inventory_turnover_ratio": 1.16,
            "account_receivable_turnover_ratio": null,
            "reinvestment_rate": -41.45,
            "research_to_sale_ratio": null,
            "price_fair": 49.53,
            "eps_avg_yearly": 1.42,
            "eps_latest_yearly": 0.92,
            "eps_growth_yearly": 229.72
        },
        "20063": {
            "year_quarter": 20063,
            "year": 2006,
            "quarter": 3,
            "eps": 0.08,
            "eps_growth_year": null,
            "eps_4q": 1.29,
            "eps_4q_growth_year": null,
            "roe": 0.6,
            "roe_4q": 7.720000000000001,
            "gross_profit": 673753,
            "gross_margin": 31.39,
            "gross_margin_4q_avg": 31.01,
            "net_income": 39710,
            "net_income_4q": null,
            "revenue": 2146381,
            "revenue_4q": null,
            "common_shares": 5413733,
            "book_valuer_per_share": 12.19,
            "book_valuer_per_share_4q_avg": 11.76,
            "equity": 6600407,
            "current_ratio": 203.43,
            "debt_ratio": 43.64,
            "inventory_turnover_ratio": 1.3,
            "account_receivable_turnover_ratio": null,
            "reinvestment_rate": -49.14,
            "research_to_sale_ratio": null,
            "price_fair": 45.27,
            "eps_avg_yearly": 1.29,
            "eps_latest_yearly": 0.32,
            "eps_growth_yearly": 175.21
        },
        "20064": {
            "year_quarter": 20064,
            "year": 2006,
            "quarter": 4,
            "eps": 0.52,
            "eps_growth_year": 79.31,
            "eps_4q": 1.53,
            "eps_4q_growth_year": null,
            "roe": 2.57,
            "roe_4q": 8.690000000000001,
            "gross_profit": 579430,
            "gross_margin": 27.89,
            "gross_margin_4q_avg": 30.29,
            "net_income": 257463,
            "net_income_4q": null,
            "revenue": 2077193,
            "revenue_4q": null,
            "common_shares": 5413733,
            "book_valuer_per_share": 13.49,
            "book_valuer_per_share_4q_avg": 12.37,
            "equity": 13432932,
            "current_ratio": 260.42,
            "debt_ratio": 85.87,
            "inventory_turnover_ratio": 0.43,
            "account_receivable_turnover_ratio": null,
            "reinvestment_rate": 444.08,
            "research_to_sale_ratio": null,
            "price_fair": 45.58,
            "eps_avg_yearly": 1.3,
            "eps_latest_yearly": 2.08,
            "eps_growth_yearly": 293.16
        },
        "20071": {
            "year_quarter": 20071,
            "year": 2007,
            "quarter": 1,
            "eps": 0.86,
            "eps_growth_year": 21.13,
            "eps_4q": 1.69,
            "eps_4q_growth_year": 164.98,
            "roe": 3.97,
            "roe_4q": 8.87,
            "gross_profit": 686879,
            "gross_margin": 30.08,
            "gross_margin_4q_avg": 30.07,
            "net_income": 422029,
            "net_income_4q": null,
            "revenue": 2283618,
            "revenue_4q": null,
            "common_shares": 5413733,
            "book_valuer_per_share": 14.5,
            "book_valuer_per_share_4q_avg": 13.08,
            "equity": 7847433,
            "current_ratio": 184.47,
            "debt_ratio": 39.39,
            "inventory_turnover_ratio": 0.45,
            "account_receivable_turnover_ratio": null,
            "reinvestment_rate": -32.88,
            "research_to_sale_ratio": null,
            "price_fair": 55.07,
            "eps_avg_yearly": 1.57,
            "eps_latest_yearly": 3.44,
            "eps_growth_yearly": 344.44
        },
        "20072": {
            "year_quarter": 20072,
            "year": 2007,
            "quarter": 2,
            "eps": 0.96,
            "eps_growth_year": 317.39,
            "eps_4q": 2.42,
            "eps_4q_growth_year": 139.39,
            "roe": 5.95,
            "roe_4q": 13.09,
            "gross_profit": 691796,
            "gross_margin": 30.99,
            "gross_margin_4q_avg": 30.09,
            "net_income": 471907,
            "net_income_4q": null,
            "revenue": 2232251,
            "revenue_4q": null,
            "common_shares": 5413733,
            "book_valuer_per_share": 14.8,
            "book_valuer_per_share_4q_avg": 13.75,
            "equity": 8014597,
            "current_ratio": 86.56,
            "debt_ratio": 40.89,
            "inventory_turnover_ratio": 1.31,
            "account_receivable_turnover_ratio": null,
            "reinvestment_rate": -26.09,
            "research_to_sale_ratio": null,
            "price_fair": 66.27,
            "eps_avg_yearly": 1.89,
            "eps_latest_yearly": 3.84,
            "eps_growth_yearly": 351.39
        },
        "20073": {
            "year_quarter": 20073,
            "year": 2007,
            "quarter": 3,
            "eps": 1.02,
            "eps_growth_year": 1175,
            "eps_4q": 3.36,
            "eps_4q_growth_year": 159.49,
            "roe": 6.06,
            "roe_4q": 18.55,
            "gross_profit": 728189,
            "gross_margin": 33.01,
            "gross_margin_4q_avg": 30.49,
            "net_income": 502711,
            "net_income_4q": null,
            "revenue": 2205980,
            "revenue_4q": null,
            "common_shares": 5413733,
            "book_valuer_per_share": 15.85,
            "book_valuer_per_share_4q_avg": 14.66,
            "equity": 8580777,
            "current_ratio": 82.37,
            "debt_ratio": 39.43,
            "inventory_turnover_ratio": 1.23,
            "account_receivable_turnover_ratio": null,
            "reinvestment_rate": -20.52,
            "research_to_sale_ratio": null,
            "price_fair": 80.11,
            "eps_avg_yearly": 2.29,
            "eps_latest_yearly": 4.08,
            "eps_growth_yearly": 374.53
        },
        "20074": {
            "year_quarter": 20074,
            "year": 2007,
            "quarter": 4,
            "eps": -1.79,
            "eps_growth_year": -444.23,
            "eps_4q": 0.61,
            "eps_4q_growth_year": -59.96,
            "roe": -7.66,
            "roe_4q": 8.32,
            "gross_profit": 660844,
            "gross_margin": 30.9,
            "gross_margin_4q_avg": 31.25,
            "net_income": -879603,
            "net_income_4q": null,
            "revenue": 2138887,
            "revenue_4q": null,
            "common_shares": 5413733,
            "book_valuer_per_share": 13.66,
            "book_valuer_per_share_4q_avg": 14.7,
            "equity": 14397252,
            "current_ratio": 248.94,
            "debt_ratio": 87.29,
            "inventory_turnover_ratio": 0.53,
            "account_receivable_turnover_ratio": null,
            "reinvestment_rate": 445.56,
            "research_to_sale_ratio": null,
            "price_fair": 83.3,
            "eps_avg_yearly": 2.38,
            "eps_latest_yearly": 4.08,
            "eps_growth_yearly": 321.35
        },
        "20081": {
            "year_quarter": 20081,
            "year": 2008,
            "quarter": 1,
            "eps": 0.37,
            "eps_growth_year": -56.98,
            "eps_4q": 0.95,
            "eps_4q_growth_year": -43.61,
            "roe": 0.73,
            "roe_4q": 5.08,
            "gross_profit": 2205180,
            "gross_margin": 13.98,
            "gross_margin_4q_avg": 27.22,
            "net_income": 107915,
            "net_income_4q": null,
            "revenue": 15776129,
            "revenue_4q": null,
            "common_shares": 5413733,
            "book_valuer_per_share": 13.68,
            "book_valuer_per_share_4q_avg": 14.5,
            "equity": 15062048,
            "current_ratio": 253.75,
            "debt_ratio": 87.08,
            "inventory_turnover_ratio": 3.5,
            "account_receivable_turnover_ratio": null,
            "reinvestment_rate": 545.22,
            "research_to_sale_ratio": null,
            "price_fair": 87.6,
            "eps_avg_yearly": 2.5,
            "eps_latest_yearly": 4.08,
            "eps_growth_yearly": 368.72
        },
        "20082": {
            "year_quarter": 20082,
            "year": 2008,
            "quarter": 2,
            "eps": 0.12,
            "eps_growth_year": -87.5,
            "eps_4q": -0.07,
            "eps_4q_growth_year": -102.76,
            "roe": 1.98,
            "roe_4q": 1.1099999999999994,
            "gross_profit": 1935546,
            "gross_margin": 14.82,
            "gross_margin_4q_avg": 23.18,
            "net_income": 243502,
            "net_income_4q": null,
            "revenue": 13061156,
            "revenue_4q": null,
            "common_shares": 5413733,
            "book_valuer_per_share": 12.26,
            "book_valuer_per_share_4q_avg": 13.86,
            "equity": 9502543,
            "current_ratio": 337.9,
            "debt_ratio": 91.13,
            "inventory_turnover_ratio": 3.55,
            "account_receivable_turnover_ratio": null,
            "reinvestment_rate": 291.52,
            "research_to_sale_ratio": null,
            "price_fair": 78.75,
            "eps_avg_yearly": 2.25,
            "eps_latest_yearly": 0.48,
            "eps_growth_yearly": 288.85
        },
        "20083": {
            "year_quarter": 20083,
            "year": 2008,
            "quarter": 3,
            "eps": 0.47,
            "eps_growth_year": -53.92,
            "eps_4q": -0.63,
            "eps_4q_growth_year": -118.77,
            "roe": 3.26,
            "roe_4q": -1.6899999999999995,
            "gross_profit": 2205123,
            "gross_margin": 17.1,
            "gross_margin_4q_avg": 19.2,
            "net_income": 295442,
            "net_income_4q": null,
            "revenue": 12897701,
            "revenue_4q": null,
            "common_shares": 5678649,
            "book_valuer_per_share": 10.26,
            "book_valuer_per_share_4q_avg": 12.47,
            "equity": 8637276,
            "current_ratio": 290.74,
            "debt_ratio": 92.07,
            "inventory_turnover_ratio": 3.71,
            "account_receivable_turnover_ratio": null,
            "reinvestment_rate": 271.82,
            "research_to_sale_ratio": null,
            "price_fair": 77.31,
            "eps_avg_yearly": 2.21,
            "eps_latest_yearly": 1.88,
            "eps_growth_yearly": 386.38
        },
        "20084": {
            "year_quarter": 20084,
            "year": 2008,
            "quarter": 4,
            "eps": -0.61,
            "eps_growth_year": null,
            "eps_4q": 0.15,
            "eps_4q_growth_year": -75.58,
            "roe": -3.3,
            "roe_4q": 2.67,
            "gross_profit": 1803733,
            "gross_margin": 13.06,
            "gross_margin_4q_avg": 14.74,
            "net_income": -271514,
            "net_income_4q": null,
            "revenue": 13811921,
            "revenue_4q": null,
            "common_shares": 5479739,
            "book_valuer_per_share": 9.11,
            "book_valuer_per_share_4q_avg": 11.33,
            "equity": 7816366,
            "current_ratio": 272.79,
            "debt_ratio": 92.83,
            "inventory_turnover_ratio": 3.98,
            "account_receivable_turnover_ratio": 12.7,
            "reinvestment_rate": 262.34,
            "research_to_sale_ratio": null,
            "price_fair": 77.31,
            "eps_avg_yearly": 2.21,
            "eps_latest_yearly": 1.88,
            "eps_growth_yearly": 386.38
        },
        "20091": {
            "year_quarter": 20091,
            "year": 2009,
            "quarter": 1,
            "eps": 0.2,
            "eps_growth_year": -45.95,
            "eps_4q": 0.11,
            "eps_4q_growth_year": -88.26,
            "roe": 1.91,
            "roe_4q": 3.8499999999999996,
            "gross_profit": 1574151,
            "gross_margin": 8.74,
            "gross_margin_4q_avg": 13.43,
            "net_income": 150707,
            "net_income_4q": null,
            "revenue": 18020781,
            "revenue_4q": null,
            "common_shares": 5479739,
            "book_valuer_per_share": 9.43,
            "book_valuer_per_share_4q_avg": 10.27,
            "equity": 7959892,
            "current_ratio": 281.83,
            "debt_ratio": 93.38,
            "inventory_turnover_ratio": 5.3,
            "account_receivable_turnover_ratio": 8.2,
            "reinvestment_rate": 218.22,
            "research_to_sale_ratio": null,
            "price_fair": 77.31,
            "eps_avg_yearly": 2.21,
            "eps_latest_yearly": 1.88,
            "eps_growth_yearly": 386.38
        },
        "20092": {
            "year_quarter": 20092,
            "year": 2009,
            "quarter": 2,
            "eps": 0.29,
            "eps_growth_year": 141.67,
            "eps_4q": 0.35,
            "eps_4q_growth_year": null,
            "roe": 1.69,
            "roe_4q": 3.5599999999999996,
            "gross_profit": 1722778,
            "gross_margin": 11.9,
            "gross_margin_4q_avg": 12.7,
            "net_income": 141771,
            "net_income_4q": null,
            "revenue": 14478597,
            "revenue_4q": null,
            "common_shares": 5479739,
            "book_valuer_per_share": 11.49,
            "book_valuer_per_share_4q_avg": 10.07,
            "equity": 8818254,
            "current_ratio": 363.95,
            "debt_ratio": 92.83,
            "inventory_turnover_ratio": 4.24,
            "account_receivable_turnover_ratio": 6.77,
            "reinvestment_rate": 205.19,
            "research_to_sale_ratio": null,
            "price_fair": 73.64,
            "eps_avg_yearly": 2.1,
            "eps_latest_yearly": 1.16,
            "eps_growth_yearly": 365.75
        },
        "20093": {
            "year_quarter": 20093,
            "year": 2009,
            "quarter": 3,
            "eps": 1.12,
            "eps_growth_year": 138.3,
            "eps_4q": 0.81,
            "eps_4q_growth_year": null,
            "roe": 7.21,
            "roe_4q": 7.510000000000001,
            "gross_profit": 1698549,
            "gross_margin": 14.76,
            "gross_margin_4q_avg": 12.12,
            "net_income": 681710,
            "net_income_4q": null,
            "revenue": 11504470,
            "revenue_4q": null,
            "common_shares": 5479739,
            "book_valuer_per_share": 13.86,
            "book_valuer_per_share_4q_avg": 10.97,
            "equity": 10088448,
            "current_ratio": 373.06,
            "debt_ratio": 92.27,
            "inventory_turnover_ratio": 3.14,
            "account_receivable_turnover_ratio": 5.25,
            "reinvestment_rate": 144.65,
            "research_to_sale_ratio": null,
            "price_fair": 81.2,
            "eps_avg_yearly": 2.32,
            "eps_latest_yearly": 4.48,
            "eps_growth_yearly": 436.57
        },
        "20094": {
            "year_quarter": 20094,
            "year": 2009,
            "quarter": 4,
            "eps": -0.09,
            "eps_growth_year": null,
            "eps_4q": 1.52,
            "eps_4q_growth_year": 917.87,
            "roe": -1.57,
            "roe_4q": 9.24,
            "gross_profit": 1170511,
            "gross_margin": 6.22,
            "gross_margin_4q_avg": 10.41,
            "net_income": -159804,
            "net_income_4q": null,
            "revenue": 18811701,
            "revenue_4q": null,
            "common_shares": 5479739,
            "book_valuer_per_share": 15.52,
            "book_valuer_per_share_4q_avg": 12.58,
            "equity": 10265049,
            "current_ratio": 376.44,
            "debt_ratio": 92.45,
            "inventory_turnover_ratio": 5.48,
            "account_receivable_turnover_ratio": 16.4,
            "reinvestment_rate": 243.93,
            "research_to_sale_ratio": null,
            "price_fair": 81.2,
            "eps_avg_yearly": 2.32,
            "eps_latest_yearly": 4.48,
            "eps_growth_yearly": 436.57
        },
        "20101": {
            "year_quarter": 20101,
            "year": 2010,
            "quarter": 1,
            "eps": 0.14,
            "eps_growth_year": -30,
            "eps_4q": 1.46,
            "eps_4q_growth_year": 1203.92,
            "roe": 0.91,
            "roe_4q": 8.24,
            "gross_profit": 625340,
            "gross_margin": 3.14,
            "gross_margin_4q_avg": 9.01,
            "net_income": 93078,
            "net_income_4q": null,
            "revenue": 19924426,
            "revenue_4q": null,
            "common_shares": 5479739,
            "book_valuer_per_share": 15.18,
            "book_valuer_per_share_4q_avg": 14.01,
            "equity": 10153563,
            "current_ratio": 406.74,
            "debt_ratio": 92.96,
            "inventory_turnover_ratio": 6.18,
            "account_receivable_turnover_ratio": 8.76,
            "reinvestment_rate": 573.71,
            "research_to_sale_ratio": 0.14,
            "price_fair": 79.38,
            "eps_avg_yearly": 2.27,
            "eps_latest_yearly": 4.48,
            "eps_growth_yearly": 422.3
        },
        "20102": {
            "year_quarter": 20102,
            "year": 2010,
            "quarter": 2,
            "eps": 0.56,
            "eps_growth_year": 91.43,
            "eps_4q": 1.67,
            "eps_4q_growth_year": 374.62,
            "roe": 3.15,
            "roe_4q": 9.7,
            "gross_profit": 546423,
            "gross_margin": 3.76,
            "gross_margin_4q_avg": 6.97,
            "net_income": 316458,
            "net_income_4q": null,
            "revenue": 14531947,
            "revenue_4q": null,
            "common_shares": 5479739,
            "book_valuer_per_share": 14.92,
            "book_valuer_per_share_4q_avg": 14.87,
            "equity": 9936717,
            "current_ratio": 406.92,
            "debt_ratio": 93.22,
            "inventory_turnover_ratio": 4.63,
            "account_receivable_turnover_ratio": 6.42,
            "reinvestment_rate": 542.71,
            "research_to_sale_ratio": 0.23,
            "price_fair": 84,
            "eps_avg_yearly": 2.4,
            "eps_latest_yearly": 2.24,
            "eps_growth_yearly": 569.34
        },
        "20103": {
            "year_quarter": 20103,
            "year": 2010,
            "quarter": 3,
            "eps": 0.91,
            "eps_growth_year": -19.05,
            "eps_4q": 1.51,
            "eps_4q_growth_year": 86.4,
            "roe": 4.84,
            "roe_4q": 7.33,
            "gross_profit": 644574,
            "gross_margin": 4.15,
            "gross_margin_4q_avg": 4.32,
            "net_income": 517891,
            "net_income_4q": null,
            "revenue": 15536702,
            "revenue_4q": null,
            "common_shares": 5749732,
            "book_valuer_per_share": 16.72,
            "book_valuer_per_share_4q_avg": 15.59,
            "equity": 11478651,
            "current_ratio": 480.04,
            "debt_ratio": 92.52,
            "inventory_turnover_ratio": 5.08,
            "account_receivable_turnover_ratio": 7.03,
            "reinvestment_rate": 503.15,
            "research_to_sale_ratio": 0.21,
            "price_fair": 95.62,
            "eps_avg_yearly": 2.73,
            "eps_latest_yearly": 3.64,
            "eps_growth_yearly": 620.43
        },
        "20104": {
            "year_quarter": 20104,
            "year": 2010,
            "quarter": 4,
            "eps": -0.88,
            "eps_growth_year": null,
            "eps_4q": 0.72,
            "eps_4q_growth_year": -52.28,
            "roe": 1.08,
            "roe_4q": 9.98,
            "gross_profit": 3978683,
            "gross_margin": 3.42,
            "gross_margin_4q_avg": 3.62,
            "net_income": 157726,
            "net_income_4q": null,
            "revenue": 116440735,
            "revenue_4q": null,
            "common_shares": 5749732,
            "book_valuer_per_share": 17.78,
            "book_valuer_per_share_4q_avg": 16.15,
            "equity": 17692661,
            "current_ratio": 917.49,
            "debt_ratio": 96.2,
            "inventory_turnover_ratio": 41.23,
            "account_receivable_turnover_ratio": 43.3,
            "reinvestment_rate": 633.24,
            "research_to_sale_ratio": 0.03,
            "price_fair": 98.16,
            "eps_avg_yearly": 2.8,
            "eps_latest_yearly": 3.64,
            "eps_growth_yearly": 444.92
        },
        "20111": {
            "year_quarter": 20111,
            "year": 2011,
            "quarter": 1,
            "eps": 0.36,
            "eps_growth_year": 157.14,
            "eps_4q": 0.96,
            "eps_4q_growth_year": -34.56,
            "roe": 2.07,
            "roe_4q": 11.14,
            "gross_profit": 808218,
            "gross_margin": 1.93,
            "gross_margin_4q_avg": 3.32,
            "net_income": 352642,
            "net_income_4q": null,
            "revenue": 41885936,
            "revenue_4q": null,
            "common_shares": 5749732,
            "book_valuer_per_share": 15.94,
            "book_valuer_per_share_4q_avg": 16.34,
            "equity": 16326701,
            "current_ratio": 403.91,
            "debt_ratio": 96.62,
            "inventory_turnover_ratio": 16.98,
            "account_receivable_turnover_ratio": 10.25,
            "reinvestment_rate": 1002.49,
            "research_to_sale_ratio": 0.07,
            "price_fair": 95.38,
            "eps_avg_yearly": 2.73,
            "eps_latest_yearly": 3.64,
            "eps_growth_yearly": 467.84
        },
        "20112": {
            "year_quarter": 20112,
            "year": 2011,
            "quarter": 2,
            "eps": 1.47,
            "eps_growth_year": 164.11,
            "eps_4q": 1.84,
            "eps_4q_growth_year": 10.34,
            "roe": 6.5,
            "roe_4q": 14.49,
            "gross_profit": 824173,
            "gross_margin": 2.86,
            "gross_margin_4q_avg": 3.09,
            "net_income": 1045127,
            "net_income_4q": null,
            "revenue": 28836738,
            "revenue_4q": null,
            "common_shares": 5749732,
            "book_valuer_per_share": 16.41,
            "book_valuer_per_share_4q_avg": 16.71,
            "equity": 15813128,
            "current_ratio": 640.54,
            "debt_ratio": 96.83,
            "inventory_turnover_ratio": 11.9,
            "account_receivable_turnover_ratio": 8.72,
            "reinvestment_rate": 861.83,
            "research_to_sale_ratio": 0.11,
            "price_fair": 104.3,
            "eps_avg_yearly": 2.98,
            "eps_latest_yearly": 5.88,
            "eps_growth_yearly": 616.19
        },
        "20113": {
            "year_quarter": 20113,
            "year": 2011,
            "quarter": 3,
            "eps": 0.76,
            "eps_growth_year": -16.3,
            "eps_4q": 1.72,
            "eps_4q_growth_year": 14.25,
            "roe": 5.31,
            "roe_4q": 14.959999999999999,
            "gross_profit": 772722,
            "gross_margin": 2.3,
            "gross_margin_4q_avg": 2.63,
            "net_income": 769760,
            "net_income_4q": null,
            "revenue": 33542999,
            "revenue_4q": null,
            "common_shares": 6089923,
            "book_valuer_per_share": 12.43,
            "book_valuer_per_share_4q_avg": 15.64,
            "equity": 13180384,
            "current_ratio": 574.34,
            "debt_ratio": 97.38,
            "inventory_turnover_ratio": 12.4,
            "account_receivable_turnover_ratio": 19.47,
            "reinvestment_rate": 813.24,
            "research_to_sale_ratio": 0.1,
            "price_fair": 99.75,
            "eps_avg_yearly": 2.85,
            "eps_latest_yearly": 3.04,
            "eps_growth_yearly": 588.92
        },
        "20114": {
            "year_quarter": 20114,
            "year": 2011,
            "quarter": 4,
            "eps": -0.62,
            "eps_growth_year": null,
            "eps_4q": 1.9,
            "eps_4q_growth_year": 162.67,
            "roe": -5.45,
            "roe_4q": 8.43,
            "gross_profit": 3525316,
            "gross_margin": 15.32,
            "gross_margin_4q_avg": 5.6,
            "net_income": -695581,
            "net_income_4q": null,
            "revenue": 23007472,
            "revenue_4q": null,
            "common_shares": 6064743,
            "book_valuer_per_share": 11.76,
            "book_valuer_per_share_4q_avg": 14.14,
            "equity": 12358931,
            "current_ratio": 535.81,
            "debt_ratio": 97.62,
            "inventory_turnover_ratio": 6.62,
            "account_receivable_turnover_ratio": 11.59,
            "reinvestment_rate": 419,
            "research_to_sale_ratio": 0.14,
            "price_fair": 99.75,
            "eps_avg_yearly": 2.85,
            "eps_latest_yearly": 3.04,
            "eps_growth_yearly": 588.92
        },
        "20121": {
            "year_quarter": 20121,
            "year": 2012,
            "quarter": 1,
            "eps": 0.36,
            "eps_growth_year": 0,
            "eps_4q": 1.93,
            "eps_4q_growth_year": 101.91,
            "roe": 1.79,
            "roe_4q": 8.149999999999999,
            "gross_profit": 863868,
            "gross_margin": 2.19,
            "gross_margin_4q_avg": 5.67,
            "net_income": 253678,
            "net_income_4q": null,
            "revenue": 39466535,
            "revenue_4q": null,
            "common_shares": 6064743,
            "book_valuer_per_share": 15.18,
            "book_valuer_per_share_4q_avg": 13.95,
            "equity": 16045063,
            "current_ratio": 548.48,
            "debt_ratio": 97.02,
            "inventory_turnover_ratio": 13.32,
            "account_receivable_turnover_ratio": 11.24,
            "reinvestment_rate": 443.34,
            "research_to_sale_ratio": 0.08,
            "price_fair": 99.75,
            "eps_avg_yearly": 2.85,
            "eps_latest_yearly": 3.04,
            "eps_growth_yearly": 588.92
        },
        "20122": {
            "year_quarter": 20122,
            "year": 2012,
            "quarter": 2,
            "eps": 0.37,
            "eps_growth_year": -74.59,
            "eps_4q": 0.85,
            "eps_4q_growth_year": -53.85,
            "roe": 3.27,
            "roe_4q": 4.92,
            "gross_profit": 911497,
            "gross_margin": 3.15,
            "gross_margin_4q_avg": 5.74,
            "net_income": 489840,
            "net_income_4q": null,
            "revenue": 28954137,
            "revenue_4q": null,
            "common_shares": 6064743,
            "book_valuer_per_share": 12.91,
            "book_valuer_per_share_4q_avg": 13.07,
            "equity": 13916011,
            "current_ratio": 724.31,
            "debt_ratio": 97.47,
            "inventory_turnover_ratio": 9.89,
            "account_receivable_turnover_ratio": 8.64,
            "reinvestment_rate": 512.35,
            "research_to_sale_ratio": 0.09,
            "price_fair": 104.13,
            "eps_avg_yearly": 2.98,
            "eps_latest_yearly": 1.48,
            "eps_growth_yearly": 624.09
        },
        "20123": {
            "year_quarter": 20123,
            "year": 2012,
            "quarter": 3,
            "eps": 2.17,
            "eps_growth_year": 186.33,
            "eps_4q": 2.29,
            "eps_4q_growth_year": 33.08,
            "roe": 9.01,
            "roe_4q": 8.620000000000001,
            "gross_profit": 1010688,
            "gross_margin": 2.51,
            "gross_margin_4q_avg": 5.79,
            "net_income": 1459579,
            "net_income_4q": null,
            "revenue": 40210982,
            "revenue_4q": null,
            "common_shares": 6307332,
            "book_valuer_per_share": 15.86,
            "book_valuer_per_share_4q_avg": 13.93,
            "equity": 18493522,
            "current_ratio": 672.73,
            "debt_ratio": 96.78,
            "inventory_turnover_ratio": 13.28,
            "account_receivable_turnover_ratio": 22.91,
            "reinvestment_rate": 402.51,
            "research_to_sale_ratio": 0.08,
            "price_fair": 133.88,
            "eps_avg_yearly": 3.83,
            "eps_latest_yearly": 8.68,
            "eps_growth_yearly": 721.5
        },
        "20124": {
            "year_quarter": 20124,
            "year": 2012,
            "quarter": 4,
            "eps": -0.86,
            "eps_growth_year": null,
            "eps_4q": 2.04,
            "eps_4q_growth_year": 7.08,
            "roe": -3.69,
            "roe_4q": 10.379999999999999,
            "gross_profit": 2811320,
            "gross_margin": 6.6,
            "gross_margin_4q_avg": 3.61,
            "net_income": -816588,
            "net_income_4q": null,
            "revenue": 42571824,
            "revenue_4q": null,
            "common_shares": 6307332,
            "book_valuer_per_share": 19.77,
            "book_valuer_per_share_4q_avg": 15.93,
            "equity": 25819889,
            "current_ratio": 673.38,
            "debt_ratio": 95.78,
            "inventory_turnover_ratio": 12.35,
            "account_receivable_turnover_ratio": 24.31,
            "reinvestment_rate": 526.59,
            "research_to_sale_ratio": 0.08,
            "price_fair": 133.88,
            "eps_avg_yearly": 3.83,
            "eps_latest_yearly": 8.68,
            "eps_growth_yearly": 721.5
        },
        "20131": {
            "year_quarter": 20131,
            "year": 2013,
            "quarter": 1,
            "eps": -0.07,
            "eps_growth_year": -119.44,
            "eps_4q": 1.62,
            "eps_4q_growth_year": -15.93,
            "roe": 0.85,
            "roe_4q": 9.44,
            "gross_profit": 1735879,
            "gross_margin": null,
            "gross_margin_4q_avg": 3.07,
            "net_income": 222821,
            "net_income_4q": null,
            "revenue": 49979710,
            "revenue_4q": null,
            "common_shares": 6307332,
            "book_valuer_per_share": 20.69,
            "book_valuer_per_share_4q_avg": 17.31,
            "equity": 26578547,
            "current_ratio": 1228.02,
            "debt_ratio": 95.89,
            "inventory_turnover_ratio": null,
            "account_receivable_turnover_ratio": 53.31,
            "reinvestment_rate": 138.53,
            "research_to_sale_ratio": 0.06,
            "price_fair": 133.88,
            "eps_avg_yearly": 3.83,
            "eps_latest_yearly": 8.68,
            "eps_growth_yearly": 721.5
        },
        "20132": {
            "year_quarter": 20132,
            "year": 2013,
            "quarter": 2,
            "eps": 0.63,
            "eps_growth_year": 69.09,
            "eps_4q": 1.73,
            "eps_4q_growth_year": 103.8,
            "roe": 3.7,
            "roe_4q": 9.87,
            "gross_profit": 2255599,
            "gross_margin": null,
            "gross_margin_4q_avg": 2.28,
            "net_income": 917029,
            "net_income_4q": null,
            "revenue": 31036607,
            "revenue_4q": null,
            "common_shares": 6307332,
            "book_valuer_per_share": 17.1,
            "book_valuer_per_share_4q_avg": 18.36,
            "equity": 23005956,
            "current_ratio": 1201.73,
            "debt_ratio": 96.52,
            "inventory_turnover_ratio": null,
            "account_receivable_turnover_ratio": null,
            "reinvestment_rate": 148.9,
            "research_to_sale_ratio": 0.09,
            "price_fair": 147.2,
            "eps_avg_yearly": 4.21,
            "eps_latest_yearly": 8.68,
            "eps_growth_yearly": 798.86
        },
        "20133": {
            "year_quarter": 20133,
            "year": 2013,
            "quarter": 3,
            "eps": 0.24,
            "eps_growth_year": -88.95,
            "eps_4q": -0.03,
            "eps_4q_growth_year": -101.5,
            "roe": 2.16,
            "roe_4q": 3.02,
            "gross_profit": 2283619,
            "gross_margin": null,
            "gross_margin_4q_avg": 1.65,
            "net_income": 502543,
            "net_income_4q": null,
            "revenue": 43624397,
            "revenue_4q": null,
            "common_shares": 6811919,
            "book_valuer_per_share": 16.03,
            "book_valuer_per_share_4q_avg": 18.4,
            "equity": 23529311,
            "current_ratio": 1301.83,
            "debt_ratio": 96.55,
            "inventory_turnover_ratio": null,
            "account_receivable_turnover_ratio": null,
            "reinvestment_rate": 207.03,
            "research_to_sale_ratio": 0.06,
            "price_fair": 129.6,
            "eps_avg_yearly": 3.7,
            "eps_latest_yearly": 0.96,
            "eps_growth_yearly": 599.94
        },
        "20134": {
            "year_quarter": 20134,
            "year": 2013,
            "quarter": 4,
            "eps": 0.67,
            "eps_growth_year": null,
            "eps_4q": 1.43,
            "eps_4q_growth_year": -29.8,
            "roe": 0.85,
            "roe_4q": 7.5600000000000005,
            "gross_profit": 1548966,
            "gross_margin": null,
            "gross_margin_4q_avg": 0,
            "net_income": 200052,
            "net_income_4q": null,
            "revenue": 51277871,
            "revenue_4q": null,
            "common_shares": 6813829,
            "book_valuer_per_share": 16.17,
            "book_valuer_per_share_4q_avg": 17.5,
            "equity": 23562231,
            "current_ratio": 1220.45,
            "debt_ratio": 96.72,
            "inventory_turnover_ratio": null,
            "account_receivable_turnover_ratio": null,
            "reinvestment_rate": -33.84,
            "research_to_sale_ratio": 0.08,
            "price_fair": 125.13,
            "eps_avg_yearly": 3.58,
            "eps_latest_yearly": 2.68,
            "eps_growth_yearly": 614.53
        },
        "20141": {
            "year_quarter": 20141,
            "year": 2014,
            "quarter": 1,
            "eps": -0.47,
            "eps_growth_year": null,
            "eps_4q": 1.02,
            "eps_4q_growth_year": -37.14,
            "roe": -2.38,
            "roe_4q": 4.33,
            "gross_profit": 1695832,
            "gross_margin": null,
            "gross_margin_4q_avg": 0,
            "net_income": -576344,
            "net_income_4q": null,
            "revenue": 52451047,
            "revenue_4q": null,
            "common_shares": 6813829,
            "book_valuer_per_share": 17.33,
            "book_valuer_per_share_4q_avg": 16.66,
            "equity": 24933006,
            "current_ratio": 1363.29,
            "debt_ratio": 96.68,
            "inventory_turnover_ratio": null,
            "account_receivable_turnover_ratio": null,
            "reinvestment_rate": -5.19,
            "research_to_sale_ratio": 0.06,
            "price_fair": 125.13,
            "eps_avg_yearly": 3.58,
            "eps_latest_yearly": 2.68,
            "eps_growth_yearly": 614.53
        },
        "20142": {
            "year_quarter": 20142,
            "year": 2014,
            "quarter": 2,
            "eps": 1.23,
            "eps_growth_year": 95.24,
            "eps_4q": 1.67,
            "eps_4q_growth_year": -3.51,
            "roe": 6.05,
            "roe_4q": 6.68,
            "gross_profit": 2662323,
            "gross_margin": null,
            "gross_margin_4q_avg": 0,
            "net_income": 1574093,
            "net_income_4q": null,
            "revenue": 41152396,
            "revenue_4q": null,
            "common_shares": 6813809,
            "book_valuer_per_share": 18.12,
            "book_valuer_per_share_4q_avg": 16.91,
            "equity": 27139979,
            "current_ratio": 1431.23,
            "debt_ratio": 96.45,
            "inventory_turnover_ratio": null,
            "account_receivable_turnover_ratio": null,
            "reinvestment_rate": -14.92,
            "research_to_sale_ratio": 0.08,
            "price_fair": 131.8,
            "eps_avg_yearly": 3.77,
            "eps_latest_yearly": 2.68,
            "eps_growth_yearly": 530.89
        },
        "20143": {
            "year_quarter": 20143,
            "year": 2014,
            "quarter": 3,
            "eps": 1.16,
            "eps_growth_year": 383.33,
            "eps_4q": 2.59,
            "eps_4q_growth_year": null,
            "roe": 5.46,
            "roe_4q": 9.979999999999999,
            "gross_profit": 2951470,
            "gross_margin": null,
            "gross_margin_4q_avg": 0,
            "net_income": 1462268,
            "net_income_4q": null,
            "revenue": 46059128,
            "revenue_4q": null,
            "common_shares": 6813729,
            "book_valuer_per_share": 17.59,
            "book_valuer_per_share_4q_avg": 17.3,
            "equity": 26399846,
            "current_ratio": 1169.54,
            "debt_ratio": 96.66,
            "inventory_turnover_ratio": null,
            "account_receivable_turnover_ratio": null,
            "reinvestment_rate": -39.78,
            "research_to_sale_ratio": 0.06,
            "price_fair": 136.8,
            "eps_avg_yearly": 3.91,
            "eps_latest_yearly": 4.64,
            "eps_growth_yearly": 491.93
        },
        "20144": {
            "year_quarter": 20144,
            "year": 2014,
            "quarter": 4,
            "eps": 0.05,
            "eps_growth_year": -93.02,
            "eps_4q": 1.96,
            "eps_4q_growth_year": 37.12,
            "roe": 0.64,
            "roe_4q": 9.77,
            "gross_profit": 2613100,
            "gross_margin": null,
            "gross_margin_4q_avg": 0,
            "net_income": 174745,
            "net_income_4q": null,
            "revenue": 52047933,
            "revenue_4q": null,
            "common_shares": 6813689,
            "book_valuer_per_share": 18.6,
            "book_valuer_per_share_4q_avg": 17.91,
            "equity": 27825301,
            "current_ratio": 847.58,
            "debt_ratio": 96.61,
            "inventory_turnover_ratio": null,
            "account_receivable_turnover_ratio": null,
            "reinvestment_rate": -139.68,
            "research_to_sale_ratio": 0.08,
            "price_fair": 120.58,
            "eps_avg_yearly": 3.45,
            "eps_latest_yearly": 0.2,
            "eps_growth_yearly": 382.59
        },
        "20151": {
            "year_quarter": 20151,
            "year": 2015,
            "quarter": 1,
            "eps": 0.52,
            "eps_growth_year": null,
            "eps_4q": 2.95,
            "eps_4q_growth_year": 189.14,
            "roe": 2.59,
            "roe_4q": 14.739999999999998,
            "gross_profit": 2660720,
            "gross_margin": null,
            "gross_margin_4q_avg": 0,
            "net_income": 741650,
            "net_income_4q": null,
            "revenue": 56902876,
            "revenue_4q": null,
            "common_shares": 6813689,
            "book_valuer_per_share": 19.8,
            "book_valuer_per_share_4q_avg": 18.53,
            "equity": 29468601,
            "current_ratio": 743.4,
            "debt_ratio": 96.37,
            "inventory_turnover_ratio": null,
            "account_receivable_turnover_ratio": null,
            "reinvestment_rate": -79.59,
            "research_to_sale_ratio": 0.06,
            "price_fair": 115.27,
            "eps_avg_yearly": 3.29,
            "eps_latest_yearly": 2.08,
            "eps_growth_yearly": 757.86
        },
        "20152": {
            "year_quarter": 20152,
            "year": 2015,
            "quarter": 2,
            "eps": 1.68,
            "eps_growth_year": 36.59,
            "eps_4q": 3.4,
            "eps_4q_growth_year": 103.71,
            "roe": 7.52,
            "roe_4q": 16.21,
            "gross_profit": 3488869,
            "gross_margin": null,
            "gross_margin_4q_avg": 0,
            "net_income": 2177800,
            "net_income_4q": null,
            "revenue": 42132005,
            "revenue_4q": null,
            "common_shares": 6813589,
            "book_valuer_per_share": 19.07,
            "book_valuer_per_share_4q_avg": 18.77,
            "equity": 28430723,
            "current_ratio": 1146.98,
            "debt_ratio": 96.53,
            "inventory_turnover_ratio": null,
            "account_receivable_turnover_ratio": null,
            "reinvestment_rate": -81.66,
            "research_to_sale_ratio": 0.08,
            "price_fair": 118.53,
            "eps_avg_yearly": 3.39,
            "eps_latest_yearly": 6.72,
            "eps_growth_yearly": 719.97
        },
        "20153": {
            "year_quarter": 20153,
            "year": 2015,
            "quarter": 3,
            "eps": 1.01,
            "eps_growth_year": -12.93,
            "eps_4q": 3.25,
            "eps_4q_growth_year": 25.51,
            "roe": 4.86,
            "roe_4q": 15.61,
            "gross_profit": 3375309,
            "gross_margin": null,
            "gross_margin_4q_avg": 0,
            "net_income": 1327246,
            "net_income_4q": null,
            "revenue": 56340703,
            "revenue_4q": null,
            "common_shares": 6813489,
            "book_valuer_per_share": 17.17,
            "book_valuer_per_share_4q_avg": 18.66,
            "equity": 26194180,
            "current_ratio": 1215.87,
            "debt_ratio": 96.95,
            "inventory_turnover_ratio": null,
            "account_receivable_turnover_ratio": null,
            "reinvestment_rate": -39.15,
            "research_to_sale_ratio": 0.06,
            "price_fair": 122.42,
            "eps_avg_yearly": 3.5,
            "eps_latest_yearly": 4.04,
            "eps_growth_yearly": 723.71
        },
        "20154": {
            "year_quarter": 20154,
            "year": 2015,
            "quarter": 4,
            "eps": -0.9,
            "eps_growth_year": -2025.26,
            "eps_4q": 2.3,
            "eps_4q_growth_year": 17.06,
            "roe": -4.06,
            "roe_4q": 10.91,
            "gross_profit": 2150283,
            "gross_margin": null,
            "gross_margin_4q_avg": 0,
            "net_income": -1113420,
            "net_income_4q": null,
            "revenue": 47391840,
            "revenue_4q": null,
            "common_shares": 6813409,
            "book_valuer_per_share": 18.06,
            "book_valuer_per_share_4q_avg": 18.53,
            "equity": 28680110,
            "current_ratio": 1436.54,
            "debt_ratio": 96.74,
            "inventory_turnover_ratio": null,
            "account_receivable_turnover_ratio": null,
            "reinvestment_rate": -39.87,
            "research_to_sale_ratio": 0.09,
            "price_fair": 122.42,
            "eps_avg_yearly": 3.5,
            "eps_latest_yearly": 4.04,
            "eps_growth_yearly": 723.71
        },
        "20161": {
            "year_quarter": 20161,
            "year": 2016,
            "quarter": 1,
            "eps": 0.37,
            "eps_growth_year": -28.85,
            "eps_4q": 2.15,
            "eps_4q_growth_year": -27.09,
            "roe": 1.14,
            "roe_4q": 9.46,
            "gross_profit": 3212143,
            "gross_margin": null,
            "gross_margin_4q_avg": 0,
            "net_income": 342571,
            "net_income_4q": null,
            "revenue": 60406712,
            "revenue_4q": null,
            "common_shares": 6813399,
            "book_valuer_per_share": 20.08,
            "book_valuer_per_share_4q_avg": 18.6,
            "equity": 31234153,
            "current_ratio": 984.92,
            "debt_ratio": 96.53,
            "inventory_turnover_ratio": null,
            "account_receivable_turnover_ratio": null,
            "reinvestment_rate": -51.78,
            "research_to_sale_ratio": 0.06,
            "price_fair": 122.42,
            "eps_avg_yearly": 3.5,
            "eps_latest_yearly": 4.04,
            "eps_growth_yearly": 723.71
        },
        "20162": {
            "year_quarter": 20162,
            "year": 2016,
            "quarter": 2,
            "eps": 1.74,
            "eps_growth_year": 3.57,
            "eps_4q": 2.1,
            "eps_4q_growth_year": -38.16,
            "roe": 7.69,
            "roe_4q": 9.63,
            "gross_profit": 3815626,
            "gross_margin": null,
            "gross_margin_4q_avg": 0,
            "net_income": 2422746,
            "net_income_4q": null,
            "revenue": 43585969,
            "revenue_4q": null,
            "common_shares": 6813389,
            "book_valuer_per_share": 20.22,
            "book_valuer_per_share_4q_avg": 18.88,
            "equity": 31775657,
            "current_ratio": 1439.55,
            "debt_ratio": 96.51,
            "inventory_turnover_ratio": null,
            "account_receivable_turnover_ratio": null,
            "reinvestment_rate": -44.15,
            "research_to_sale_ratio": 0.08,
            "price_fair": 143.73,
            "eps_avg_yearly": 4.11,
            "eps_latest_yearly": 6.96,
            "eps_growth_yearly": 887.04
        },
        "20163": {
            "year_quarter": 20163,
            "year": 2016,
            "quarter": 3,
            "eps": 1.29,
            "eps_growth_year": 27.72,
            "eps_4q": 2.44,
            "eps_4q_growth_year": -24.94,
            "roe": 5.05,
            "roe_4q": 9.82,
            "gross_profit": 3525404,
            "gross_margin": null,
            "gross_margin_4q_avg": 0,
            "net_income": 1677527,
            "net_income_4q": null,
            "revenue": 59396366,
            "revenue_4q": null,
            "common_shares": 7154009,
            "book_valuer_per_share": 21.44,
            "book_valuer_per_share_4q_avg": 19.95,
            "equity": 34690955,
            "current_ratio": 1233.18,
            "debt_ratio": 96.29,
            "inventory_turnover_ratio": null,
            "account_receivable_turnover_ratio": null,
            "reinvestment_rate": -62.42,
            "research_to_sale_ratio": 0.06,
            "price_fair": 130.04,
            "eps_avg_yearly": 3.72,
            "eps_latest_yearly": 5.16,
            "eps_growth_yearly": 659.33
        },
        "20164": {
            "year_quarter": 20164,
            "year": 2016,
            "quarter": 4,
            "eps": -0.26,
            "eps_growth_year": null,
            "eps_4q": 3.04,
            "eps_4q_growth_year": 32.36,
            "roe": -2.42,
            "roe_4q": 11.46,
            "gross_profit": null,
            "gross_margin": null,
            "gross_margin_4q_avg": 0,
            "net_income": -826100,
            "net_income_4q": null,
            "revenue": 41994180,
            "revenue_4q": null,
            "common_shares": 7153989,
            "book_valuer_per_share": 20.95,
            "book_valuer_per_share_4q_avg": 20.67,
            "equity": 33562711,
            "current_ratio": 1074.71,
            "debt_ratio": 96.54,
            "inventory_turnover_ratio": null,
            "account_receivable_turnover_ratio": 48.03,
            "reinvestment_rate": -115.37,
            "research_to_sale_ratio": 0.1,
            "price_fair": 130.04,
            "eps_avg_yearly": 3.72,
            "eps_latest_yearly": 5.16,
            "eps_growth_yearly": 659.33
        },
        "20171": {
            "year_quarter": 20171,
            "year": 2017,
            "quarter": 1,
            "eps": -0.87,
            "eps_growth_year": -335.14,
            "eps_4q": 1.81,
            "eps_4q_growth_year": -15.75,
            "roe": -3.6,
            "roe_4q": 6.720000000000001,
            "gross_profit": null,
            "gross_margin": null,
            "gross_margin_4q_avg": 0,
            "net_income": -1208770,
            "net_income_4q": null,
            "revenue": 77542033,
            "revenue_4q": null,
            "common_shares": 7153979,
            "book_valuer_per_share": 20.96,
            "book_valuer_per_share_4q_avg": 20.89,
            "equity": 33543617,
            "current_ratio": 931.2,
            "debt_ratio": 96.6,
            "inventory_turnover_ratio": null,
            "account_receivable_turnover_ratio": 47.44,
            "reinvestment_rate": 137.5,
            "research_to_sale_ratio": 0.05,
            "price_fair": 130.04,
            "eps_avg_yearly": 3.72,
            "eps_latest_yearly": 5.16,
            "eps_growth_yearly": 659.33
        },
        "20172": {
            "year_quarter": 20172,
            "year": 2017,
            "quarter": 2,
            "eps": 2.49,
            "eps_growth_year": 43.1,
            "eps_4q": 2.46,
            "eps_4q_growth_year": 17.17,
            "roe": 10.1,
            "roe_4q": 9.129999999999999,
            "gross_profit": null,
            "gross_margin": null,
            "gross_margin_4q_avg": 0,
            "net_income": 3610771,
            "net_income_4q": null,
            "revenue": 48595897,
            "revenue_4q": null,
            "common_shares": 7153929,
            "book_valuer_per_share": 23.87,
            "book_valuer_per_share_4q_avg": 21.81,
            "equity": 37956820,
            "current_ratio": 1060.77,
            "debt_ratio": 96.26,
            "inventory_turnover_ratio": null,
            "account_receivable_turnover_ratio": 32.23,
            "reinvestment_rate": 95.52,
            "research_to_sale_ratio": 0.08,
            "price_fair": 130.04,
            "eps_avg_yearly": 3.72,
            "eps_latest_yearly": 5.16,
            "eps_growth_yearly": 659.33
        },
        "20173": {
            "year_quarter": 20173,
            "year": 2017,
            "quarter": 3,
            "eps": 1.57,
            "eps_growth_year": 21.71,
            "eps_4q": 2.85,
            "eps_4q_growth_year": 16.74,
            "roe": 5.33,
            "roe_4q": 9.41,
            "gross_profit": null,
            "gross_margin": null,
            "gross_margin_4q_avg": 0,
            "net_income": 2112024,
            "net_income_4q": null,
            "revenue": 57210593,
            "revenue_4q": null,
            "common_shares": 7654677,
            "book_valuer_per_share": 23.67,
            "book_valuer_per_share_4q_avg": 22.36,
            "equity": 41319280,
            "current_ratio": 901.94,
            "debt_ratio": 96.06,
            "inventory_turnover_ratio": null,
            "account_receivable_turnover_ratio": 34.79,
            "reinvestment_rate": 68.09,
            "research_to_sale_ratio": 0.07,
            "price_fair": 150.73,
            "eps_avg_yearly": 4.31,
            "eps_latest_yearly": 6.28,
            "eps_growth_yearly": 670.42
        },
        "20174": {
            "year_quarter": 20174,
            "year": 2017,
            "quarter": 4,
            "eps": -0.82,
            "eps_growth_year": null,
            "eps_4q": 2.28,
            "eps_4q_growth_year": -25.17,
            "roe": -2.72,
            "roe_4q": 9.11,
            "gross_profit": null,
            "gross_margin": null,
            "gross_margin_4q_avg": 0,
            "net_income": -1117029,
            "net_income_4q": null,
            "revenue": 59768822,
            "revenue_4q": null,
            "common_shares": 7654617,
            "book_valuer_per_share": 23.45,
            "book_valuer_per_share_4q_avg": 22.99,
            "equity": 40851484,
            "current_ratio": 1072.93,
            "debt_ratio": 96.19,
            "inventory_turnover_ratio": null,
            "account_receivable_turnover_ratio": 32.95,
            "reinvestment_rate": 69.72,
            "research_to_sale_ratio": 0.08,
            "price_fair": 157.85,
            "eps_avg_yearly": 4.51,
            "eps_latest_yearly": 6.28,
            "eps_growth_yearly": 664.64
        },
        "20181": {
            "year_quarter": 20181,
            "year": 2018,
            "quarter": 1,
            "eps": -0.37,
            "eps_growth_year": null,
            "eps_4q": 2.73,
            "eps_4q_growth_year": 50.4,
            "roe": -1.72,
            "roe_4q": 10.989999999999998,
            "gross_profit": null,
            "gross_margin": null,
            "gross_margin_4q_avg": 0,
            "net_income": -674108,
            "net_income_4q": null,
            "revenue": 65183051,
            "revenue_4q": null,
            "common_shares": 7654587,
            "book_valuer_per_share": 21.23,
            "book_valuer_per_share_4q_avg": 23.06,
            "equity": 37309448,
            "current_ratio": 821.36,
            "debt_ratio": 96.61,
            "inventory_turnover_ratio": null,
            "account_receivable_turnover_ratio": 41.12,
            "reinvestment_rate": 1986.46,
            "research_to_sale_ratio": 0.06,
            "price_fair": 157.85,
            "eps_avg_yearly": 4.51,
            "eps_latest_yearly": 6.28,
            "eps_growth_yearly": 664.64
        },
        "20182": {
            "year_quarter": 20182,
            "year": 2018,
            "quarter": 2,
            "eps": 2,
            "eps_growth_year": -19.68,
            "eps_4q": 2.21,
            "eps_4q_growth_year": -10.29,
            "roe": 8.49,
            "roe_4q": 9.38,
            "gross_profit": null,
            "gross_margin": null,
            "gross_margin_4q_avg": 0,
            "net_income": 3253526,
            "net_income_4q": null,
            "revenue": 66234569,
            "revenue_4q": null,
            "common_shares": 7654547,
            "book_valuer_per_share": 22.67,
            "book_valuer_per_share_4q_avg": 22.76,
            "equity": 39307231,
            "current_ratio": 1217.75,
            "debt_ratio": 96.56,
            "inventory_turnover_ratio": null,
            "account_receivable_turnover_ratio": 48.14,
            "reinvestment_rate": 1330.54,
            "research_to_sale_ratio": 0.06,
            "price_fair": 157.85,
            "eps_avg_yearly": 4.51,
            "eps_latest_yearly": 6.28,
            "eps_growth_yearly": 664.64
        },
        "20183": {
            "year_quarter": 20183,
            "year": 2018,
            "quarter": 3,
            "eps": -0.88,
            "eps_growth_year": -156.05,
            "eps_4q": -0.11,
            "eps_4q_growth_year": -104.04,
            "roe": -4.34,
            "roe_4q": -0.2899999999999996,
            "gross_profit": null,
            "gross_margin": null,
            "gross_margin_4q_avg": 0,
            "net_income": -1612405,
            "net_income_4q": null,
            "revenue": 52169887,
            "revenue_4q": null,
            "common_shares": 8266847,
            "book_valuer_per_share": 18.43,
            "book_valuer_per_share_4q_avg": 21.45,
            "equity": 34977338,
            "current_ratio": 995.63,
            "debt_ratio": 96.99,
            "inventory_turnover_ratio": null,
            "account_receivable_turnover_ratio": 40.22,
            "reinvestment_rate": 2061.33,
            "research_to_sale_ratio": 0.08,
            "price_fair": 157.2,
            "eps_avg_yearly": 4.49,
            "eps_latest_yearly": 6.28,
            "eps_growth_yearly": 762.84
        },
        "20184": {
            "year_quarter": 20184,
            "year": 2018,
            "quarter": 4,
            "eps": -0.21,
            "eps_growth_year": null,
            "eps_4q": 0.43,
            "eps_4q_growth_year": -81.27,
            "roe": -1.51,
            "roe_4q": 0.9200000000000006,
            "gross_profit": null,
            "gross_margin": null,
            "gross_margin_4q_avg": 0,
            "net_income": -480711,
            "net_income_4q": null,
            "revenue": 57768472,
            "revenue_4q": null,
            "common_shares": 8266827,
            "book_valuer_per_share": 13.95,
            "book_valuer_per_share_4q_avg": 19.07,
            "equity": 28820857,
            "current_ratio": 1237.39,
            "debt_ratio": 97.52,
            "inventory_turnover_ratio": null,
            "account_receivable_turnover_ratio": 47.48,
            "reinvestment_rate": 2025.42,
            "research_to_sale_ratio": 0.1,
            "price_fair": 182.23,
            "eps_avg_yearly": 5.21,
            "eps_latest_yearly": 6.28,
            "eps_growth_yearly": 953.77
        },
        "20191": {
            "year_quarter": 20191,
            "year": 2019,
            "quarter": 1,
            "eps": 0.18,
            "eps_growth_year": null,
            "eps_4q": 0.94,
            "eps_4q_growth_year": -65.34,
            "roe": 0.86,
            "roe_4q": 3.5,
            "gross_profit": null,
            "gross_margin": null,
            "gross_margin_4q_avg": 0,
            "net_income": 278577,
            "net_income_4q": null,
            "revenue": 65004367,
            "revenue_4q": null,
            "common_shares": 8266827,
            "book_valuer_per_share": 18.3,
            "book_valuer_per_share_4q_avg": 18.34,
            "equity": 36212658,
            "current_ratio": 975.78,
            "debt_ratio": 97.01,
            "inventory_turnover_ratio": null,
            "account_receivable_turnover_ratio": 54.9,
            "reinvestment_rate": 2411.2,
            "research_to_sale_ratio": 0.06,
            "price_fair": 204.12,
            "eps_avg_yearly": 5.83,
            "eps_latest_yearly": 6.28,
            "eps_growth_yearly": 392.53
        },
        "20192": {
            "year_quarter": 20192,
            "year": 2019,
            "quarter": 2,
            "eps": 1.83,
            "eps_growth_year": -8.5,
            "eps_4q": 0.92,
            "eps_4q_growth_year": -58.28,
            "roe": 6.7,
            "roe_4q": 1.7100000000000009,
            "gross_profit": null,
            "gross_margin": null,
            "gross_margin_4q_avg": 0,
            "net_income": 2444041,
            "net_income_4q": null,
            "revenue": 53332071,
            "revenue_4q": null,
            "common_shares": 8266827,
            "book_valuer_per_share": 19.02,
            "book_valuer_per_share_4q_avg": 17.43,
            "equity": 36730500,
            "current_ratio": 1237.37,
            "debt_ratio": 97.03,
            "inventory_turnover_ratio": null,
            "account_receivable_turnover_ratio": 39.19,
            "reinvestment_rate": 1662.95,
            "research_to_sale_ratio": 0.08,
            "price_fair": 208.32,
            "eps_avg_yearly": 5.95,
            "eps_latest_yearly": 7.32,
            "eps_growth_yearly": 947.4
        },
        "20193": {
            "year_quarter": 20193,
            "year": 2019,
            "quarter": 3,
            "eps": 1.32,
            "eps_growth_year": null,
            "eps_4q": 3.12,
            "eps_4q_growth_year": null,
            "roe": 5.65,
            "roe_4q": 11.700000000000001,
            "gross_profit": null,
            "gross_margin": null,
            "gross_margin_4q_avg": 0,
            "net_income": 2160175,
            "net_income_4q": null,
            "revenue": 52169943,
            "revenue_4q": null,
            "common_shares": 8266827,
            "book_valuer_per_share": 20.68,
            "book_valuer_per_share_4q_avg": 17.99,
            "equity": 39697536,
            "current_ratio": 884.09,
            "debt_ratio": 96.86,
            "inventory_turnover_ratio": null,
            "account_receivable_turnover_ratio": 32.29,
            "reinvestment_rate": 2141.58,
            "research_to_sale_ratio": 0.08,
            "price_fair": 217,
            "eps_avg_yearly": 6.2,
            "eps_latest_yearly": 5.28,
            "eps_growth_yearly": 957.01
        },
        "20194": {
            "year_quarter": 20194,
            "year": 2019,
            "quarter": 4,
            "eps": 1.15,
            "eps_growth_year": null,
            "eps_4q": 4.49,
            "eps_4q_growth_year": 952.6,
            "roe": 4.91,
            "roe_4q": 18.12,
            "gross_profit": null,
            "gross_margin": null,
            "gross_margin_4q_avg": 0,
            "net_income": 2049202,
            "net_income_4q": null,
            "revenue": 66582033,
            "revenue_4q": null,
            "common_shares": 8266827,
            "book_valuer_per_share": 23.15,
            "book_valuer_per_share_4q_avg": 20.29,
            "equity": 43851004,
            "current_ratio": 1231.66,
            "debt_ratio": 96.58,
            "inventory_turnover_ratio": null,
            "account_receivable_turnover_ratio": 46.94,
            "reinvestment_rate": 1299.78,
            "research_to_sale_ratio": 0.08,
            "price_fair": 207.67,
            "eps_avg_yearly": 5.93,
            "eps_latest_yearly": 4.6,
            "eps_growth_yearly": 788.92
        },
        "20201": {
            "year_quarter": 20201,
            "year": 2020,
            "quarter": 1,
            "eps": 0.5,
            "eps_growth_year": 177.78,
            "eps_4q": 4.81,
            "eps_4q_growth_year": 408.96,
            "roe": 2.18,
            "roe_4q": 19.44,
            "gross_profit": null,
            "gross_margin": null,
            "gross_margin_4q_avg": 0,
            "net_income": 892297,
            "net_income_4q": null,
            "revenue": 55495143,
            "revenue_4q": null,
            "common_shares": 8266827,
            "book_valuer_per_share": 20.77,
            "book_valuer_per_share_4q_avg": 20.91,
            "equity": 38068438,
            "current_ratio": 936.86,
            "debt_ratio": 97.06,
            "inventory_turnover_ratio": null,
            "account_receivable_turnover_ratio": 41.95,
            "reinvestment_rate": 1549.01,
            "research_to_sale_ratio": 0.08,
            "price_fair": 188,
            "eps_avg_yearly": 5.37,
            "eps_latest_yearly": 2,
            "eps_growth_yearly": 643.92
        },
        "20202": {
            "year_quarter": 20202,
            "year": 2020,
            "quarter": 2,
            "eps": 0.66,
            "eps_growth_year": -63.93,
            "eps_4q": 3.28,
            "eps_4q_growth_year": 255.96,
            "roe": 2.75,
            "roe_4q": 15.49,
            "gross_profit": null,
            "gross_margin": null,
            "gross_margin_4q_avg": 0,
            "net_income": 1149520,
            "net_income_4q": null,
            "revenue": 65466391,
            "revenue_4q": null,
            "common_shares": 8266827,
            "book_valuer_per_share": 24.83,
            "book_valuer_per_share_4q_avg": 22.36,
            "equity": 45428741,
            "current_ratio": 1229.05,
            "debt_ratio": 96.56,
            "inventory_turnover_ratio": null,
            "account_receivable_turnover_ratio": 47.2,
            "reinvestment_rate": 1267.69,
            "research_to_sale_ratio": 0.07,
            "price_fair": 166.4,
            "eps_avg_yearly": 4.75,
            "eps_latest_yearly": 2.64,
            "eps_growth_yearly": 450.62
        },
        "20203": {
            "year_quarter": 20203,
            "year": 2020,
            "quarter": 3,
            "eps": -0.32,
            "eps_growth_year": -124.24,
            "eps_4q": 1.78,
            "eps_4q_growth_year": -42.97,
            "roe": -1.57,
            "roe_4q": 8.27,
            "gross_profit": null,
            "gross_margin": null,
            "gross_margin_4q_avg": 0,
            "net_income": -692785,
            "net_income_4q": null,
            "revenue": 51476226,
            "revenue_4q": null,
            "common_shares": 9093510,
            "book_valuer_per_share": 21.31,
            "book_valuer_per_share_4q_avg": 22.52,
            "equity": 43096054,
            "current_ratio": 984.01,
            "debt_ratio": 96.78,
            "inventory_turnover_ratio": null,
            "account_receivable_turnover_ratio": 38.44,
            "reinvestment_rate": 1754.16,
            "research_to_sale_ratio": 0.1,
            "price_fair": 164.03,
            "eps_avg_yearly": 4.69,
            "eps_latest_yearly": 2.64,
            "eps_growth_yearly": 542.97
        },
        "20204": {
            "year_quarter": 20204,
            "year": 2020,
            "quarter": 4,
            "eps": 0.9,
            "eps_growth_year": -22.09,
            "eps_4q": 1.63,
            "eps_4q_growth_year": -63.64,
            "roe": 2.61,
            "roe_4q": 5.970000000000001,
            "gross_profit": null,
            "gross_margin": null,
            "gross_margin_4q_avg": 0,
            "net_income": 1173447,
            "net_income_4q": null,
            "revenue": 61882356,
            "revenue_4q": null,
            "common_shares": 9093510,
            "book_valuer_per_share": 22.91,
            "book_valuer_per_share_4q_avg": 22.46,
            "equity": 46814381,
            "current_ratio": 1489.6,
            "debt_ratio": 96.57,
            "inventory_turnover_ratio": null,
            "account_receivable_turnover_ratio": 48.13,
            "reinvestment_rate": 1268.55,
            "research_to_sale_ratio": 0.11,
            "price_fair": 164.03,
            "eps_avg_yearly": 4.69,
            "eps_latest_yearly": 2.64,
            "eps_growth_yearly": 542.97
        },
        "20211": {
            "year_quarter": 20211,
            "year": 2021,
            "quarter": 1,
            "eps": 1.04,
            "eps_growth_year": 108,
            "eps_4q": 2.22,
            "eps_4q_growth_year": -53.84,
            "roe": 3.91,
            "roe_4q": 7.699999999999999,
            "gross_profit": null,
            "gross_margin": null,
            "gross_margin_4q_avg": 0,
            "net_income": 1851295,
            "net_income_4q": null,
            "revenue": 53403327,
            "revenue_4q": null,
            "common_shares": 9093510,
            "book_valuer_per_share": 23.6,
            "book_valuer_per_share_4q_avg": 23.16,
            "equity": 47894948,
            "current_ratio": 1256.28,
            "debt_ratio": 96.56,
            "inventory_turnover_ratio": null,
            "account_receivable_turnover_ratio": 46.5,
            "reinvestment_rate": 1263.83,
            "research_to_sale_ratio": 0.09,
            "price_fair": 161.4,
            "eps_avg_yearly": 4.61,
            "eps_latest_yearly": 4.16,
            "eps_growth_yearly": 474.29
        },
        "20212": {
            "year_quarter": 20212,
            "year": 2021,
            "quarter": 2,
            "eps": 0.79,
            "eps_growth_year": 19.7,
            "eps_4q": 2.41,
            "eps_4q_growth_year": -26.62,
            "roe": 2.65,
            "roe_4q": 7.6,
            "gross_profit": null,
            "gross_margin": null,
            "gross_margin_4q_avg": 0,
            "net_income": 1275431,
            "net_income_4q": null,
            "revenue": 51625878,
            "revenue_4q": null,
            "common_shares": 9093510,
            "book_valuer_per_share": 23.39,
            "book_valuer_per_share_4q_avg": 22.8,
            "equity": 48259924,
            "current_ratio": 1157.19,
            "debt_ratio": 96.55,
            "inventory_turnover_ratio": null,
            "account_receivable_turnover_ratio": 57.67,
            "reinvestment_rate": 1006.9,
            "research_to_sale_ratio": 0.1,
            "price_fair": 155.05,
            "eps_avg_yearly": 4.43,
            "eps_latest_yearly": 3.16,
            "eps_growth_yearly": 402.98
        },
        "20213": {
            "year_quarter": 20213,
            "year": 2021,
            "quarter": 3,
            "eps": -0.25,
            "eps_growth_year": null,
            "eps_4q": 2.46,
            "eps_4q_growth_year": 38.19,
            "roe": -1.26,
            "roe_4q": 7.91,
            "gross_profit": null,
            "gross_margin": null,
            "gross_margin_4q_avg": 0,
            "net_income": -592084,
            "net_income_4q": null,
            "revenue": 40294777,
            "revenue_4q": null,
            "common_shares": 9093510,
            "book_valuer_per_share": 21.54,
            "book_valuer_per_share_4q_avg": 22.86,
            "equity": 45876464,
            "current_ratio": 779.25,
            "debt_ratio": 96.75,
            "inventory_turnover_ratio": null,
            "account_receivable_turnover_ratio": 49.65,
            "reinvestment_rate": 1672.15,
            "research_to_sale_ratio": 0.14,
            "price_fair": 145.8,
            "eps_avg_yearly": 4.17,
            "eps_latest_yearly": 3.16,
            "eps_growth_yearly": 481.67
        },
        "20214": {
            "year_quarter": 20214,
            "year": 2021,
            "quarter": 4,
            "eps": 0.61,
            "eps_growth_year": -31.7,
            "eps_4q": 2.18,
            "eps_4q_growth_year": 33.94,
            "roe": 0.17,
            "roe_4q": 5.47,
            "gross_profit": null,
            "gross_margin": null,
            "gross_margin_4q_avg": 0,
            "net_income": 77347,
            "net_income_4q": null,
            "revenue": 47868819,
            "revenue_4q": null,
            "common_shares": 9131067,
            "book_valuer_per_share": 22.79,
            "book_valuer_per_share_4q_avg": 22.83,
            "equity": 47225792,
            "current_ratio": 1244.03,
            "debt_ratio": 96.69,
            "inventory_turnover_ratio": null,
            "account_receivable_turnover_ratio": 54.87,
            "reinvestment_rate": 957.2,
            "research_to_sale_ratio": 0.14,
            "price_fair": 145.8,
            "eps_avg_yearly": 4.17,
            "eps_latest_yearly": 3.16,
            "eps_growth_yearly": 481.67
        },
        "20221": {
            "year_quarter": 20221,
            "year": 2022,
            "quarter": 1,
            "eps": -1.16,
            "eps_growth_year": -211.54,
            "eps_4q": -0.01,
            "eps_4q_growth_year": -100.66,
            "roe": -6.21,
            "roe_4q": -4.65,
            "gross_profit": null,
            "gross_margin": null,
            "gross_margin_4q_avg": 0,
            "net_income": -2850479,
            "net_income_4q": null,
            "revenue": 60140866,
            "revenue_4q": null,
            "common_shares": 9133620,
            "book_valuer_per_share": 20.53,
            "book_valuer_per_share_4q_avg": 22.06,
            "equity": 44512174,
            "current_ratio": 748.84,
            "debt_ratio": 96.97,
            "inventory_turnover_ratio": null,
            "account_receivable_turnover_ratio": 60.6,
            "reinvestment_rate": -511.77,
            "research_to_sale_ratio": 0.1,
            "price_fair": 145.8,
            "eps_avg_yearly": 4.17,
            "eps_latest_yearly": 3.16,
            "eps_growth_yearly": 481.67
        },
        "20222": {
            "year_quarter": 20222,
            "year": 2022,
            "quarter": 2,
            "eps": -1.57,
            "eps_growth_year": -298.73,
            "eps_4q": -2.35,
            "eps_4q_growth_year": -197.36,
            "roe": -8.53,
            "roe_4q": -15.829999999999998,
            "gross_profit": null,
            "gross_margin": null,
            "gross_margin_4q_avg": 0,
            "net_income": -3175766,
            "net_income_4q": null,
            "revenue": 56385436,
            "revenue_4q": null,
            "common_shares": 9133620,
            "book_valuer_per_share": 12.86,
            "book_valuer_per_share_4q_avg": 19.43,
            "equity": 29957155,
            "current_ratio": 791.29,
            "debt_ratio": 97.95,
            "inventory_turnover_ratio": null,
            "account_receivable_turnover_ratio": 53.68,
            "reinvestment_rate": 77.88,
            "research_to_sale_ratio": 0.12,
            "price_fair": 145.8,
            "eps_avg_yearly": 4.17,
            "eps_latest_yearly": 3.16,
            "eps_growth_yearly": 481.67
        },
        "20223": {
            "year_quarter": 20223,
            "year": 2022,
            "quarter": 3,
            "eps": 0.79,
            "eps_growth_year": null,
            "eps_4q": -1.31,
            "eps_4q_growth_year": -153.24,
            "roe": 5.09,
            "roe_4q": -9.479999999999999,
            "gross_profit": null,
            "gross_margin": null,
            "gross_margin_4q_avg": 0,
            "net_income": 1567514,
            "net_income_4q": null,
            "revenue": 73627754,
            "revenue_4q": null,
            "common_shares": 9224957,
            "book_valuer_per_share": 13.39,
            "book_valuer_per_share_4q_avg": 17.39,
            "equity": 31634975,
            "current_ratio": 838.09,
            "debt_ratio": 97.9,
            "inventory_turnover_ratio": null,
            "account_receivable_turnover_ratio": 71.78,
            "reinvestment_rate": -627.85,
            "research_to_sale_ratio": 0.08,
            "price_fair": 145.8,
            "eps_avg_yearly": 4.17,
            "eps_latest_yearly": 3.16,
            "eps_growth_yearly": 481.67
        },
        "20224": {
            "year_quarter": 20224,
            "year": 2022,
            "quarter": 4,
            "eps": -3.91,
            "eps_growth_year": -738.1,
            "eps_4q": -5.82,
            "eps_4q_growth_year": -366.6,
            "roe": -25.69,
            "roe_4q": -35.34,
            "gross_profit": null,
            "gross_margin": null,
            "gross_margin_4q_avg": 0,
            "net_income": -8132335,
            "net_income_4q": null,
            "revenue": 20460130,
            "revenue_4q": null,
            "common_shares": 9224957,
            "book_valuer_per_share": 11.65,
            "book_valuer_per_share_4q_avg": 14.61,
            "equity": 31669700,
            "current_ratio": 968.39,
            "debt_ratio": 97.87,
            "inventory_turnover_ratio": null,
            "account_receivable_turnover_ratio": 18.85,
            "reinvestment_rate": -1362.17,
            "research_to_sale_ratio": 0.32,
            "price_fair": 145.8,
            "eps_avg_yearly": 4.17,
            "eps_latest_yearly": 3.16,
            "eps_growth_yearly": 481.67
        },
        "20231": {
            "year_quarter": 20231,
            "year": 2023,
            "quarter": 1,
            "eps": -0.8,
            "eps_growth_year": null,
            "eps_4q": -5.48,
            "eps_4q_growth_year": null,
            "roe": -7.16,
            "roe_4q": -36.29,
            "gross_profit": null,
            "gross_margin": null,
            "gross_margin_4q_avg": 0,
            "net_income": -2610096,
            "net_income_4q": null,
            "revenue": 49199077,
            "revenue_4q": null,
            "common_shares": 9224957,
            "book_valuer_per_share": 15.08,
            "book_valuer_per_share_4q_avg": 13.25,
            "equity": 41241055,
            "current_ratio": 757.02,
            "debt_ratio": 97.26,
            "inventory_turnover_ratio": null,
            "account_receivable_turnover_ratio": 47.25,
            "reinvestment_rate": -2510.39,
            "research_to_sale_ratio": 0.14,
            "price_fair": 145.8,
            "eps_avg_yearly": 4.17,
            "eps_latest_yearly": 3.16,
            "eps_growth_yearly": 481.67
        },
        "20232": {
            "year_quarter": 20232,
            "year": 2023,
            "quarter": 2,
            "eps": -0.57,
            "eps_growth_year": null,
            "eps_4q": -4.49,
            "eps_4q_growth_year": null,
            "roe": -3.36,
            "roe_4q": -31.12,
            "gross_profit": null,
            "gross_margin": null,
            "gross_margin_4q_avg": 0,
            "net_income": -1387689,
            "net_income_4q": null,
            "revenue": 51239160,
            "revenue_4q": null,
            "common_shares": 9224957,
            "book_valuer_per_share": 15.4,
            "book_valuer_per_share_4q_avg": 13.88,
            "equity": 41354867,
            "current_ratio": 747.39,
            "debt_ratio": 97.31,
            "inventory_turnover_ratio": null,
            "account_receivable_turnover_ratio": 49.7,
            "reinvestment_rate": null,
            "research_to_sale_ratio": 0.14,
            "price_fair": 10.92,
            "eps_avg_yearly": 3.64,
            "eps_latest_yearly": 3.16,
            "eps_growth_yearly": -49.17
        },
        "20233": {
            "year_quarter": 20233,
            "year": 2023,
            "quarter": 3,
            "eps": 1.26,
            "eps_growth_year": 59.49,
            "eps_4q": -3.29,
            "eps_4q_growth_year": null,
            "roe": 6.3,
            "roe_4q": -29.910000000000004,
            "gross_profit": null,
            "gross_margin": null,
            "gross_margin_4q_avg": 0,
            "net_income": 2733767,
            "net_income_4q": null,
            "revenue": 62535925,
            "revenue_4q": null,
            "common_shares": 11224957,
            "book_valuer_per_share": 16.09,
            "book_valuer_per_share_4q_avg": 14.56,
            "equity": 45439572,
            "current_ratio": 561.71,
            "debt_ratio": 97.11,
            "inventory_turnover_ratio": null,
            "account_receivable_turnover_ratio": 59.59,
            "reinvestment_rate": null,
            "research_to_sale_ratio": 0.11,
            "price_fair": 9.94,
            "eps_avg_yearly": 3.31,
            "eps_latest_yearly": 3.16,
            "eps_growth_yearly": -36.71
        },
        "20234": {
            "year_quarter": 20234,
            "year": 2023,
            "quarter": 4,
            "eps": -2.61,
            "eps_growth_year": null,
            "eps_4q": -2.7,
            "eps_4q_growth_year": null,
            "roe": -15.47,
            "roe_4q": -19.69,
            "gross_profit": null,
            "gross_margin": null,
            "gross_margin_4q_avg": 0,
            "net_income": -7253164,
            "net_income_4q": null,
            "revenue": 16730695,
            "revenue_4q": null,
            "common_shares": 11224957,
            "book_valuer_per_share": 15.86,
            "book_valuer_per_share_4q_avg": 15.61,
            "equity": 48311471,
            "current_ratio": 863.89,
            "debt_ratio": 96.89,
            "inventory_turnover_ratio": null,
            "account_receivable_turnover_ratio": 14.01,
            "reinvestment_rate": null,
            "research_to_sale_ratio": 0.51,
            "price_fair": 8.97,
            "eps_avg_yearly": 2.99,
            "eps_latest_yearly": 3.16,
            "eps_growth_yearly": -33
        }
    },
    "months": {
        "2001-06": {
            "month": "2001-06",
            "price": "20.23",
            "revenue": 743664
        },
        "2001-07": {
            "month": "2001-07",
            "price": "17.17",
            "revenue": 730994
        },
        "2001-08": {
            "month": "2001-08",
            "price": "17.41",
            "revenue": 789974
        },
        "2001-09": {
            "month": "2001-09",
            "price": "17.81",
            "revenue": 584424
        },
        "2001-10": {
            "month": "2001-10",
            "price": "17.01",
            "revenue": 575365
        },
        "2001-11": {
            "month": "2001-11",
            "price": "18.98",
            "revenue": 532591
        },
        "2001-12": {
            "month": "2001-12",
            "price": "21.17",
            "revenue": 773802
        },
        "2002-01": {
            "month": "2002-01",
            "price": "23.02",
            "revenue": 491561
        },
        "2002-02": {
            "month": "2002-02",
            "price": "21.62",
            "revenue": 723492
        },
        "2002-03": {
            "month": "2002-03",
            "price": "21.65",
            "revenue": 507714
        },
        "2002-04": {
            "month": "2002-04",
            "price": "22.14",
            "revenue": 595660
        },
        "2002-05": {
            "month": "2002-05",
            "price": "19.18",
            "revenue": 679994
        },
        "2002-06": {
            "month": "2002-06",
            "price": "17.89",
            "revenue": 573720
        },
        "2002-07": {
            "month": "2002-07",
            "price": "17.78",
            "revenue": 824956
        },
        "2002-08": {
            "month": "2002-08",
            "price": "16.87",
            "revenue": 941300
        },
        "2002-09": {
            "month": "2002-09",
            "price": "15.66",
            "revenue": 755802
        },
        "2002-10": {
            "month": "2002-10",
            "price": "14.11",
            "revenue": 680292
        },
        "2002-11": {
            "month": "2002-11",
            "price": "14.65",
            "revenue": 764042
        },
        "2002-12": {
            "month": "2002-12",
            "price": "14.98",
            "revenue": 702351
        },
        "2003-01": {
            "month": "2003-01",
            "price": "12.62",
            "revenue": 840353
        },
        "2003-02": {
            "month": "2003-02",
            "price": "10.63",
            "revenue": 685231
        },
        "2003-03": {
            "month": "2003-03",
            "price": "8.61",
            "revenue": 613476
        },
        "2003-04": {
            "month": "2003-04",
            "price": "8.22",
            "revenue": 594341
        },
        "2003-05": {
            "month": "2003-05",
            "price": "7.56",
            "revenue": 662919
        },
        "2003-06": {
            "month": "2003-06",
            "price": "8.88",
            "revenue": 689685
        },
        "2003-07": {
            "month": "2003-07",
            "price": "9.81",
            "revenue": 726603
        },
        "2003-08": {
            "month": "2003-08",
            "price": "8.89",
            "revenue": 790822
        },
        "2003-09": {
            "month": "2003-09",
            "price": "8.62",
            "revenue": 605298
        },
        "2003-10": {
            "month": "2003-10",
            "price": "10.13",
            "revenue": 675948
        },
        "2003-11": {
            "month": "2003-11",
            "price": "11.89",
            "revenue": 719296
        },
        "2003-12": {
            "month": "2003-12",
            "price": "10.90",
            "revenue": 756217
        },
        "2004-01": {
            "month": "2004-01",
            "price": "12.03",
            "revenue": 947973
        },
        "2004-02": {
            "month": "2004-02",
            "price": "16.93",
            "revenue": 628471
        },
        "2004-03": {
            "month": "2004-03",
            "price": "15.80",
            "revenue": 635464
        },
        "2004-04": {
            "month": "2004-04",
            "price": "15.13",
            "revenue": 733982
        },
        "2004-05": {
            "month": "2004-05",
            "price": "12.06",
            "revenue": 821836
        },
        "2004-06": {
            "month": "2004-06",
            "price": "11.33",
            "revenue": 685902
        },
        "2004-07": {
            "month": "2004-07",
            "price": "10.89",
            "revenue": 748900
        },
        "2004-08": {
            "month": "2004-08",
            "price": "10.32",
            "revenue": 836624
        },
        "2004-09": {
            "month": "2004-09",
            "price": "12.00",
            "revenue": 719939
        },
        "2004-10": {
            "month": "2004-10",
            "price": "12.76",
            "revenue": 667434
        },
        "2004-11": {
            "month": "2004-11",
            "price": "11.40",
            "revenue": 685941
        },
        "2004-12": {
            "month": "2004-12",
            "price": "10.86",
            "revenue": 652935
        },
        "2005-01": {
            "month": "2005-01",
            "price": "11.67",
            "revenue": 744671
        },
        "2005-02": {
            "month": "2005-02",
            "price": "10.67",
            "revenue": 827621
        },
        "2005-03": {
            "month": "2005-03",
            "price": "10.19",
            "revenue": 679574
        },
        "2005-04": {
            "month": "2005-04",
            "price": "8.54",
            "revenue": 659788
        },
        "2005-05": {
            "month": "2005-05",
            "price": "8.08",
            "revenue": 762575
        },
        "2005-06": {
            "month": "2005-06",
            "price": "9.44",
            "revenue": 695987
        },
        "2005-07": {
            "month": "2005-07",
            "price": "8.88",
            "revenue": 808442
        },
        "2005-08": {
            "month": "2005-08",
            "price": "7.94",
            "revenue": 841416
        },
        "2005-09": {
            "month": "2005-09",
            "price": "6.87",
            "revenue": 694696
        },
        "2005-10": {
            "month": "2005-10",
            "price": "6.91",
            "revenue": 713852
        },
        "2005-11": {
            "month": "2005-11",
            "price": "7.16",
            "revenue": 733242
        },
        "2005-12": {
            "month": "2005-12",
            "price": "7.13",
            "revenue": 675544
        },
        "2006-01": {
            "month": "2006-01",
            "price": "7.02",
            "revenue": 942921
        },
        "2006-02": {
            "month": "2006-02",
            "price": "6.89",
            "revenue": 608657
        },
        "2006-03": {
            "month": "2006-03",
            "price": "6.47",
            "revenue": 578238
        },
        "2006-04": {
            "month": "2006-04",
            "price": "6.59",
            "revenue": 680174
        },
        "2006-05": {
            "month": "2006-05",
            "price": "9.25",
            "revenue": 763765
        },
        "2006-06": {
            "month": "2006-06",
            "price": "8.13",
            "revenue": 663853
        },
        "2006-07": {
            "month": "2006-07",
            "price": "8.01",
            "revenue": 724533
        },
        "2006-08": {
            "month": "2006-08",
            "price": "7.72",
            "revenue": 771202
        },
        "2006-09": {
            "month": "2006-09",
            "price": "7.45",
            "revenue": 689811
        },
        "2006-10": {
            "month": "2006-10",
            "price": "8.93",
            "revenue": 667959
        },
        "2006-11": {
            "month": "2006-11",
            "price": "9.24",
            "revenue": 679004
        },
        "2006-12": {
            "month": "2006-12",
            "price": "12.29",
            "revenue": 661751
        },
        "2007-01": {
            "month": "2007-01",
            "price": "12.40",
            "revenue": 637934
        },
        "2007-02": {
            "month": "2007-02",
            "price": "12.45",
            "revenue": 947654
        },
        "2007-03": {
            "month": "2007-03",
            "price": "12.33",
            "revenue": 671412
        },
        "2007-04": {
            "month": "2007-04",
            "price": "13.48",
            "revenue": 673837
        },
        "2007-05": {
            "month": "2007-05",
            "price": "14.32",
            "revenue": 816111
        },
        "2007-06": {
            "month": "2007-06",
            "price": "15.05",
            "revenue": 733375
        },
        "2007-07": {
            "month": "2007-07",
            "price": "22.73",
            "revenue": 784812
        },
        "2007-08": {
            "month": "2007-08",
            "price": "21.96",
            "revenue": 766650
        },
        "2007-09": {
            "month": "2007-09",
            "price": "22.93",
            "revenue": 654519
        },
        "2007-10": {
            "month": "2007-10",
            "price": "22.85",
            "revenue": 695482
        },
        "2007-11": {
            "month": "2007-11",
            "price": "21.66",
            "revenue": 709724
        },
        "2007-12": {
            "month": "2007-12",
            "price": "18.84",
            "revenue": 733678
        },
        "2008-01": {
            "month": "2008-01",
            "price": "18.68",
            "revenue": 740474
        },
        "2008-02": {
            "month": "2008-02",
            "price": "19.46",
            "revenue": 810487
        },
        "2008-03": {
            "month": "2008-03",
            "price": "23.93",
            "revenue": 620767
        },
        "2008-04": {
            "month": "2008-04",
            "price": "24.71",
            "revenue": 691044
        },
        "2008-05": {
            "month": "2008-05",
            "price": "20.31",
            "revenue": 759077
        },
        "2008-06": {
            "month": "2008-06",
            "price": "16.20",
            "revenue": 708149
        },
        "2008-07": {
            "month": "2008-07",
            "price": "13.56",
            "revenue": 756759
        },
        "2008-08": {
            "month": "2008-08",
            "price": "12.47",
            "revenue": 865460
        },
        "2008-09": {
            "month": "2008-09",
            "price": "10.23",
            "revenue": 671428
        },
        "2008-10": {
            "month": "2008-10",
            "price": "7.54",
            "revenue": 756121
        },
        "2008-11": {
            "month": "2008-11",
            "price": "8.91",
            "revenue": 655441
        },
        "2008-12": {
            "month": "2008-12",
            "price": "10.16",
            "revenue": 624652
        },
        "2009-01": {
            "month": "2009-01",
            "price": "9.83",
            "revenue": 907805
        },
        "2009-02": {
            "month": "2009-02",
            "price": "8.65",
            "revenue": 540672
        },
        "2009-03": {
            "month": "2009-03",
            "price": "9.30",
            "revenue": 512634
        },
        "2009-04": {
            "month": "2009-04",
            "price": "12.07",
            "revenue": 533252
        },
        "2009-05": {
            "month": "2009-05",
            "price": "13.53",
            "revenue": 682823
        },
        "2009-06": {
            "month": "2009-06",
            "price": "14.60",
            "revenue": 632785
        },
        "2009-07": {
            "month": "2009-07",
            "price": "14.23",
            "revenue": 656208
        },
        "2009-08": {
            "month": "2009-08",
            "price": "13.05",
            "revenue": 721936
        },
        "2009-09": {
            "month": "2009-09",
            "price": "13.42",
            "revenue": 619279
        },
        "2009-10": {
            "month": "2009-10",
            "price": "13.89",
            "revenue": 526714
        },
        "2009-11": {
            "month": "2009-11",
            "price": "16.33",
            "revenue": 578087
        },
        "2009-12": {
            "month": "2009-12",
            "price": "16.42",
            "revenue": 611186
        },
        "2010-01": {
            "month": "2010-01",
            "price": "16.88",
            "revenue": 595936
        },
        "2010-02": {
            "month": "2010-02",
            "price": "15.21",
            "revenue": 805541
        },
        "2010-03": {
            "month": "2010-03",
            "price": "16.61",
            "revenue": 547180
        },
        "2010-04": {
            "month": "2010-04",
            "price": "16.73",
            "revenue": 588174
        },
        "2010-05": {
            "month": "2010-05",
            "price": "14.94",
            "revenue": 614271
        },
        "2010-06": {
            "month": "2010-06",
            "price": "15.82",
            "revenue": 608144
        },
        "2010-07": {
            "month": "2010-07",
            "price": "17.04",
            "revenue": 650002
        },
        "2010-08": {
            "month": "2010-08",
            "price": "21.65",
            "revenue": 755541
        },
        "2010-09": {
            "month": "2010-09",
            "price": "21.94",
            "revenue": 531258
        },
        "2010-10": {
            "month": "2010-10",
            "price": "22.15",
            "revenue": 651648
        },
        "2010-11": {
            "month": "2010-11",
            "price": "22.94",
            "revenue": 504226
        },
        "2010-12": {
            "month": "2010-12",
            "price": "23.30",
            "revenue": 598695
        },
        "2011-01": {
            "month": "2011-01",
            "price": "23.81",
            "revenue": 905785
        },
        "2011-02": {
            "month": "2011-02",
            "price": "21.57",
            "revenue": 843187
        },
        "2011-03": {
            "month": "2011-03",
            "price": "21.18",
            "revenue": 705324
        },
        "2011-04": {
            "month": "2011-04",
            "price": "23.17",
            "revenue": 761103
        },
        "2011-05": {
            "month": "2011-05",
            "price": "24.22",
            "revenue": 836004
        },
        "2011-06": {
            "month": "2011-06",
            "price": "26.40",
            "revenue": 807323
        },
        "2011-07": {
            "month": "2011-07",
            "price": "33.73",
            "revenue": 895136
        },
        "2011-08": {
            "month": "2011-08",
            "price": "33.85",
            "revenue": 977102
        },
        "2011-09": {
            "month": "2011-09",
            "price": "31.74",
            "revenue": 823358
        },
        "2011-10": {
            "month": "2011-10",
            "price": "30.66",
            "revenue": 937549
        },
        "2011-11": {
            "month": "2011-11",
            "price": "31.12",
            "revenue": 808812
        },
        "2011-12": {
            "month": "2011-12",
            "price": "28.61",
            "revenue": 918688
        },
        "2012-01": {
            "month": "2012-01",
            "price": "29.16",
            "revenue": 1157013
        },
        "2012-02": {
            "month": "2012-02",
            "price": "32.33",
            "revenue": 788591
        },
        "2012-03": {
            "month": "2012-03",
            "price": "32.45",
            "revenue": 826431
        },
        "2012-04": {
            "month": "2012-04",
            "price": "26.71",
            "revenue": 882890
        },
        "2012-05": {
            "month": "2012-05",
            "price": "21.95",
            "revenue": 982849
        },
        "2012-06": {
            "month": "2012-06",
            "price": "22.14",
            "revenue": 948335
        },
        "2012-07": {
            "month": "2012-07",
            "price": "22.87",
            "revenue": 1005388
        },
        "2012-08": {
            "month": "2012-08",
            "price": "27.54",
            "revenue": 1108572
        },
        "2012-09": {
            "month": "2012-09",
            "price": "28.37",
            "revenue": 911112
        },
        "2012-10": {
            "month": "2012-10",
            "price": "26.86",
            "revenue": 981607
        },
        "2012-11": {
            "month": "2012-11",
            "price": "26.61",
            "revenue": 884391
        },
        "2012-12": {
            "month": "2012-12",
            "price": "27.26",
            "revenue": 1028030
        },
        "2013-01": {
            "month": "2013-01",
            "price": "26.95",
            "revenue": 25098474
        },
        "2013-02": {
            "month": "2013-02",
            "price": "26.87",
            "revenue": 10067736
        },
        "2013-03": {
            "month": "2013-03",
            "price": "25.35",
            "revenue": 15203837
        },
        "2013-04": {
            "month": "2013-04",
            "price": "23.30",
            "revenue": 11376866
        },
        "2013-05": {
            "month": "2013-05",
            "price": "24.29",
            "revenue": 11078556
        },
        "2013-06": {
            "month": "2013-06",
            "price": "23.54",
            "revenue": 8540725
        },
        "2013-07": {
            "month": "2013-07",
            "price": "24.12",
            "revenue": 15476177
        },
        "2013-08": {
            "month": "2013-08",
            "price": "21.44",
            "revenue": 9964595
        },
        "2013-09": {
            "month": "2013-09",
            "price": "21.24",
            "revenue": 15913587
        },
        "2013-10": {
            "month": "2013-10",
            "price": "22.50",
            "revenue": 13233148
        },
        "2013-11": {
            "month": "2013-11",
            "price": "22.35",
            "revenue": 14100113
        },
        "2013-12": {
            "month": "2013-12",
            "price": "21.14",
            "revenue": 23583991
        },
        "2014-01": {
            "month": "2014-01",
            "price": "21.33",
            "revenue": 23743516
        },
        "2014-02": {
            "month": "2014-02",
            "price": "20.34",
            "revenue": 12269514
        },
        "2014-03": {
            "month": "2014-03",
            "price": "19.77",
            "revenue": 16501275
        },
        "2014-04": {
            "month": "2014-04",
            "price": "20.50",
            "revenue": 9731570
        },
        "2014-05": {
            "month": "2014-05",
            "price": "19.60",
            "revenue": 11918699
        },
        "2014-06": {
            "month": "2014-06",
            "price": "19.53",
            "revenue": 14694597
        },
        "2014-07": {
            "month": "2014-07",
            "price": "19.80",
            "revenue": 15326093
        },
        "2014-08": {
            "month": "2014-08",
            "price": "19.51",
            "revenue": 13771512
        },
        "2014-09": {
            "month": "2014-09",
            "price": "19.01",
            "revenue": 16914626
        },
        "2014-10": {
            "month": "2014-10",
            "price": "17.84",
            "revenue": 10830468
        },
        "2014-11": {
            "month": "2014-11",
            "price": "18.04",
            "revenue": 16571679
        },
        "2014-12": {
            "month": "2014-12",
            "price": "19.73",
            "revenue": 24595430
        },
        "2015-01": {
            "month": "2015-01",
            "price": "20.24",
            "revenue": 21805217
        },
        "2015-02": {
            "month": "2015-02",
            "price": "20.41",
            "revenue": 15531608
        },
        "2015-03": {
            "month": "2015-03",
            "price": "21.51",
            "revenue": 19671415
        },
        "2015-04": {
            "month": "2015-04",
            "price": "20.50",
            "revenue": 17997621
        },
        "2015-05": {
            "month": "2015-05",
            "price": "20.40",
            "revenue": 11934159
        },
        "2015-06": {
            "month": "2015-06",
            "price": "18.70",
            "revenue": 12078148
        },
        "2015-07": {
            "month": "2015-07",
            "price": "17.89",
            "revenue": 10489317
        },
        "2015-08": {
            "month": "2015-08",
            "price": "18.50",
            "revenue": 18679941
        },
        "2015-09": {
            "month": "2015-09",
            "price": "19.90",
            "revenue": 17309916
        },
        "2015-10": {
            "month": "2015-10",
            "price": "21.46",
            "revenue": 13040720
        },
        "2015-11": {
            "month": "2015-11",
            "price": "22.35",
            "revenue": 14321665
        },
        "2015-12": {
            "month": "2015-12",
            "price": "21.05",
            "revenue": 20163192
        },
        "2016-01": {
            "month": "2016-01",
            "price": "19.65",
            "revenue": 20837342
        },
        "2016-02": {
            "month": "2016-02",
            "price": "19.54",
            "revenue": 13995418
        },
        "2016-03": {
            "month": "2016-03",
            "price": "20.88",
            "revenue": 25596334
        },
        "2016-04": {
            "month": "2016-04",
            "price": "19.32",
            "revenue": 14045970
        },
        "2016-05": {
            "month": "2016-05",
            "price": "18.56",
            "revenue": 12177898
        },
        "2016-06": {
            "month": "2016-06",
            "price": "18.54",
            "revenue": 17361189
        },
        "2016-07": {
            "month": "2016-07",
            "price": "18.90",
            "revenue": 19769186
        },
        "2016-08": {
            "month": "2016-08",
            "price": "19.86",
            "revenue": 18975585
        },
        "2016-09": {
            "month": "2016-09",
            "price": "19.05",
            "revenue": 20630652
        },
        "2016-10": {
            "month": "2016-10",
            "price": "19.32",
            "revenue": 10163571
        },
        "2016-11": {
            "month": "2016-11",
            "price": "20.68",
            "revenue": 12697686
        },
        "2016-12": {
            "month": "2016-12",
            "price": "22.74",
            "revenue": 19066918
        },
        "2017-01": {
            "month": "2017-01",
            "price": "22.78",
            "revenue": 31054771
        },
        "2017-02": {
            "month": "2017-02",
            "price": "24.71",
            "revenue": 21561489
        },
        "2017-03": {
            "month": "2017-03",
            "price": "25.80",
            "revenue": 24983846
        },
        "2017-04": {
            "month": "2017-04",
            "price": "24.24",
            "revenue": 14141262
        },
        "2017-05": {
            "month": "2017-05",
            "price": "22.65",
            "revenue": 16608419
        },
        "2017-06": {
            "month": "2017-06",
            "price": "21.62",
            "revenue": 13622448
        },
        "2017-07": {
            "month": "2017-07",
            "price": "22.21",
            "revenue": 20452745
        },
        "2017-08": {
            "month": "2017-08",
            "price": "22.84",
            "revenue": 18256459
        },
        "2017-09": {
            "month": "2017-09",
            "price": "22.74",
            "revenue": 18509125
        },
        "2017-10": {
            "month": "2017-10",
            "price": "23.42",
            "revenue": 17248242
        },
        "2017-11": {
            "month": "2017-11",
            "price": "25.88",
            "revenue": 18758265
        },
        "2017-12": {
            "month": "2017-12",
            "price": "25.77",
            "revenue": 23592772
        },
        "2018-01": {
            "month": "2018-01",
            "price": "25.72",
            "revenue": 33292608
        },
        "2018-02": {
            "month": "2018-02",
            "price": "24.65",
            "revenue": 9249302
        },
        "2018-03": {
            "month": "2018-03",
            "price": "24.84",
            "revenue": 22612354
        },
        "2018-04": {
            "month": "2018-04",
            "price": "24.53",
            "revenue": 9533325
        },
        "2018-05": {
            "month": "2018-05",
            "price": "24.56",
            "revenue": 15778916
        },
        "2018-06": {
            "month": "2018-06",
            "price": "24.59",
            "revenue": 24912193
        },
        "2018-07": {
            "month": "2018-07",
            "price": "24.70",
            "revenue": 18030597
        },
        "2018-08": {
            "month": "2018-08",
            "price": "24.05",
            "revenue": 17751927
        },
        "2018-09": {
            "month": "2018-09",
            "price": "23.84",
            "revenue": 16248066
        },
        "2018-10": {
            "month": "2018-10",
            "price": "21.72",
            "revenue": 24084151
        },
        "2018-11": {
            "month": "2018-11",
            "price": "19.88",
            "revenue": 12490134
        },
        "2018-12": {
            "month": "2018-12",
            "price": "18.40",
            "revenue": 20875691
        },
        "2019-01": {
            "month": "2019-01",
            "price": "17.36",
            "revenue": 25904687
        },
        "2019-02": {
            "month": "2019-02",
            "price": "17.91",
            "revenue": 18986163
        },
        "2019-03": {
            "month": "2019-03",
            "price": "18.28",
            "revenue": 20166595
        },
        "2019-04": {
            "month": "2019-04",
            "price": "17.62",
            "revenue": 16725922
        },
        "2019-05": {
            "month": "2019-05",
            "price": "17.23",
            "revenue": 19291306
        },
        "2019-06": {
            "month": "2019-06",
            "price": "18.09",
            "revenue": 10670985
        },
        "2019-07": {
            "month": "2019-07",
            "price": "18.13",
            "revenue": 17935188
        },
        "2019-08": {
            "month": "2019-08",
            "price": "17.71",
            "revenue": 20138821
        },
        "2019-09": {
            "month": "2019-09",
            "price": "18.90",
            "revenue": 12795335
        },
        "2019-10": {
            "month": "2019-10",
            "price": "18.94",
            "revenue": 22106822
        },
        "2019-11": {
            "month": "2019-11",
            "price": "20.72",
            "revenue": 16353792
        },
        "2019-12": {
            "month": "2019-12",
            "price": "21.50",
            "revenue": 28264453
        },
        "2020-01": {
            "month": "2020-01",
            "price": "21.76",
            "revenue": 23065333
        },
        "2020-02": {
            "month": "2020-02",
            "price": "22.25",
            "revenue": 14487433
        },
        "2020-03": {
            "month": "2020-03",
            "price": "18.19",
            "revenue": 17934320
        },
        "2020-04": {
            "month": "2020-04",
            "price": "21.15",
            "revenue": 7867785
        },
        "2020-05": {
            "month": "2020-05",
            "price": "21.76",
            "revenue": 20243163
        },
        "2020-06": {
            "month": "2020-06",
            "price": "24.36",
            "revenue": 15633665
        },
        "2020-07": {
            "month": "2020-07",
            "price": "26.42",
            "revenue": 17791414
        },
        "2020-08": {
            "month": "2020-08",
            "price": "25.11",
            "revenue": 15593535
        },
        "2020-09": {
            "month": "2020-09",
            "price": "22.79",
            "revenue": 16179715
        },
        "2020-10": {
            "month": "2020-10",
            "price": "21.57",
            "revenue": 16749438
        },
        "2020-11": {
            "month": "2020-11",
            "price": "21.17",
            "revenue": 19980598
        },
        "2020-12": {
            "month": "2020-12",
            "price": "20.71",
            "revenue": 24954096
        },
        "2021-01": {
            "month": "2021-01",
            "price": "20.43",
            "revenue": 23564126
        },
        "2021-02": {
            "month": "2021-02",
            "price": "20.30",
            "revenue": 13852878
        },
        "2021-03": {
            "month": "2021-03",
            "price": "20.85",
            "revenue": 15966364
        },
        "2021-04": {
            "month": "2021-04",
            "price": "22.36",
            "revenue": 21778298
        },
        "2021-05": {
            "month": "2021-05",
            "price": "21.73",
            "revenue": 15480265
        },
        "2021-06": {
            "month": "2021-06",
            "price": "22.69",
            "revenue": 12391448
        },
        "2021-07": {
            "month": "2021-07",
            "price": "23.02",
            "revenue": 10997098
        },
        "2021-08": {
            "month": "2021-08",
            "price": "22.65",
            "revenue": 17187512
        },
        "2021-09": {
            "month": "2021-09",
            "price": "24.03",
            "revenue": 9270101
        },
        "2021-10": {
            "month": "2021-10",
            "price": "24.09",
            "revenue": 13292948
        },
        "2021-11": {
            "month": "2021-11",
            "price": "23.31",
            "revenue": 13246085
        },
        "2021-12": {
            "month": "2021-12",
            "price": "22.65",
            "revenue": 21306242
        },
        "2022-01": {
            "month": "2022-01",
            "price": "22.12",
            "revenue": 20343836
        },
        "2022-02": {
            "month": "2022-02",
            "price": "21.82",
            "revenue": 15289018
        },
        "2022-03": {
            "month": "2022-03",
            "price": "21.32",
            "revenue": 24473966
        },
        "2022-04": {
            "month": "2022-04",
            "price": "21.48",
            "revenue": 26695545
        },
        "2022-05": {
            "month": "2022-05",
            "price": "19.61",
            "revenue": 2919479
        },
        "2022-06": {
            "month": "2022-06",
            "price": "19.40",
            "revenue": 26774102
        },
        "2022-07": {
            "month": "2022-07",
            "price": "18.64",
            "revenue": 13639081
        },
        "2022-08": {
            "month": "2022-08",
            "price": "18.15",
            "revenue": 21405659
        },
        "2022-09": {
            "month": "2022-09",
            "price": "15.81",
            "revenue": 36695770
        },
        "2022-10": {
            "month": "2022-10",
            "price": "14.25",
            "revenue": 19724877
        },
        "2022-11": {
            "month": "2022-11",
            "price": "14.71",
            "revenue": -13198669
        },
        "2022-12": {
            "month": "2022-12",
            "price": "15.36",
            "revenue": 14526115
        },
        "2023-01": {
            "month": "2023-01",
            "price": "15.34",
            "revenue": 31192046
        },
        "2023-02": {
            "month": "2023-02",
            "price": "16.15",
            "revenue": 866666
        },
        "2023-03": {
            "month": "2023-03",
            "price": "15.84",
            "revenue": 17139987
        },
        "2023-04": {
            "month": "2023-04",
            "price": "15.24",
            "revenue": 5777798
        },
        "2023-05": {
            "month": "2023-05",
            "price": "15.13",
            "revenue": 11849793
        },
        "2023-06": {
            "month": "2023-06",
            "price": "15.22",
            "revenue": 22909899
        },
        "2023-07": {
            "month": "2023-07",
            "price": "14.82",
            "revenue": 20627863
        },
        "2023-08": {
            "month": "2023-08",
            "price": "14.08",
            "revenue": 20009746
        },
        "2023-09": {
            "month": "2023-09",
            "price": "13.13",
            "revenue": 19245906
        },
        "2023-10": {
            "month": "2023-10",
            "price": "12.57",
            "revenue": 12658497
        },
        "2023-11": {
            "month": "2023-11",
            "price": "13.31",
            "revenue": -4129985
        },
        "2023-12": {
            "month": "2023-12",
            "price": "13.66",
            "revenue": 8141615
        }
    }
}
