{
    "summary": {
        "stock_name": "高林",
        "stock_id": "2906",
        "category": "貿易百貨",
        "main_business": "國際貿易<br>進口服飾零售<br>生技醫療產業",
        "website_url": "http://www.collins.com.tw",
        "ceo": "李界羲",
        "pe_ratio": 35,
        "report_year_from": 2001,
        "report_year_to": 2023,
        "age": 22,
        "eps_negative_percentage": 4,
        "eps_growth_avg": {
            "last_all": 5.79,
            "last_2y": 71.59,
            "last_4y": 9.48,
            "last_8y": 2.89,
            "last_12y": 13.22,
            "last_16y": 6.72,
            "last_20y": 5.79,
            "at_2006_last_3y": -7.9,
            "at_2007_last_3y": -7.42,
            "at_2008_last_3y": -26.64,
            "at_2009_last_3y": -12.79,
            "at_2010_last_3y": 17.21,
            "at_2011_last_3y": 44.51,
            "at_2012_last_3y": 43.46,
            "at_2013_last_3y": 33.88,
            "at_2014_last_3y": 33.88,
            "at_2015_last_3y": -3.62,
            "at_2016_last_3y": 13.29,
            "at_2017_last_3y": -3.7,
            "at_2018_last_3y": -30.02,
            "at_2019_last_3y": -42.52,
            "at_2020_last_3y": -54.65,
            "at_2021_last_3y": -1.75,
            "at_2022_last_3y": 14.39,
            "at_2023_last_3y": 14.39,
            "at_2006_last_all": -2.32,
            "at_2007_last_all": -3.47,
            "at_2008_last_all": -12.91,
            "at_2009_last_all": -5.34,
            "at_2010_last_all": 6.36,
            "at_2011_last_all": 15.73,
            "at_2012_last_all": 7.59,
            "at_2013_last_all": 7.73,
            "at_2014_last_all": 14.83,
            "at_2015_last_all": 10.2,
            "at_2016_last_all": 9.11,
            "at_2017_last_all": 4.87,
            "at_2018_last_all": 4.28,
            "at_2019_last_all": -1.52,
            "at_2020_last_all": -1.52,
            "at_2021_last_all": 3.83,
            "at_2022_last_all": 5.79,
            "at_2023_last_all": 5.79
        },
        "latest_eps": 0.47,
        "latest_price": 16.45,
        "latest_roe": 5.46,
        "latest_gross_margin": 28.1,
        "latest_equity": 6323137,
        "latest_revenue": 1840603,
        "latest_gross_profit": 517175,
        "latest_net_income": 59108,
        "latest_debt_ratio": 42.73,
        "latest_current_ratio": 151.58,
        "latest_account_receivable_turnover_ratio": 0.99,
        "latest_inventory_turnover_ratio": 1.01,
        "latest_reinvestment_rate": 642.93,
        "latest_research_to_sale_ratio": null
    },
    "eps_dividends": {
        "1989": {
            "cash": 1,
            "stock": 1,
            "eps": 0
        },
        "1990": {
            "cash": 1,
            "stock": 1,
            "eps": 0
        },
        "1991": {
            "cash": 0,
            "stock": 1,
            "eps": 0
        },
        "1992": {
            "cash": 0,
            "stock": 1,
            "eps": 0
        },
        "1993": {
            "cash": 0,
            "stock": 2,
            "eps": 0
        },
        "1994": {
            "cash": 1,
            "stock": 1,
            "eps": 0
        },
        "1995": {
            "cash": 1,
            "stock": 1,
            "eps": 0
        },
        "1996": {
            "cash": 1,
            "stock": 1,
            "eps": 0
        },
        "1997": {
            "cash": 1,
            "stock": 2,
            "eps": 0
        },
        "2000": {
            "cash": 0,
            "stock": 1,
            "eps": 0
        },
        "2001": {
            "cash": 0,
            "stock": 0,
            "eps": 0.9
        },
        "2002": {
            "cash": 1,
            "stock": 0,
            "eps": 1.08
        },
        "2003": {
            "cash": 1,
            "stock": 0,
            "eps": 0.96
        },
        "2004": {
            "cash": 1,
            "stock": 0,
            "eps": 1.03
        },
        "2005": {
            "cash": 1,
            "stock": 0,
            "eps": 0.95
        },
        "2006": {
            "cash": 1,
            "stock": 0,
            "eps": 0.76
        },
        "2007": {
            "cash": 1,
            "stock": 0,
            "eps": 0.69
        },
        "2008": {
            "cash": 1,
            "stock": 0,
            "eps": 0.21
        },
        "2009": {
            "cash": 0,
            "stock": 0,
            "eps": 0.31
        },
        "2010": {
            "cash": 1,
            "stock": 0,
            "eps": 0.75
        },
        "2011": {
            "cash": 2,
            "stock": 0,
            "eps": 1.64
        },
        "2012": {
            "cash": 0,
            "stock": 0,
            "eps": 0.43
        },
        "2013": {
            "cash": 1,
            "stock": 0,
            "eps": 0.47
        },
        "2014": {
            "cash": 1,
            "stock": 0,
            "eps": 0.98
        },
        "2015": {
            "cash": 1,
            "stock": 0,
            "eps": 0.49
        },
        "2016": {
            "cash": 1,
            "stock": 0,
            "eps": 0.46
        },
        "2017": {
            "cash": 0,
            "stock": 0,
            "eps": 0.19
        },
        "2018": {
            "cash": 0,
            "stock": 0,
            "eps": 0.18
        },
        "2019": {
            "cash": 0,
            "stock": 0,
            "eps": -0.05
        },
        "2020": {
            "cash": 0,
            "stock": 0,
            "eps": 0.15
        },
        "2021": {
            "cash": 0,
            "stock": 0,
            "eps": 0.44
        },
        "2022": {
            "cash": 0,
            "stock": 0,
            "eps": 0.63
        },
        "2023": {
            "cash": 1,
            "stock": 0,
            "eps": 0.02
        }
    },
    "dividends": {
        "1989-06-07": {
            "cash": 1,
            "stock": 1
        },
        "1990-05-07": {
            "cash": 1,
            "stock": 1
        },
        "1991-06-11": {
            "cash": 0,
            "stock": 1
        },
        "1992-06-25": {
            "cash": 0,
            "stock": 0.7
        },
        "1993-05-26": {
            "cash": 0,
            "stock": 1.5
        },
        "1994-05-27": {
            "cash": 0.5,
            "stock": 1
        },
        "1995-05-16": {
            "cash": 1,
            "stock": 1.45
        },
        "1996-05-24": {
            "cash": 1,
            "stock": 1.45
        },
        "1997-06-04": {
            "cash": 1,
            "stock": 1.75
        },
        "2000-05-09": {
            "cash": 0.49,
            "stock": 0.51
        },
        "2001-05-16": {
            "cash": 0.17,
            "stock": 0.23
        },
        "2002-06-06": {
            "cash": 0.83,
            "stock": 0
        },
        "2003-03-28": {
            "cash": 0.83,
            "stock": 0
        },
        "2004-05-18": {
            "cash": 0.74,
            "stock": 0.27
        },
        "2005-04-01": {
            "cash": 0.77,
            "stock": 0.23
        },
        "2006-04-26": {
            "cash": 0.75,
            "stock": 0
        },
        "2007-04-26": {
            "cash": 0.74,
            "stock": 0
        },
        "2008-04-22": {
            "cash": 0.74,
            "stock": 0
        },
        "2010-04-19": {
            "cash": 0.75,
            "stock": 0
        },
        "2011-01-01": {
            "cash": 1.25,
            "stock": 0
        },
        "2011-04-19": {
            "cash": 0.66,
            "stock": 0.34
        },
        "2013-03-22": {
            "cash": 0.6,
            "stock": 0
        },
        "2014-06-06": {
            "cash": 0.7,
            "stock": 0
        },
        "2015-08-12": {
            "cash": 0.9,
            "stock": 0
        },
        "2016-08-10": {
            "cash": 0.5,
            "stock": 0
        },
        "2017-08-08": {
            "cash": 0.4,
            "stock": 0
        },
        "2018-08-17": {
            "cash": 0.4,
            "stock": 0
        },
        "2019-08-12": {
            "cash": 0.4,
            "stock": 0
        },
        "2020-08-12": {
            "cash": 0.3,
            "stock": 0
        },
        "2021-08-17": {
            "cash": 0.3,
            "stock": 0
        },
        "2022-08-12": {
            "cash": 0.4,
            "stock": 0
        },
        "2023-03-24": {
            "cash": 0.6,
            "stock": 0
        }
    },
    "prices": {
        "200101": "6.17",
        "200102": "7.01",
        "200103": "6.77",
        "200104": "6.75",
        "200105": "6.59",
        "200106": "6.71",
        "200107": "6.19",
        "200108": "6.07",
        "200109": "6.06",
        "200110": "6.01",
        "200111": "6.30",
        "200112": "7.19",
        "200201": "7.36",
        "200202": "7.38",
        "200203": "8.20",
        "200204": "9.47",
        "200205": "9.47",
        "200206": "9.55",
        "200207": "8.96",
        "200208": "8.26",
        "200209": "8.08",
        "200210": "8.11",
        "200211": "9.05",
        "200212": "9.09",
        "200301": "9.77",
        "200302": "9.49",
        "200303": "9.21",
        "200304": "9.39",
        "200305": "9.24",
        "200306": "9.24",
        "200307": "8.87",
        "200308": "8.88",
        "200309": "9.00",
        "200310": "9.26",
        "200311": "9.56",
        "200312": "9.59",
        "200401": "10.10",
        "200402": "12.78",
        "200403": "12.04",
        "200404": "11.83",
        "200405": "10.92",
        "200406": "11.07",
        "200407": "10.43",
        "200408": "10.18",
        "200409": "10.50",
        "200410": "10.52",
        "200411": "10.47",
        "200412": "10.56",
        "200501": "10.95",
        "200502": "10.93",
        "200503": "10.85",
        "200504": "10.60",
        "200505": "10.46",
        "200506": "10.84",
        "200507": "10.38",
        "200508": "9.96",
        "200509": "9.87",
        "200510": "9.33",
        "200511": "9.70",
        "200512": "10.01",
        "200601": "10.13",
        "200602": "10.08",
        "200603": "10.01",
        "200604": "10.10",
        "200605": "10.43",
        "200606": "10.08",
        "200607": "9.65",
        "200608": "9.37",
        "200609": "9.48",
        "200610": "9.94",
        "200611": "10.09",
        "200612": "10.43",
        "200701": "10.39",
        "200702": "10.27",
        "200703": "9.92",
        "200704": "10.23",
        "200705": "10.59",
        "200706": "11.29",
        "200707": "12.70",
        "200708": "12.51",
        "200709": "12.07",
        "200710": "12.33",
        "200711": "12.11",
        "200712": "11.79",
        "200801": "11.65",
        "200802": "11.50",
        "200803": "11.90",
        "200804": "12.37",
        "200805": "13.10",
        "200806": "12.67",
        "200807": "10.98",
        "200808": "10.28",
        "200809": "8.79",
        "200810": "7.42",
        "200811": "8.04",
        "200812": "7.55",
        "200901": "7.13",
        "200902": "6.92",
        "200903": "7.17",
        "200904": "8.10",
        "200905": "8.35",
        "200906": "8.24",
        "200907": "8.10",
        "200908": "8.52",
        "200909": "8.33",
        "200910": "8.80",
        "200911": "8.83",
        "200912": "9.35",
        "201001": "11.00",
        "201002": "10.76",
        "201003": "11.55",
        "201004": "14.78",
        "201005": "14.64",
        "201006": "14.52",
        "201007": "13.30",
        "201008": "14.61",
        "201009": "14.33",
        "201010": "14.04",
        "201011": "13.34",
        "201012": "13.67",
        "201101": "14.02",
        "201102": "13.63",
        "201103": "13.51",
        "201104": "13.86",
        "201105": "14.07",
        "201106": "14.58",
        "201107": "15.54",
        "201108": "16.96",
        "201109": "15.14",
        "201110": "13.71",
        "201111": "14.13",
        "201112": "13.24",
        "201201": "13.31",
        "201202": "14.60",
        "201203": "15.15",
        "201204": "14.62",
        "201205": "14.25",
        "201206": "14.10",
        "201207": "12.92",
        "201208": "12.59",
        "201209": "12.37",
        "201210": "11.88",
        "201211": "10.70",
        "201212": "10.88",
        "201301": "11.30",
        "201302": "11.48",
        "201303": "11.31",
        "201304": "11.38",
        "201305": "11.48",
        "201306": "11.61",
        "201307": "11.16",
        "201308": "10.90",
        "201309": "10.76",
        "201310": "10.97",
        "201311": "11.02",
        "201312": "11.40",
        "201401": "11.33",
        "201402": "10.91",
        "201403": "10.95",
        "201404": "11.33",
        "201405": "11.50",
        "201406": "11.40",
        "201407": "11.12",
        "201408": "11.15",
        "201409": "13.62",
        "201410": "13.19",
        "201411": "14.27",
        "201412": "14.24",
        "201501": "14.35",
        "201502": "14.18",
        "201503": "14.96",
        "201504": "14.95",
        "201505": "14.75",
        "201506": "14.16",
        "201507": "13.46",
        "201508": "12.49",
        "201509": "12.34",
        "201510": "12.40",
        "201511": "12.11",
        "201512": "11.60",
        "201601": "11.49",
        "201602": "11.50",
        "201603": "12.15",
        "201604": "12.01",
        "201605": "11.54",
        "201606": "11.61",
        "201607": "11.54",
        "201608": "11.10",
        "201609": "10.88",
        "201610": "10.73",
        "201611": "10.49",
        "201612": "10.48",
        "201701": "10.75",
        "201702": "11.40",
        "201703": "12.56",
        "201704": "11.89",
        "201705": "11.48",
        "201706": "11.71",
        "201707": "11.39",
        "201708": "11.25",
        "201709": "11.28",
        "201710": "11.16",
        "201711": "11.19",
        "201712": "11.06",
        "201801": "11.13",
        "201802": "10.87",
        "201803": "10.88",
        "201804": "10.90",
        "201805": "10.85",
        "201806": "11.42",
        "201807": "10.98",
        "201808": "10.45",
        "201809": "10.42",
        "201810": "9.82",
        "201811": "9.57",
        "201812": "9.55",
        "201901": "9.94",
        "201902": "10.10",
        "201903": "10.08",
        "201904": "10.20",
        "201905": "10.63",
        "201906": "10.87",
        "201907": "11.19",
        "201908": "11.58",
        "201909": "11.62",
        "201910": "11.53",
        "201911": "11.18",
        "201912": "11.35",
        "202001": "11.35",
        "202002": "11.17",
        "202003": "10.49",
        "202004": "10.20",
        "202005": "11.40",
        "202006": "12.42",
        "202007": "13.72",
        "202008": "13.69",
        "202009": "13.85",
        "202010": "13.59",
        "202011": "14.43",
        "202012": "14.91",
        "202101": "15.72",
        "202102": "15.76",
        "202103": "15.82",
        "202104": "16.78",
        "202105": "15.19",
        "202106": "15.53",
        "202107": "15.31",
        "202108": "14.92",
        "202109": "15.32",
        "202110": "15.40",
        "202111": "15.43",
        "202112": "15.41",
        "202201": "15.33",
        "202202": "18.21",
        "202203": "26.00",
        "202204": "20.21",
        "202205": "17.75",
        "202206": "18.51",
        "202207": "19.04",
        "202208": "19.05",
        "202209": "17.45",
        "202210": "15.69",
        "202211": "16.52",
        "202212": "17.81",
        "202301": "18.02",
        "202302": "18.70",
        "202303": "17.74",
        "202304": "17.36",
        "202305": "16.80"
    },
    "quarters": {
        "20011": {
            "year_quarter": 20011,
            "year": 2001,
            "quarter": 1,
            "eps": 0.4,
            "eps_growth_year": 11.11,
            "eps_4q": 0.54,
            "eps_4q_growth_year": -38.96,
            "roe": 3.4,
            "roe_4q": 3.4,
            "gross_profit": 365109,
            "gross_margin": 15.12,
            "gross_margin_4q_avg": 15.12,
            "net_income": 159840,
            "revenue": 2415241,
            "common_shares": 4205608,
            "book_valuer_per_share": 11.34,
            "book_valuer_per_share_4q_avg": 11.34,
            "equity": 4768993,
            "current_ratio": 177.05,
            "debt_ratio": 42.2,
            "inventory_turnover_ratio": 9.37,
            "account_receivable_turnover_ratio": null,
            "reinvestment_rate": null,
            "research_to_sale_ratio": null,
            "price_fair": 0,
            "eps_avg_yearly": 0,
            "eps_latest_yearly": 0,
            "eps_growth_yearly": 0
        },
        "20012": {
            "year_quarter": 20012,
            "year": 2001,
            "quarter": 2,
            "eps": 0.19,
            "eps_growth_year": -24,
            "eps_4q": 0.44,
            "eps_4q_growth_year": -50.48,
            "roe": 1.69,
            "roe_4q": 5.09,
            "gross_profit": 337045,
            "gross_margin": 13.99,
            "gross_margin_4q_avg": 14.56,
            "net_income": 79917,
            "revenue": 2409766,
            "common_shares": 4105608,
            "book_valuer_per_share": 11.39,
            "book_valuer_per_share_4q_avg": 11.37,
            "equity": 4676203,
            "current_ratio": 175.28,
            "debt_ratio": 43.6,
            "inventory_turnover_ratio": 8.19,
            "account_receivable_turnover_ratio": null,
            "reinvestment_rate": null,
            "research_to_sale_ratio": null,
            "price_fair": 0,
            "eps_avg_yearly": 0,
            "eps_latest_yearly": 0,
            "eps_growth_yearly": 0
        },
        "20013": {
            "year_quarter": 20013,
            "year": 2001,
            "quarter": 3,
            "eps": 0.19,
            "eps_growth_year": -9.52,
            "eps_4q": 0.41,
            "eps_4q_growth_year": -43.13,
            "roe": 1.63,
            "roe_4q": 6.72,
            "gross_profit": 404498,
            "gross_margin": 15.81,
            "gross_margin_4q_avg": 14.97,
            "net_income": 76120,
            "revenue": 2558075,
            "common_shares": 4063037,
            "book_valuer_per_share": 11.53,
            "book_valuer_per_share_4q_avg": 11.42,
            "equity": 4685698,
            "current_ratio": 178.89,
            "debt_ratio": 43.03,
            "inventory_turnover_ratio": 9.29,
            "account_receivable_turnover_ratio": null,
            "reinvestment_rate": null,
            "research_to_sale_ratio": null,
            "price_fair": 0,
            "eps_avg_yearly": 0,
            "eps_latest_yearly": 0,
            "eps_growth_yearly": 0
        },
        "20014": {
            "year_quarter": 20014,
            "year": 2001,
            "quarter": 4,
            "eps": 0.12,
            "eps_growth_year": null,
            "eps_4q": 0.89,
            "eps_4q_growth_year": 88.85,
            "roe": 1.05,
            "roe_4q": 7.77,
            "gross_profit": 328050,
            "gross_margin": 15.87,
            "gross_margin_4q_avg": 15.2,
            "net_income": 49383,
            "revenue": 2067400,
            "common_shares": 3902507,
            "book_valuer_per_share": 12,
            "book_valuer_per_share_4q_avg": 11.57,
            "equity": 4681275,
            "current_ratio": 176,
            "debt_ratio": 43.38,
            "inventory_turnover_ratio": 8.12,
            "account_receivable_turnover_ratio": null,
            "reinvestment_rate": null,
            "research_to_sale_ratio": null,
            "price_fair": 0,
            "eps_avg_yearly": 0,
            "eps_latest_yearly": 0,
            "eps_growth_yearly": 0
        },
        "20021": {
            "year_quarter": 20021,
            "year": 2002,
            "quarter": 1,
            "eps": 0.39,
            "eps_growth_year": -2.5,
            "eps_4q": 1.02,
            "eps_4q_growth_year": 90.47,
            "roe": 2.77,
            "roe_4q": 7.140000000000001,
            "gross_profit": 397497,
            "gross_margin": 16.16,
            "gross_margin_4q_avg": 15.46,
            "net_income": 127323,
            "revenue": 2459735,
            "common_shares": 3809607,
            "book_valuer_per_share": 11.82,
            "book_valuer_per_share_4q_avg": 11.69,
            "equity": 4501176,
            "current_ratio": 180.23,
            "debt_ratio": 43.17,
            "inventory_turnover_ratio": 10.01,
            "account_receivable_turnover_ratio": null,
            "reinvestment_rate": null,
            "research_to_sale_ratio": null,
            "price_fair": 54.6,
            "eps_avg_yearly": 1.56,
            "eps_latest_yearly": 1.56,
            "eps_growth_yearly": 900
        },
        "20022": {
            "year_quarter": 20022,
            "year": 2002,
            "quarter": 2,
            "eps": 0.19,
            "eps_growth_year": 0,
            "eps_4q": 0.96,
            "eps_4q_growth_year": 119.78,
            "roe": 1.43,
            "roe_4q": 6.88,
            "gross_profit": 330453,
            "gross_margin": 15.97,
            "gross_margin_4q_avg": 15.95,
            "net_income": 62562,
            "revenue": 2069400,
            "common_shares": 3809607,
            "book_valuer_per_share": 11.07,
            "book_valuer_per_share_4q_avg": 11.61,
            "equity": 4218962,
            "current_ratio": 173.6,
            "debt_ratio": 44.91,
            "inventory_turnover_ratio": 7.77,
            "account_receivable_turnover_ratio": null,
            "reinvestment_rate": null,
            "research_to_sale_ratio": null,
            "price_fair": 40.6,
            "eps_avg_yearly": 1.16,
            "eps_latest_yearly": 0.76,
            "eps_growth_yearly": 347.44
        },
        "20023": {
            "year_quarter": 20023,
            "year": 2002,
            "quarter": 3,
            "eps": 0.36,
            "eps_growth_year": 89.47,
            "eps_4q": 1.08,
            "eps_4q_growth_year": 161.51,
            "roe": 2.79,
            "roe_4q": 8.040000000000001,
            "gross_profit": 484307,
            "gross_margin": 15.8,
            "gross_margin_4q_avg": 15.95,
            "net_income": 118846,
            "revenue": 3064256,
            "common_shares": 3809607,
            "book_valuer_per_share": 11.3,
            "book_valuer_per_share_4q_avg": 11.55,
            "equity": 4304664,
            "current_ratio": 190.25,
            "debt_ratio": 46.68,
            "inventory_turnover_ratio": 11.04,
            "account_receivable_turnover_ratio": null,
            "reinvestment_rate": null,
            "research_to_sale_ratio": null,
            "price_fair": 43.87,
            "eps_avg_yearly": 1.25,
            "eps_latest_yearly": 1.44,
            "eps_growth_yearly": 350.92
        },
        "20024": {
            "year_quarter": 20024,
            "year": 2002,
            "quarter": 4,
            "eps": 0.14,
            "eps_growth_year": 16.67,
            "eps_4q": 1.09,
            "eps_4q_growth_year": 22.43,
            "roe": 1.05,
            "roe_4q": 8.04,
            "gross_profit": 331563,
            "gross_margin": 14.37,
            "gross_margin_4q_avg": 15.58,
            "net_income": 45656,
            "revenue": 2306949,
            "common_shares": 3784607,
            "book_valuer_per_share": 11.56,
            "book_valuer_per_share_4q_avg": 11.44,
            "equity": 4390525,
            "current_ratio": 201.42,
            "debt_ratio": 43.95,
            "inventory_turnover_ratio": 6.36,
            "account_receivable_turnover_ratio": null,
            "reinvestment_rate": 11.64,
            "research_to_sale_ratio": null,
            "price_fair": 37.8,
            "eps_avg_yearly": 1.08,
            "eps_latest_yearly": 0.56,
            "eps_growth_yearly": 202.08
        },
        "20031": {
            "year_quarter": 20031,
            "year": 2003,
            "quarter": 1,
            "eps": 0.38,
            "eps_growth_year": -2.56,
            "eps_4q": 1.08,
            "eps_4q_growth_year": 6.19,
            "roe": 2.77,
            "roe_4q": 8.040000000000001,
            "gross_profit": 426783,
            "gross_margin": 15.14,
            "gross_margin_4q_avg": 15.32,
            "net_income": 122857,
            "revenue": 2818463,
            "common_shares": 3784607,
            "book_valuer_per_share": 11.84,
            "book_valuer_per_share_4q_avg": 11.44,
            "equity": 4481765,
            "current_ratio": 192.42,
            "debt_ratio": 45.29,
            "inventory_turnover_ratio": 7.34,
            "account_receivable_turnover_ratio": null,
            "reinvestment_rate": 11.43,
            "research_to_sale_ratio": null,
            "price_fair": 40.88,
            "eps_avg_yearly": 1.17,
            "eps_latest_yearly": 1.52,
            "eps_growth_yearly": 298.81
        },
        "20032": {
            "year_quarter": 20032,
            "year": 2003,
            "quarter": 2,
            "eps": 0.14,
            "eps_growth_year": -26.32,
            "eps_4q": 1.02,
            "eps_4q_growth_year": 6.27,
            "roe": 1.06,
            "roe_4q": 7.67,
            "gross_profit": 357139,
            "gross_margin": 16.62,
            "gross_margin_4q_avg": 15.48,
            "net_income": 45824,
            "revenue": 2149359,
            "common_shares": 3684607,
            "book_valuer_per_share": 11.39,
            "book_valuer_per_share_4q_avg": 11.52,
            "equity": 4196537,
            "current_ratio": 174.17,
            "debt_ratio": 49.23,
            "inventory_turnover_ratio": 5.66,
            "account_receivable_turnover_ratio": null,
            "reinvestment_rate": 13.42,
            "research_to_sale_ratio": null,
            "price_fair": 37.33,
            "eps_avg_yearly": 1.07,
            "eps_latest_yearly": 0.56,
            "eps_growth_yearly": 206.9
        },
        "20033": {
            "year_quarter": 20033,
            "year": 2003,
            "quarter": 3,
            "eps": 0.31,
            "eps_growth_year": -13.89,
            "eps_4q": 0.99,
            "eps_4q_growth_year": -8.72,
            "roe": 2.29,
            "roe_4q": 7.17,
            "gross_profit": 431277,
            "gross_margin": 15.75,
            "gross_margin_4q_avg": 15.47,
            "net_income": 97682,
            "revenue": 2737879,
            "common_shares": 3684607,
            "book_valuer_per_share": 11.81,
            "book_valuer_per_share_4q_avg": 11.65,
            "equity": 4351030,
            "current_ratio": 184.48,
            "debt_ratio": 46.96,
            "inventory_turnover_ratio": 7.09,
            "account_receivable_turnover_ratio": null,
            "reinvestment_rate": 14.8,
            "research_to_sale_ratio": null,
            "price_fair": 38.2,
            "eps_avg_yearly": 1.09,
            "eps_latest_yearly": 1.24,
            "eps_growth_yearly": 246.73
        },
        "20034": {
            "year_quarter": 20034,
            "year": 2003,
            "quarter": 4,
            "eps": 0.13,
            "eps_growth_year": -7.14,
            "eps_4q": 0.97,
            "eps_4q_growth_year": -10.37,
            "roe": 0.93,
            "roe_4q": 7.050000000000001,
            "gross_profit": 349552,
            "gross_margin": 18.22,
            "gross_margin_4q_avg": 16.43,
            "net_income": 41028,
            "revenue": 1918392,
            "common_shares": 3684607,
            "book_valuer_per_share": 12.11,
            "book_valuer_per_share_4q_avg": 11.79,
            "equity": 4487796,
            "current_ratio": 197.79,
            "debt_ratio": 44.08,
            "inventory_turnover_ratio": 4.24,
            "account_receivable_turnover_ratio": null,
            "reinvestment_rate": -2.37,
            "research_to_sale_ratio": null,
            "price_fair": 35.7,
            "eps_avg_yearly": 1.02,
            "eps_latest_yearly": 0.52,
            "eps_growth_yearly": 186.86
        },
        "20041": {
            "year_quarter": 20041,
            "year": 2004,
            "quarter": 1,
            "eps": 0.48,
            "eps_growth_year": 26.32,
            "eps_4q": 1.04,
            "eps_4q_growth_year": -3.88,
            "roe": 3.47,
            "roe_4q": 7.75,
            "gross_profit": 401187,
            "gross_margin": 18.32,
            "gross_margin_4q_avg": 17.23,
            "net_income": 158085,
            "revenue": 2190077,
            "common_shares": 3684607,
            "book_valuer_per_share": 12.57,
            "book_valuer_per_share_4q_avg": 11.97,
            "equity": 4630821,
            "current_ratio": 194.53,
            "debt_ratio": 44.05,
            "inventory_turnover_ratio": 4.71,
            "account_receivable_turnover_ratio": null,
            "reinvestment_rate": -2.74,
            "research_to_sale_ratio": null,
            "price_fair": 39.2,
            "eps_avg_yearly": 1.12,
            "eps_latest_yearly": 1.92,
            "eps_growth_yearly": 285.75
        },
        "20042": {
            "year_quarter": 20042,
            "year": 2004,
            "quarter": 2,
            "eps": 0.15,
            "eps_growth_year": 7.14,
            "eps_4q": 1.02,
            "eps_4q_growth_year": -0.18,
            "roe": 1.15,
            "roe_4q": 7.84,
            "gross_profit": 358151,
            "gross_margin": 18.89,
            "gross_margin_4q_avg": 17.8,
            "net_income": 51402,
            "revenue": 1896362,
            "common_shares": 3634607,
            "book_valuer_per_share": 11.93,
            "book_valuer_per_share_4q_avg": 12.11,
            "equity": 4337705,
            "current_ratio": 183.44,
            "debt_ratio": 46.17,
            "inventory_turnover_ratio": 4.82,
            "account_receivable_turnover_ratio": null,
            "reinvestment_rate": -3.16,
            "research_to_sale_ratio": null,
            "price_fair": 37.38,
            "eps_avg_yearly": 1.07,
            "eps_latest_yearly": 0.6,
            "eps_growth_yearly": 229.68
        },
        "20043": {
            "year_quarter": 20043,
            "year": 2004,
            "quarter": 3,
            "eps": 0.3,
            "eps_growth_year": -3.23,
            "eps_4q": 1.05,
            "eps_4q_growth_year": 6.3,
            "roe": 2.27,
            "roe_4q": 7.82,
            "gross_profit": 380980,
            "gross_margin": 15.24,
            "gross_margin_4q_avg": 17.67,
            "net_income": 99859,
            "revenue": 2499376,
            "common_shares": 3734091,
            "book_valuer_per_share": 11.97,
            "book_valuer_per_share_4q_avg": 12.15,
            "equity": 4468774,
            "current_ratio": 176.48,
            "debt_ratio": 45.95,
            "inventory_turnover_ratio": 5.92,
            "account_receivable_turnover_ratio": null,
            "reinvestment_rate": -2.12,
            "research_to_sale_ratio": null,
            "price_fair": 37.8,
            "eps_avg_yearly": 1.08,
            "eps_latest_yearly": 1.2,
            "eps_growth_yearly": 245.16
        },
        "20044": {
            "year_quarter": 20044,
            "year": 2004,
            "quarter": 4,
            "eps": 0.1,
            "eps_growth_year": -23.08,
            "eps_4q": 0.98,
            "eps_4q_growth_year": 0.65,
            "roe": 0.78,
            "roe_4q": 7.67,
            "gross_profit": 328954,
            "gross_margin": 18.5,
            "gross_margin_4q_avg": 17.74,
            "net_income": 35140,
            "revenue": 1778163,
            "common_shares": 3734091,
            "book_valuer_per_share": 11.97,
            "book_valuer_per_share_4q_avg": 12.11,
            "equity": 4508939,
            "current_ratio": 198.34,
            "debt_ratio": 41.22,
            "inventory_turnover_ratio": 2.9,
            "account_receivable_turnover_ratio": null,
            "reinvestment_rate": 3.16,
            "research_to_sale_ratio": null,
            "price_fair": 35.82,
            "eps_avg_yearly": 1.02,
            "eps_latest_yearly": 0.4,
            "eps_growth_yearly": 202.51
        },
        "20051": {
            "year_quarter": 20051,
            "year": 2005,
            "quarter": 1,
            "eps": 0.35,
            "eps_growth_year": -27.08,
            "eps_4q": 0.91,
            "eps_4q_growth_year": -12.78,
            "roe": 2.56,
            "roe_4q": 6.76,
            "gross_profit": 388742,
            "gross_margin": 19.45,
            "gross_margin_4q_avg": 18.02,
            "net_income": 117044,
            "revenue": 1998332,
            "common_shares": 3734091,
            "book_valuer_per_share": 12.37,
            "book_valuer_per_share_4q_avg": 12.06,
            "equity": 4620379,
            "current_ratio": 220.06,
            "debt_ratio": 35.67,
            "inventory_turnover_ratio": 3.48,
            "account_receivable_turnover_ratio": null,
            "reinvestment_rate": -16.26,
            "research_to_sale_ratio": null,
            "price_fair": 36.83,
            "eps_avg_yearly": 1.05,
            "eps_latest_yearly": 1.4,
            "eps_growth_yearly": 263.86
        },
        "20052": {
            "year_quarter": 20052,
            "year": 2005,
            "quarter": 2,
            "eps": 0.18,
            "eps_growth_year": 20,
            "eps_4q": 0.9,
            "eps_4q_growth_year": -11.89,
            "roe": 1.41,
            "roe_4q": 7.02,
            "gross_profit": 319310,
            "gross_margin": 20.7,
            "gross_margin_4q_avg": 18.47,
            "net_income": 63430,
            "revenue": 1542367,
            "common_shares": 3734091,
            "book_valuer_per_share": 11.72,
            "book_valuer_per_share_4q_avg": 12.01,
            "equity": 4377894,
            "current_ratio": 205.01,
            "debt_ratio": 38.52,
            "inventory_turnover_ratio": 3.4,
            "account_receivable_turnover_ratio": null,
            "reinvestment_rate": -15.95,
            "research_to_sale_ratio": null,
            "price_fair": 36,
            "eps_avg_yearly": 1.03,
            "eps_latest_yearly": 0.72,
            "eps_growth_yearly": 231.13
        },
        "20053": {
            "year_quarter": 20053,
            "year": 2005,
            "quarter": 3,
            "eps": 0.24,
            "eps_growth_year": -20,
            "eps_4q": 0.88,
            "eps_4q_growth_year": -16.18,
            "roe": 1.84,
            "roe_4q": 6.590000000000001,
            "gross_profit": 344742,
            "gross_margin": 20.34,
            "gross_margin_4q_avg": 19.75,
            "net_income": 80567,
            "revenue": 1695310,
            "common_shares": 3819975,
            "book_valuer_per_share": 11.51,
            "book_valuer_per_share_4q_avg": 11.89,
            "equity": 4398007,
            "current_ratio": 210.61,
            "debt_ratio": 37.34,
            "inventory_turnover_ratio": 3.26,
            "account_receivable_turnover_ratio": null,
            "reinvestment_rate": -16.13,
            "research_to_sale_ratio": null,
            "price_fair": 35.84,
            "eps_avg_yearly": 1.02,
            "eps_latest_yearly": 0.96,
            "eps_growth_yearly": 224.61
        },
        "20054": {
            "year_quarter": 20054,
            "year": 2005,
            "quarter": 4,
            "eps": 0.18,
            "eps_growth_year": 80,
            "eps_4q": 0.93,
            "eps_4q_growth_year": -4.96,
            "roe": 1.41,
            "roe_4q": 7.220000000000001,
            "gross_profit": 386283,
            "gross_margin": 22.98,
            "gross_margin_4q_avg": 20.87,
            "net_income": 62507,
            "revenue": 1680598,
            "common_shares": 3719975,
            "book_valuer_per_share": 11.84,
            "book_valuer_per_share_4q_avg": 11.86,
            "equity": 4461362,
            "current_ratio": 202.53,
            "debt_ratio": 42.45,
            "inventory_turnover_ratio": 1.99,
            "account_receivable_turnover_ratio": null,
            "reinvestment_rate": 28.35,
            "research_to_sale_ratio": null,
            "price_fair": 35.18,
            "eps_avg_yearly": 1.01,
            "eps_latest_yearly": 0.72,
            "eps_growth_yearly": 204.32
        },
        "20061": {
            "year_quarter": 20061,
            "year": 2006,
            "quarter": 1,
            "eps": 0.27,
            "eps_growth_year": -22.86,
            "eps_4q": 0.91,
            "eps_4q_growth_year": -0.03,
            "roe": 1.96,
            "roe_4q": 6.62,
            "gross_profit": 351130,
            "gross_margin": 18.48,
            "gross_margin_4q_avg": 20.63,
            "net_income": 87517,
            "revenue": 1900549,
            "common_shares": 3719975,
            "book_valuer_per_share": 12.06,
            "book_valuer_per_share_4q_avg": 11.78,
            "equity": 4486332,
            "current_ratio": 224.33,
            "debt_ratio": 34.93,
            "inventory_turnover_ratio": 2.23,
            "account_receivable_turnover_ratio": null,
            "reinvestment_rate": -16.59,
            "research_to_sale_ratio": null,
            "price_fair": 34.13,
            "eps_avg_yearly": 0.98,
            "eps_latest_yearly": 1.08,
            "eps_growth_yearly": 160.57
        },
        "20062": {
            "year_quarter": 20062,
            "year": 2006,
            "quarter": 2,
            "eps": 0.14,
            "eps_growth_year": -22.22,
            "eps_4q": 0.86,
            "eps_4q_growth_year": -3.51,
            "roe": 1.02,
            "roe_4q": 6.2299999999999995,
            "gross_profit": 320414,
            "gross_margin": 20.58,
            "gross_margin_4q_avg": 20.6,
            "net_income": 44600,
            "revenue": 1557141,
            "common_shares": 3719975,
            "book_valuer_per_share": 11.39,
            "book_valuer_per_share_4q_avg": 11.7,
            "equity": 4235752,
            "current_ratio": 186.73,
            "debt_ratio": 41.51,
            "inventory_turnover_ratio": 2.46,
            "account_receivable_turnover_ratio": null,
            "reinvestment_rate": -16.28,
            "research_to_sale_ratio": null,
            "price_fair": 33.69,
            "eps_avg_yearly": 0.96,
            "eps_latest_yearly": 0.56,
            "eps_growth_yearly": 161.36
        },
        "20063": {
            "year_quarter": 20063,
            "year": 2006,
            "quarter": 3,
            "eps": 0.27,
            "eps_growth_year": 12.5,
            "eps_4q": 0.86,
            "eps_4q_growth_year": -2.83,
            "roe": 2.08,
            "roe_4q": 6.470000000000001,
            "gross_profit": 383844,
            "gross_margin": 23.78,
            "gross_margin_4q_avg": 21.46,
            "net_income": 89478,
            "revenue": 1614068,
            "common_shares": 3719975,
            "book_valuer_per_share": 11.7,
            "book_valuer_per_share_4q_avg": 11.75,
            "equity": 4351429,
            "current_ratio": 202.82,
            "debt_ratio": 38.53,
            "inventory_turnover_ratio": 2.39,
            "account_receivable_turnover_ratio": null,
            "reinvestment_rate": -16.89,
            "research_to_sale_ratio": null,
            "price_fair": 32.9,
            "eps_avg_yearly": 0.94,
            "eps_latest_yearly": 1.08,
            "eps_growth_yearly": 162.2
        },
        "20064": {
            "year_quarter": 20064,
            "year": 2006,
            "quarter": 4,
            "eps": 0.08,
            "eps_growth_year": -55.56,
            "eps_4q": 0.73,
            "eps_4q_growth_year": -21.8,
            "roe": 0.63,
            "roe_4q": 5.6899999999999995,
            "gross_profit": 370004,
            "gross_margin": 30.06,
            "gross_margin_4q_avg": 23.23,
            "net_income": 27334,
            "revenue": 1230794,
            "common_shares": 3719975,
            "book_valuer_per_share": 11.55,
            "book_valuer_per_share_4q_avg": 11.68,
            "equity": 4370622,
            "current_ratio": 200.99,
            "debt_ratio": 44.27,
            "inventory_turnover_ratio": 1.28,
            "account_receivable_turnover_ratio": null,
            "reinvestment_rate": 15.61,
            "research_to_sale_ratio": null,
            "price_fair": 32.38,
            "eps_avg_yearly": 0.93,
            "eps_latest_yearly": 0.32,
            "eps_growth_yearly": 159.89
        },
        "20071": {
            "year_quarter": 20071,
            "year": 2007,
            "quarter": 1,
            "eps": 0.35,
            "eps_growth_year": 29.63,
            "eps_4q": 0.86,
            "eps_4q_growth_year": -5.22,
            "roe": 2.53,
            "roe_4q": 6.26,
            "gross_profit": 356415,
            "gross_margin": 24.82,
            "gross_margin_4q_avg": 24.81,
            "net_income": 110833,
            "revenue": 1435929,
            "common_shares": 3642175,
            "book_valuer_per_share": 12.1,
            "book_valuer_per_share_4q_avg": 11.69,
            "equity": 4405817,
            "current_ratio": 258.55,
            "debt_ratio": 31.61,
            "inventory_turnover_ratio": 1.77,
            "account_receivable_turnover_ratio": null,
            "reinvestment_rate": -34.36,
            "research_to_sale_ratio": null,
            "price_fair": 32.11,
            "eps_avg_yearly": 0.92,
            "eps_latest_yearly": 1.4,
            "eps_growth_yearly": 201.41
        },
        "20072": {
            "year_quarter": 20072,
            "year": 2007,
            "quarter": 2,
            "eps": 0.12,
            "eps_growth_year": -14.29,
            "eps_4q": 0.85,
            "eps_4q_growth_year": -1.4,
            "roe": 0.87,
            "roe_4q": 6.11,
            "gross_profit": 333960,
            "gross_margin": 27.12,
            "gross_margin_4q_avg": 26.45,
            "net_income": 37331,
            "revenue": 1231480,
            "common_shares": 3642175,
            "book_valuer_per_share": 11.59,
            "book_valuer_per_share_4q_avg": 11.74,
            "equity": 4220716,
            "current_ratio": 256.86,
            "debt_ratio": 30.32,
            "inventory_turnover_ratio": 2.18,
            "account_receivable_turnover_ratio": null,
            "reinvestment_rate": -34.85,
            "research_to_sale_ratio": null,
            "price_fair": 31.94,
            "eps_avg_yearly": 0.91,
            "eps_latest_yearly": 0.48,
            "eps_growth_yearly": 200.77
        },
        "20073": {
            "year_quarter": 20073,
            "year": 2007,
            "quarter": 3,
            "eps": 0.44,
            "eps_growth_year": 62.96,
            "eps_4q": 1,
            "eps_4q_growth_year": 16.49,
            "roe": 3.2,
            "roe_4q": 7.2299999999999995,
            "gross_profit": 345610,
            "gross_margin": 24.5,
            "gross_margin_4q_avg": 26.63,
            "net_income": 138220,
            "revenue": 1410891,
            "common_shares": 3642175,
            "book_valuer_per_share": 12.1,
            "book_valuer_per_share_4q_avg": 11.84,
            "equity": 4405443,
            "current_ratio": 276.26,
            "debt_ratio": 28.41,
            "inventory_turnover_ratio": 2.48,
            "account_receivable_turnover_ratio": null,
            "reinvestment_rate": -33.3,
            "research_to_sale_ratio": null,
            "price_fair": 33.08,
            "eps_avg_yearly": 0.95,
            "eps_latest_yearly": 1.76,
            "eps_growth_yearly": 237.08
        },
        "20074": {
            "year_quarter": 20074,
            "year": 2007,
            "quarter": 4,
            "eps": -0.22,
            "eps_growth_year": -375,
            "eps_4q": 0.6,
            "eps_4q_growth_year": -17.59,
            "roe": -1.54,
            "roe_4q": 5.0600000000000005,
            "gross_profit": 341503,
            "gross_margin": 33.1,
            "gross_margin_4q_avg": 27.39,
            "net_income": -68272,
            "revenue": 1031884,
            "common_shares": 3642175,
            "book_valuer_per_share": 11.98,
            "book_valuer_per_share_4q_avg": 11.94,
            "equity": 4438713,
            "current_ratio": 254.98,
            "debt_ratio": 35.42,
            "inventory_turnover_ratio": 1.16,
            "account_receivable_turnover_ratio": null,
            "reinvestment_rate": 33.03,
            "research_to_sale_ratio": null,
            "price_fair": 34.07,
            "eps_avg_yearly": 0.97,
            "eps_latest_yearly": 1.76,
            "eps_growth_yearly": 268.36
        },
        "20081": {
            "year_quarter": 20081,
            "year": 2008,
            "quarter": 1,
            "eps": 0.22,
            "eps_growth_year": -37.14,
            "eps_4q": 0.53,
            "eps_4q_growth_year": -37.8,
            "roe": 1.64,
            "roe_4q": 4.17,
            "gross_profit": 433479,
            "gross_margin": 21.44,
            "gross_margin_4q_avg": 26.54,
            "net_income": 72282,
            "revenue": 2021432,
            "common_shares": 3642175,
            "book_valuer_per_share": 11.84,
            "book_valuer_per_share_4q_avg": 11.88,
            "equity": 4382536,
            "current_ratio": 359.93,
            "debt_ratio": 27.25,
            "inventory_turnover_ratio": 2.34,
            "account_receivable_turnover_ratio": null,
            "reinvestment_rate": 34.98,
            "research_to_sale_ratio": null,
            "price_fair": 31.7,
            "eps_avg_yearly": 0.91,
            "eps_latest_yearly": 1.76,
            "eps_growth_yearly": 210.61
        },
        "20082": {
            "year_quarter": 20082,
            "year": 2008,
            "quarter": 2,
            "eps": -0.32,
            "eps_growth_year": -366.67,
            "eps_4q": 0.1,
            "eps_4q_growth_year": -88.09,
            "roe": -2.49,
            "roe_4q": 0.8099999999999996,
            "gross_profit": 459296,
            "gross_margin": 23.86,
            "gross_margin_4q_avg": 25.73,
            "net_income": -104150,
            "revenue": 1924692,
            "common_shares": 3550485,
            "book_valuer_per_share": 11.06,
            "book_valuer_per_share_4q_avg": 11.75,
            "equity": 3997063,
            "current_ratio": 265.79,
            "debt_ratio": 34.2,
            "inventory_turnover_ratio": 2.32,
            "account_receivable_turnover_ratio": null,
            "reinvestment_rate": 35.38,
            "research_to_sale_ratio": null,
            "price_fair": 32.52,
            "eps_avg_yearly": 0.93,
            "eps_latest_yearly": 1.76,
            "eps_growth_yearly": 247.96
        },
        "20083": {
            "year_quarter": 20083,
            "year": 2008,
            "quarter": 3,
            "eps": 0.15,
            "eps_growth_year": -65.91,
            "eps_4q": -0.17,
            "eps_4q_growth_year": -116.55,
            "roe": 1.45,
            "roe_4q": -0.9400000000000004,
            "gross_profit": 485948,
            "gross_margin": 21.15,
            "gross_margin_4q_avg": 24.89,
            "net_income": 50684,
            "revenue": 2298076,
            "common_shares": 2485340,
            "book_valuer_per_share": 11.79,
            "book_valuer_per_share_4q_avg": 11.67,
            "equity": 3006249,
            "current_ratio": 161.92,
            "debt_ratio": 53.35,
            "inventory_turnover_ratio": 2.46,
            "account_receivable_turnover_ratio": null,
            "reinvestment_rate": 31.3,
            "research_to_sale_ratio": null,
            "price_fair": 31.73,
            "eps_avg_yearly": 0.91,
            "eps_latest_yearly": 1.76,
            "eps_growth_yearly": 235.3
        },
        "20084": {
            "year_quarter": 20084,
            "year": 2008,
            "quarter": 4,
            "eps": 0.16,
            "eps_growth_year": null,
            "eps_4q": 0.2,
            "eps_4q_growth_year": -67.06,
            "roe": 1.52,
            "roe_4q": 2.119999999999999,
            "gross_profit": 564639,
            "gross_margin": 25.9,
            "gross_margin_4q_avg": 23.09,
            "net_income": 46057,
            "revenue": 2179771,
            "common_shares": 2485340,
            "book_valuer_per_share": 12.08,
            "book_valuer_per_share_4q_avg": 11.69,
            "equity": 3072233,
            "current_ratio": 192.93,
            "debt_ratio": 44.07,
            "inventory_turnover_ratio": 2.08,
            "account_receivable_turnover_ratio": 2.13,
            "reinvestment_rate": 38.74,
            "research_to_sale_ratio": null,
            "price_fair": 32.43,
            "eps_avg_yearly": 0.93,
            "eps_latest_yearly": 0.64,
            "eps_growth_yearly": 259.74
        },
        "20091": {
            "year_quarter": 20091,
            "year": 2009,
            "quarter": 1,
            "eps": 0.15,
            "eps_growth_year": -31.82,
            "eps_4q": 0.1,
            "eps_4q_growth_year": -81.32,
            "roe": 0.98,
            "roe_4q": 1.46,
            "gross_profit": 376984,
            "gross_margin": 21.14,
            "gross_margin_4q_avg": 23.01,
            "net_income": 30299,
            "revenue": 1783559,
            "common_shares": 2485340,
            "book_valuer_per_share": 12.28,
            "book_valuer_per_share_4q_avg": 11.8,
            "equity": 3119809,
            "current_ratio": 208.62,
            "debt_ratio": 40.62,
            "inventory_turnover_ratio": 1.99,
            "account_receivable_turnover_ratio": 0.93,
            "reinvestment_rate": 40.73,
            "research_to_sale_ratio": null,
            "price_fair": 30.1,
            "eps_avg_yearly": 0.86,
            "eps_latest_yearly": 0.6,
            "eps_growth_yearly": 174.32
        },
        "20092": {
            "year_quarter": 20092,
            "year": 2009,
            "quarter": 2,
            "eps": -0.03,
            "eps_growth_year": null,
            "eps_4q": 0.47,
            "eps_4q_growth_year": 361.82,
            "roe": -0.25,
            "roe_4q": 3.7,
            "gross_profit": 358267,
            "gross_margin": 26.88,
            "gross_margin_4q_avg": 23.77,
            "net_income": -7759,
            "revenue": 1332606,
            "common_shares": 2485340,
            "book_valuer_per_share": 12.67,
            "book_valuer_per_share_4q_avg": 12.21,
            "equity": 3211940,
            "current_ratio": 247.59,
            "debt_ratio": 35.24,
            "inventory_turnover_ratio": 1.27,
            "account_receivable_turnover_ratio": 0.88,
            "reinvestment_rate": 36.75,
            "research_to_sale_ratio": null,
            "price_fair": 30.55,
            "eps_avg_yearly": 0.87,
            "eps_latest_yearly": 0.6,
            "eps_growth_yearly": 207.83
        },
        "20093": {
            "year_quarter": 20093,
            "year": 2009,
            "quarter": 3,
            "eps": 0.14,
            "eps_growth_year": -6.67,
            "eps_4q": 0.37,
            "eps_4q_growth_year": null,
            "roe": 1.17,
            "roe_4q": 3.42,
            "gross_profit": 452101,
            "gross_margin": 20.82,
            "gross_margin_4q_avg": 23.69,
            "net_income": 38254,
            "revenue": 2171726,
            "common_shares": 2485340,
            "book_valuer_per_share": 13.12,
            "book_valuer_per_share_4q_avg": 12.54,
            "equity": 3335025,
            "current_ratio": 215.89,
            "debt_ratio": 40.9,
            "inventory_turnover_ratio": 2.13,
            "account_receivable_turnover_ratio": 1.41,
            "reinvestment_rate": 31.99,
            "research_to_sale_ratio": null,
            "price_fair": 30.24,
            "eps_avg_yearly": 0.86,
            "eps_latest_yearly": 0.6,
            "eps_growth_yearly": 215.28
        },
        "20094": {
            "year_quarter": 20094,
            "year": 2009,
            "quarter": 4,
            "eps": 0.05,
            "eps_growth_year": -68.75,
            "eps_4q": 0.31,
            "eps_4q_growth_year": 58.5,
            "roe": 0.45,
            "roe_4q": 2.3499999999999996,
            "gross_profit": 441454,
            "gross_margin": 23.5,
            "gross_margin_4q_avg": 23.09,
            "net_income": 15244,
            "revenue": 1878132,
            "common_shares": 2485340,
            "book_valuer_per_share": 15.3,
            "book_valuer_per_share_4q_avg": 13.34,
            "equity": 3396439,
            "current_ratio": 242.8,
            "debt_ratio": 37.8,
            "inventory_turnover_ratio": 1.99,
            "account_receivable_turnover_ratio": 2.45,
            "reinvestment_rate": 8.77,
            "research_to_sale_ratio": null,
            "price_fair": 28.42,
            "eps_avg_yearly": 0.81,
            "eps_latest_yearly": 0.2,
            "eps_growth_yearly": 199.57
        },
        "20101": {
            "year_quarter": 20101,
            "year": 2010,
            "quarter": 1,
            "eps": 0.18,
            "eps_growth_year": 20,
            "eps_4q": 0.35,
            "eps_4q_growth_year": 251.99,
            "roe": 1.2,
            "roe_4q": 2.57,
            "gross_profit": 382532,
            "gross_margin": 21.9,
            "gross_margin_4q_avg": 23.28,
            "net_income": 40776,
            "revenue": 1746896,
            "common_shares": 2485340,
            "book_valuer_per_share": 15.47,
            "book_valuer_per_share_4q_avg": 14.14,
            "equity": 3428034,
            "current_ratio": 302.02,
            "debt_ratio": 31.7,
            "inventory_turnover_ratio": 2.1,
            "account_receivable_turnover_ratio": 1.13,
            "reinvestment_rate": 108.4,
            "research_to_sale_ratio": null,
            "price_fair": 27.16,
            "eps_avg_yearly": 0.78,
            "eps_latest_yearly": 0.72,
            "eps_growth_yearly": 283.57
        },
        "20102": {
            "year_quarter": 20102,
            "year": 2010,
            "quarter": 2,
            "eps": 0.14,
            "eps_growth_year": null,
            "eps_4q": 0.52,
            "eps_4q_growth_year": 11.91,
            "roe": 1.19,
            "roe_4q": 4.01,
            "gross_profit": 402397,
            "gross_margin": 22.89,
            "gross_margin_4q_avg": 22.28,
            "net_income": 39293,
            "revenue": 1757726,
            "common_shares": 2479340,
            "book_valuer_per_share": 14.44,
            "book_valuer_per_share_4q_avg": 14.58,
            "equity": 3194926,
            "current_ratio": 241.92,
            "debt_ratio": 36.41,
            "inventory_turnover_ratio": 2.09,
            "account_receivable_turnover_ratio": 1.14,
            "reinvestment_rate": 136.7,
            "research_to_sale_ratio": null,
            "price_fair": 27.16,
            "eps_avg_yearly": 0.78,
            "eps_latest_yearly": 0.56,
            "eps_growth_yearly": 293.94
        },
        "20103": {
            "year_quarter": 20103,
            "year": 2010,
            "quarter": 3,
            "eps": 0.17,
            "eps_growth_year": 23.99,
            "eps_4q": 0.55,
            "eps_4q_growth_year": 49.28,
            "roe": 1.2,
            "roe_4q": 4.04,
            "gross_profit": 436896,
            "gross_margin": 18.94,
            "gross_margin_4q_avg": 21.81,
            "net_income": 39174,
            "revenue": 2306494,
            "common_shares": 2479340,
            "book_valuer_per_share": 14.98,
            "book_valuer_per_share_4q_avg": 15.05,
            "equity": 3318037,
            "current_ratio": 224.72,
            "debt_ratio": 38.76,
            "inventory_turnover_ratio": 2.9,
            "account_receivable_turnover_ratio": 1.26,
            "reinvestment_rate": 149.61,
            "research_to_sale_ratio": null,
            "price_fair": 25.76,
            "eps_avg_yearly": 0.74,
            "eps_latest_yearly": 0.68,
            "eps_growth_yearly": 265.37
        },
        "20104": {
            "year_quarter": 20104,
            "year": 2010,
            "quarter": 4,
            "eps": 0.26,
            "eps_growth_year": 425.53,
            "eps_4q": 0.78,
            "eps_4q_growth_year": 147.34,
            "roe": 2.03,
            "roe_4q": 5.62,
            "gross_profit": 473775,
            "gross_margin": 27.24,
            "gross_margin_4q_avg": 22.74,
            "net_income": 67067,
            "revenue": 1739276,
            "common_shares": 2479340,
            "book_valuer_per_share": 15.18,
            "book_valuer_per_share_4q_avg": 15.02,
            "equity": 3294761,
            "current_ratio": 264.19,
            "debt_ratio": 34.07,
            "inventory_turnover_ratio": 1.98,
            "account_receivable_turnover_ratio": 0.95,
            "reinvestment_rate": 59.37,
            "research_to_sale_ratio": null,
            "price_fair": 28.28,
            "eps_avg_yearly": 0.81,
            "eps_latest_yearly": 1.04,
            "eps_growth_yearly": 314.69
        },
        "20111": {
            "year_quarter": 20111,
            "year": 2011,
            "quarter": 1,
            "eps": 0.27,
            "eps_growth_year": 50,
            "eps_4q": 0.83,
            "eps_4q_growth_year": 136.45,
            "roe": 1.68,
            "roe_4q": 6.1,
            "gross_profit": 378009,
            "gross_margin": 23.17,
            "gross_margin_4q_avg": 23.06,
            "net_income": 55839,
            "revenue": 1631647,
            "common_shares": 2479340,
            "book_valuer_per_share": 15.11,
            "book_valuer_per_share_4q_avg": 14.93,
            "equity": 3360384,
            "current_ratio": 403.98,
            "debt_ratio": 23.7,
            "inventory_turnover_ratio": 1.92,
            "account_receivable_turnover_ratio": 1.13,
            "reinvestment_rate": 197.77,
            "research_to_sale_ratio": null,
            "price_fair": 27.16,
            "eps_avg_yearly": 0.78,
            "eps_latest_yearly": 1.08,
            "eps_growth_yearly": 181.23
        },
        "20112": {
            "year_quarter": 20112,
            "year": 2011,
            "quarter": 2,
            "eps": 1,
            "eps_growth_year": 596.43,
            "eps_4q": 1.67,
            "eps_4q_growth_year": 217.97,
            "roe": 6.8,
            "roe_4q": 11.709999999999999,
            "gross_profit": 334179,
            "gross_margin": 20.75,
            "gross_margin_4q_avg": 22.53,
            "net_income": 229833,
            "revenue": 1610136,
            "common_shares": 2379340,
            "book_valuer_per_share": 15.38,
            "book_valuer_per_share_4q_avg": 15.16,
            "equity": 3399876,
            "current_ratio": 272.73,
            "debt_ratio": 32.93,
            "inventory_turnover_ratio": 1.85,
            "account_receivable_turnover_ratio": 1.15,
            "reinvestment_rate": 130.57,
            "research_to_sale_ratio": null,
            "price_fair": 39.48,
            "eps_avg_yearly": 1.13,
            "eps_latest_yearly": 4,
            "eps_growth_yearly": 315.66
        },
        "20113": {
            "year_quarter": 20113,
            "year": 2011,
            "quarter": 3,
            "eps": 0.3,
            "eps_growth_year": 72.02,
            "eps_4q": 1.8,
            "eps_4q_growth_year": 225.26,
            "roe": 2.01,
            "roe_4q": 12.519999999999998,
            "gross_profit": 413625,
            "gross_margin": 19.93,
            "gross_margin_4q_avg": 22.77,
            "net_income": 68888,
            "revenue": 2075015,
            "common_shares": 2424048,
            "book_valuer_per_share": 14.94,
            "book_valuer_per_share_4q_avg": 15.15,
            "equity": 3446418,
            "current_ratio": 251.75,
            "debt_ratio": 35.41,
            "inventory_turnover_ratio": 2.2,
            "account_receivable_turnover_ratio": 1.2,
            "reinvestment_rate": 146.33,
            "research_to_sale_ratio": null,
            "price_fair": 37.52,
            "eps_avg_yearly": 1.07,
            "eps_latest_yearly": 1.2,
            "eps_growth_yearly": 181
        },
        "20114": {
            "year_quarter": 20114,
            "year": 2011,
            "quarter": 4,
            "eps": 0.07,
            "eps_growth_year": -75.13,
            "eps_4q": 1.62,
            "eps_4q_growth_year": 108.47,
            "roe": 0.3,
            "roe_4q": 10.79,
            "gross_profit": 423159,
            "gross_margin": 20.64,
            "gross_margin_4q_avg": 21.12,
            "net_income": 10318,
            "revenue": 2050571,
            "common_shares": 2424048,
            "book_valuer_per_share": 15.1,
            "book_valuer_per_share_4q_avg": 15.13,
            "equity": 3478105,
            "current_ratio": 268.57,
            "debt_ratio": 33.66,
            "inventory_turnover_ratio": 2.24,
            "account_receivable_turnover_ratio": 1.07,
            "reinvestment_rate": 45.75,
            "research_to_sale_ratio": null,
            "price_fair": 35,
            "eps_avg_yearly": 1,
            "eps_latest_yearly": 0.28,
            "eps_growth_yearly": 136.66
        },
        "20121": {
            "year_quarter": 20121,
            "year": 2012,
            "quarter": 1,
            "eps": 0.16,
            "eps_growth_year": -40.74,
            "eps_4q": 1.53,
            "eps_4q_growth_year": 83.65,
            "roe": 1.04,
            "roe_4q": 10.149999999999999,
            "gross_profit": 330850,
            "gross_margin": 18.98,
            "gross_margin_4q_avg": 20.08,
            "net_income": 36447,
            "revenue": 1742947,
            "common_shares": 2424048,
            "book_valuer_per_share": 15.46,
            "book_valuer_per_share_4q_avg": 15.22,
            "equity": 3560013,
            "current_ratio": 308.33,
            "debt_ratio": 29.76,
            "inventory_turnover_ratio": 1.99,
            "account_receivable_turnover_ratio": 1.04,
            "reinvestment_rate": 55.92,
            "research_to_sale_ratio": null,
            "price_fair": 33.95,
            "eps_avg_yearly": 0.97,
            "eps_latest_yearly": 0.64,
            "eps_growth_yearly": 168.13
        },
        "20122": {
            "year_quarter": 20122,
            "year": 2012,
            "quarter": 2,
            "eps": 0.14,
            "eps_growth_year": -85.61,
            "eps_4q": 0.67,
            "eps_4q_growth_year": -59.93,
            "roe": 0.88,
            "roe_4q": 4.2299999999999995,
            "gross_profit": 365366,
            "gross_margin": 22.01,
            "gross_margin_4q_avg": 20.39,
            "net_income": 30204,
            "revenue": 1660285,
            "common_shares": 2424048,
            "book_valuer_per_share": 14.3,
            "book_valuer_per_share_4q_avg": 14.95,
            "equity": 3312125,
            "current_ratio": 257.74,
            "debt_ratio": 34.35,
            "inventory_turnover_ratio": 1.73,
            "account_receivable_turnover_ratio": 1.15,
            "reinvestment_rate": 40.27,
            "research_to_sale_ratio": null,
            "price_fair": 32.85,
            "eps_avg_yearly": 0.94,
            "eps_latest_yearly": 0.56,
            "eps_growth_yearly": 151.35
        },
        "20123": {
            "year_quarter": 20123,
            "year": 2012,
            "quarter": 3,
            "eps": 0.12,
            "eps_growth_year": -60.27,
            "eps_4q": 0.49,
            "eps_4q_growth_year": -72.88,
            "roe": 0.66,
            "roe_4q": 2.88,
            "gross_profit": 382660,
            "gross_margin": 19.17,
            "gross_margin_4q_avg": 20.2,
            "net_income": 22048,
            "revenue": 1996581,
            "common_shares": 2424048,
            "book_valuer_per_share": 14.64,
            "book_valuer_per_share_4q_avg": 14.88,
            "equity": 3405095,
            "current_ratio": 271.32,
            "debt_ratio": 32.61,
            "inventory_turnover_ratio": 2.24,
            "account_receivable_turnover_ratio": 1.3,
            "reinvestment_rate": 53,
            "research_to_sale_ratio": null,
            "price_fair": 31.7,
            "eps_avg_yearly": 0.91,
            "eps_latest_yearly": 0.48,
            "eps_growth_yearly": 136.46
        },
        "20124": {
            "year_quarter": 20124,
            "year": 2012,
            "quarter": 4,
            "eps": 0.01,
            "eps_growth_year": -91.67,
            "eps_4q": 0.43,
            "eps_4q_growth_year": -73.4,
            "roe": -0.18,
            "roe_4q": 2.4000000000000004,
            "gross_profit": 356333,
            "gross_margin": 21.19,
            "gross_margin_4q_avg": 20.34,
            "net_income": -6108,
            "revenue": 1681359,
            "common_shares": 2424048,
            "book_valuer_per_share": 14.6,
            "book_valuer_per_share_4q_avg": 14.75,
            "equity": 3371278,
            "current_ratio": 334.33,
            "debt_ratio": 28.29,
            "inventory_turnover_ratio": 1.87,
            "account_receivable_turnover_ratio": 1.12,
            "reinvestment_rate": 36.46,
            "research_to_sale_ratio": null,
            "price_fair": 30.2,
            "eps_avg_yearly": 0.86,
            "eps_latest_yearly": 0.04,
            "eps_growth_yearly": 108.37
        },
        "20131": {
            "year_quarter": 20131,
            "year": 2013,
            "quarter": 1,
            "eps": 0.07,
            "eps_growth_year": -56.25,
            "eps_4q": 0.34,
            "eps_4q_growth_year": -77.61,
            "roe": 0.28,
            "roe_4q": 1.6400000000000001,
            "gross_profit": 275248,
            "gross_margin": 18.89,
            "gross_margin_4q_avg": 20.32,
            "net_income": 9614,
            "revenue": 1456861,
            "common_shares": 2424048,
            "book_valuer_per_share": 15.09,
            "book_valuer_per_share_4q_avg": 14.66,
            "equity": 3409618,
            "current_ratio": 383.79,
            "debt_ratio": 25.56,
            "inventory_turnover_ratio": 1.62,
            "account_receivable_turnover_ratio": 1.23,
            "reinvestment_rate": 50.09,
            "research_to_sale_ratio": null,
            "price_fair": 29.4,
            "eps_avg_yearly": 0.84,
            "eps_latest_yearly": 0.28,
            "eps_growth_yearly": 281.58
        },
        "20132": {
            "year_quarter": 20132,
            "year": 2013,
            "quarter": 2,
            "eps": -0.01,
            "eps_growth_year": -106.93,
            "eps_4q": 0.18,
            "eps_4q_growth_year": -72.6,
            "roe": -0.22,
            "roe_4q": 0.54,
            "gross_profit": 291539,
            "gross_margin": 20.31,
            "gross_margin_4q_avg": 19.89,
            "net_income": -7411,
            "revenue": 1435681,
            "common_shares": 2367428,
            "book_valuer_per_share": 14.51,
            "book_valuer_per_share_4q_avg": 14.71,
            "equity": 3275087,
            "current_ratio": 338.42,
            "debt_ratio": 28.22,
            "inventory_turnover_ratio": 1.65,
            "account_receivable_turnover_ratio": 1.38,
            "reinvestment_rate": 59.95,
            "research_to_sale_ratio": null,
            "price_fair": 29.4,
            "eps_avg_yearly": 0.84,
            "eps_latest_yearly": 0.28,
            "eps_growth_yearly": 281.58
        },
        "20133": {
            "year_quarter": 20133,
            "year": 2013,
            "quarter": 3,
            "eps": 0.18,
            "eps_growth_year": 51.74,
            "eps_4q": 0.24,
            "eps_4q_growth_year": -49.93,
            "roe": 1.03,
            "roe_4q": 0.9100000000000001,
            "gross_profit": 412854,
            "gross_margin": 20.9,
            "gross_margin_4q_avg": 20.32,
            "net_income": 33762,
            "revenue": 1975117,
            "common_shares": 2219817,
            "book_valuer_per_share": 14.66,
            "book_valuer_per_share_4q_avg": 14.72,
            "equity": 3301175,
            "current_ratio": 302.05,
            "debt_ratio": 30.86,
            "inventory_turnover_ratio": 2.48,
            "account_receivable_turnover_ratio": 1.77,
            "reinvestment_rate": 63.36,
            "research_to_sale_ratio": null,
            "price_fair": 29.4,
            "eps_avg_yearly": 0.84,
            "eps_latest_yearly": 0.28,
            "eps_growth_yearly": 281.58
        },
        "20134": {
            "year_quarter": 20134,
            "year": 2013,
            "quarter": 4,
            "eps": 0.23,
            "eps_growth_year": 4119.76,
            "eps_4q": 0.48,
            "eps_4q_growth_year": 10.71,
            "roe": 1.28,
            "roe_4q": 2.37,
            "gross_profit": 371231,
            "gross_margin": 26.89,
            "gross_margin_4q_avg": 21.75,
            "net_income": 42352,
            "revenue": 1380736,
            "common_shares": 2219817,
            "book_valuer_per_share": 15.13,
            "book_valuer_per_share_4q_avg": 14.85,
            "equity": 3293268,
            "current_ratio": 387.28,
            "debt_ratio": 25.87,
            "inventory_turnover_ratio": 1.65,
            "account_receivable_turnover_ratio": 1.19,
            "reinvestment_rate": -1.72,
            "research_to_sale_ratio": null,
            "price_fair": 31.2,
            "eps_avg_yearly": 0.89,
            "eps_latest_yearly": 0.92,
            "eps_growth_yearly": 307.88
        },
        "20141": {
            "year_quarter": 20141,
            "year": 2014,
            "quarter": 1,
            "eps": 0.1,
            "eps_growth_year": 42.86,
            "eps_4q": 0.51,
            "eps_4q_growth_year": 50.42,
            "roe": 0.59,
            "roe_4q": 2.68,
            "gross_profit": 356266,
            "gross_margin": 22.81,
            "gross_margin_4q_avg": 22.73,
            "net_income": 19541,
            "revenue": 1561734,
            "common_shares": 2219817,
            "book_valuer_per_share": 15.29,
            "book_valuer_per_share_4q_avg": 14.9,
            "equity": 3278399,
            "current_ratio": 286.36,
            "debt_ratio": 32.3,
            "inventory_turnover_ratio": 1.84,
            "account_receivable_turnover_ratio": 1.52,
            "reinvestment_rate": 0.13,
            "research_to_sale_ratio": null,
            "price_fair": 30.4,
            "eps_avg_yearly": 0.87,
            "eps_latest_yearly": 0.4,
            "eps_growth_yearly": 217.45
        },
        "20142": {
            "year_quarter": 20142,
            "year": 2014,
            "quarter": 2,
            "eps": 0.15,
            "eps_growth_year": null,
            "eps_4q": 0.67,
            "eps_4q_growth_year": 268.18,
            "roe": 1,
            "roe_4q": 3.9000000000000004,
            "gross_profit": 400338,
            "gross_margin": 25.88,
            "gross_margin_4q_avg": 24.12,
            "net_income": 32226,
            "revenue": 1546963,
            "common_shares": 2119817,
            "book_valuer_per_share": 14.69,
            "book_valuer_per_share_4q_avg": 14.94,
            "equity": 3143019,
            "current_ratio": 277.09,
            "debt_ratio": 33.35,
            "inventory_turnover_ratio": 1.78,
            "account_receivable_turnover_ratio": 1.68,
            "reinvestment_rate": -24.63,
            "research_to_sale_ratio": null,
            "price_fair": 30.5,
            "eps_avg_yearly": 0.87,
            "eps_latest_yearly": 0.6,
            "eps_growth_yearly": 238.08
        },
        "20143": {
            "year_quarter": 20143,
            "year": 2014,
            "quarter": 3,
            "eps": 0.45,
            "eps_growth_year": 150,
            "eps_4q": 0.93,
            "eps_4q_growth_year": 279.86,
            "roe": 3.09,
            "roe_4q": 5.96,
            "gross_profit": 393891,
            "gross_margin": 22.94,
            "gross_margin_4q_avg": 24.63,
            "net_income": 98639,
            "revenue": 1717116,
            "common_shares": 2119817,
            "book_valuer_per_share": 15.1,
            "book_valuer_per_share_4q_avg": 15.05,
            "equity": 3234074,
            "current_ratio": 301.18,
            "debt_ratio": 31.3,
            "inventory_turnover_ratio": 2.19,
            "account_receivable_turnover_ratio": 1.75,
            "reinvestment_rate": -19.02,
            "research_to_sale_ratio": null,
            "price_fair": 33.3,
            "eps_avg_yearly": 0.95,
            "eps_latest_yearly": 1.8,
            "eps_growth_yearly": 289.1
        },
        "20144": {
            "year_quarter": 20144,
            "year": 2014,
            "quarter": 4,
            "eps": 0.28,
            "eps_growth_year": 21.03,
            "eps_4q": 0.97,
            "eps_4q_growth_year": 104.31,
            "roe": 1.99,
            "roe_4q": 6.67,
            "gross_profit": 248682,
            "gross_margin": 16.94,
            "gross_margin_4q_avg": 22.14,
            "net_income": 65882,
            "revenue": 1467730,
            "common_shares": 2119817,
            "book_valuer_per_share": 15.77,
            "book_valuer_per_share_4q_avg": 15.21,
            "equity": 3388287,
            "current_ratio": 312.13,
            "debt_ratio": 30.63,
            "inventory_turnover_ratio": 2.01,
            "account_receivable_turnover_ratio": 1.45,
            "reinvestment_rate": -18.18,
            "research_to_sale_ratio": null,
            "price_fair": 33.5,
            "eps_avg_yearly": 0.96,
            "eps_latest_yearly": 1.12,
            "eps_growth_yearly": 263.18
        },
        "20151": {
            "year_quarter": 20151,
            "year": 2015,
            "quarter": 1,
            "eps": 0.18,
            "eps_growth_year": 80,
            "eps_4q": 1.05,
            "eps_4q_growth_year": 104.77,
            "roe": 1.17,
            "roe_4q": 7.25,
            "gross_profit": 311398,
            "gross_margin": 20.81,
            "gross_margin_4q_avg": 21.64,
            "net_income": 39433,
            "revenue": 1496346,
            "common_shares": 2119817,
            "book_valuer_per_share": 15.76,
            "book_valuer_per_share_4q_avg": 15.33,
            "equity": 3334538,
            "current_ratio": 325.21,
            "debt_ratio": 30.78,
            "inventory_turnover_ratio": 2,
            "account_receivable_turnover_ratio": 1.77,
            "reinvestment_rate": -23.84,
            "research_to_sale_ratio": null,
            "price_fair": 32.6,
            "eps_avg_yearly": 0.93,
            "eps_latest_yearly": 0.72,
            "eps_growth_yearly": 251.88
        },
        "20152": {
            "year_quarter": 20152,
            "year": 2015,
            "quarter": 2,
            "eps": 0.59,
            "eps_growth_year": 293.33,
            "eps_4q": 1.5,
            "eps_4q_growth_year": 122.4,
            "roe": 4.47,
            "roe_4q": 10.719999999999999,
            "gross_profit": 289767,
            "gross_margin": 21.25,
            "gross_margin_4q_avg": 20.49,
            "net_income": 149178,
            "revenue": 1363516,
            "common_shares": 2119817,
            "book_valuer_per_share": 15.33,
            "book_valuer_per_share_4q_avg": 15.49,
            "equity": 3346439,
            "current_ratio": 317.45,
            "debt_ratio": 28.86,
            "inventory_turnover_ratio": 1.92,
            "account_receivable_turnover_ratio": 1.89,
            "reinvestment_rate": -19.4,
            "research_to_sale_ratio": null,
            "price_fair": 28.5,
            "eps_avg_yearly": 0.81,
            "eps_latest_yearly": 2.36,
            "eps_growth_yearly": 239.71
        },
        "20153": {
            "year_quarter": 20153,
            "year": 2015,
            "quarter": 3,
            "eps": -0.1,
            "eps_growth_year": -122.22,
            "eps_4q": 0.96,
            "eps_4q_growth_year": 3.04,
            "roe": -0.65,
            "roe_4q": 6.98,
            "gross_profit": 303532,
            "gross_margin": 18.2,
            "gross_margin_4q_avg": 19.3,
            "net_income": -21319,
            "revenue": 1667687,
            "common_shares": 2119817,
            "book_valuer_per_share": 14.9,
            "book_valuer_per_share_4q_avg": 15.44,
            "equity": 3251968,
            "current_ratio": 281.61,
            "debt_ratio": 32.72,
            "inventory_turnover_ratio": 2.45,
            "account_receivable_turnover_ratio": 2.13,
            "reinvestment_rate": -44.68,
            "research_to_sale_ratio": null,
            "price_fair": 27.46,
            "eps_avg_yearly": 0.78,
            "eps_latest_yearly": 2.36,
            "eps_growth_yearly": 279.69
        },
        "20154": {
            "year_quarter": 20154,
            "year": 2015,
            "quarter": 4,
            "eps": -0.18,
            "eps_growth_year": -163.21,
            "eps_4q": 0.5,
            "eps_4q_growth_year": -48.35,
            "roe": -0.78,
            "roe_4q": 4.209999999999999,
            "gross_profit": 391606,
            "gross_margin": 28.65,
            "gross_margin_4q_avg": 22.23,
            "net_income": -25272,
            "revenue": 1367041,
            "common_shares": 2119817,
            "book_valuer_per_share": 14.75,
            "book_valuer_per_share_4q_avg": 15.19,
            "equity": 3237945,
            "current_ratio": 248.9,
            "debt_ratio": 34.46,
            "inventory_turnover_ratio": 1.84,
            "account_receivable_turnover_ratio": 1.72,
            "reinvestment_rate": -9.67,
            "research_to_sale_ratio": null,
            "price_fair": 28.93,
            "eps_avg_yearly": 0.83,
            "eps_latest_yearly": 2.36,
            "eps_growth_yearly": 328.55
        },
        "20161": {
            "year_quarter": 20161,
            "year": 2016,
            "quarter": 1,
            "eps": 0.07,
            "eps_growth_year": -61.11,
            "eps_4q": 0.39,
            "eps_4q_growth_year": -62.79,
            "roe": 0.45,
            "roe_4q": 3.4899999999999998,
            "gross_profit": 303338,
            "gross_margin": 22.04,
            "gross_margin_4q_avg": 22.54,
            "net_income": 14397,
            "revenue": 1376439,
            "common_shares": 2119817,
            "book_valuer_per_share": 14.78,
            "book_valuer_per_share_4q_avg": 14.94,
            "equity": 3211306,
            "current_ratio": 173.92,
            "debt_ratio": 39.49,
            "inventory_turnover_ratio": 1.94,
            "account_receivable_turnover_ratio": 2.08,
            "reinvestment_rate": 151.81,
            "research_to_sale_ratio": null,
            "price_fair": 29.53,
            "eps_avg_yearly": 0.84,
            "eps_latest_yearly": 2.36,
            "eps_growth_yearly": 311.67
        },
        "20162": {
            "year_quarter": 20162,
            "year": 2016,
            "quarter": 2,
            "eps": -0.02,
            "eps_growth_year": -103.39,
            "eps_4q": -0.22,
            "eps_4q_growth_year": -114.87,
            "roe": 0.2,
            "roe_4q": -0.78,
            "gross_profit": 365223,
            "gross_margin": 23.47,
            "gross_margin_4q_avg": 23.09,
            "net_income": 8664,
            "revenue": 1556131,
            "common_shares": 2119817,
            "book_valuer_per_share": 14.17,
            "book_valuer_per_share_4q_avg": 14.65,
            "equity": 5261556,
            "current_ratio": 152.47,
            "debt_ratio": 40.35,
            "inventory_turnover_ratio": 1.51,
            "account_receivable_turnover_ratio": 1.42,
            "reinvestment_rate": 179.79,
            "research_to_sale_ratio": null,
            "price_fair": 30.52,
            "eps_avg_yearly": 0.87,
            "eps_latest_yearly": 2.36,
            "eps_growth_yearly": 347.84
        },
        "20163": {
            "year_quarter": 20163,
            "year": 2016,
            "quarter": 3,
            "eps": 0,
            "eps_growth_year": null,
            "eps_4q": -0.12,
            "eps_4q_growth_year": -113.04,
            "roe": 0.57,
            "roe_4q": 0.43999999999999995,
            "gross_profit": 394228,
            "gross_margin": 21.04,
            "gross_margin_4q_avg": 23.8,
            "net_income": 29986,
            "revenue": 1873898,
            "common_shares": 2119817,
            "book_valuer_per_share": 14.08,
            "book_valuer_per_share_4q_avg": 14.45,
            "equity": 5265668,
            "current_ratio": 160.86,
            "debt_ratio": 37.28,
            "inventory_turnover_ratio": 1.59,
            "account_receivable_turnover_ratio": 1.19,
            "reinvestment_rate": 181.73,
            "research_to_sale_ratio": null,
            "price_fair": 32.04,
            "eps_avg_yearly": 0.92,
            "eps_latest_yearly": 2.36,
            "eps_growth_yearly": 392.83
        },
        "20164": {
            "year_quarter": 20164,
            "year": 2016,
            "quarter": 4,
            "eps": 0.41,
            "eps_growth_year": null,
            "eps_4q": 0.46,
            "eps_4q_growth_year": -7.76,
            "roe": 2.68,
            "roe_4q": 3.9000000000000004,
            "gross_profit": 425541,
            "gross_margin": 23.39,
            "gross_margin_4q_avg": 22.49,
            "net_income": 143206,
            "revenue": 1819300,
            "common_shares": 2119817,
            "book_valuer_per_share": 14.51,
            "book_valuer_per_share_4q_avg": 14.39,
            "equity": 5421344,
            "current_ratio": 178.44,
            "debt_ratio": 33.02,
            "inventory_turnover_ratio": 1.6,
            "account_receivable_turnover_ratio": 1.13,
            "reinvestment_rate": 160.5,
            "research_to_sale_ratio": null,
            "price_fair": 35.88,
            "eps_avg_yearly": 1.03,
            "eps_latest_yearly": 2.36,
            "eps_growth_yearly": 487.77
        },
        "20171": {
            "year_quarter": 20171,
            "year": 2017,
            "quarter": 1,
            "eps": -0.09,
            "eps_growth_year": -228.57,
            "eps_4q": 0.3,
            "eps_4q_growth_year": -23.57,
            "roe": 0.19,
            "roe_4q": 3.64,
            "gross_profit": 392251,
            "gross_margin": 23.57,
            "gross_margin_4q_avg": 22.87,
            "net_income": 10118,
            "revenue": 1664186,
            "common_shares": 2119817,
            "book_valuer_per_share": 14.2,
            "book_valuer_per_share_4q_avg": 14.24,
            "equity": 5390033,
            "current_ratio": 186.46,
            "debt_ratio": 31.18,
            "inventory_turnover_ratio": 1.46,
            "account_receivable_turnover_ratio": 1.11,
            "reinvestment_rate": 164.75,
            "research_to_sale_ratio": null,
            "price_fair": 39.6,
            "eps_avg_yearly": 1.13,
            "eps_latest_yearly": 2.36,
            "eps_growth_yearly": 214.6
        },
        "20172": {
            "year_quarter": 20172,
            "year": 2017,
            "quarter": 2,
            "eps": 0.16,
            "eps_growth_year": null,
            "eps_4q": 0.48,
            "eps_4q_growth_year": null,
            "roe": 1.35,
            "roe_4q": 4.790000000000001,
            "gross_profit": 456221,
            "gross_margin": 24.31,
            "gross_margin_4q_avg": 23.08,
            "net_income": 71654,
            "revenue": 1876849,
            "common_shares": 2119817,
            "book_valuer_per_share": 13.9,
            "book_valuer_per_share_4q_avg": 14.17,
            "equity": 5223039,
            "current_ratio": 179.48,
            "debt_ratio": 31.37,
            "inventory_turnover_ratio": 1.64,
            "account_receivable_turnover_ratio": 1.32,
            "reinvestment_rate": 161.45,
            "research_to_sale_ratio": null,
            "price_fair": 39.6,
            "eps_avg_yearly": 1.13,
            "eps_latest_yearly": 2.36,
            "eps_growth_yearly": 214.6
        },
        "20173": {
            "year_quarter": 20173,
            "year": 2017,
            "quarter": 3,
            "eps": 0.06,
            "eps_growth_year": null,
            "eps_4q": 0.54,
            "eps_4q_growth_year": null,
            "roe": 0.72,
            "roe_4q": 4.94,
            "gross_profit": 398276,
            "gross_margin": 20.85,
            "gross_margin_4q_avg": 23.03,
            "net_income": 37590,
            "revenue": 1910610,
            "common_shares": 2091111,
            "book_valuer_per_share": 13.93,
            "book_valuer_per_share_4q_avg": 14.14,
            "equity": 5161072,
            "current_ratio": 178.23,
            "debt_ratio": 31.34,
            "inventory_turnover_ratio": 1.7,
            "account_receivable_turnover_ratio": 1.21,
            "reinvestment_rate": 175.17,
            "research_to_sale_ratio": null,
            "price_fair": 35.7,
            "eps_avg_yearly": 1.02,
            "eps_latest_yearly": 0.24,
            "eps_growth_yearly": 156.52
        },
        "20174": {
            "year_quarter": 20174,
            "year": 2017,
            "quarter": 4,
            "eps": 0.06,
            "eps_growth_year": -85.05,
            "eps_4q": 0.18,
            "eps_4q_growth_year": -60.19,
            "roe": 1.04,
            "roe_4q": 3.3000000000000003,
            "gross_profit": 431783,
            "gross_margin": 25.81,
            "gross_margin_4q_avg": 23.64,
            "net_income": 53772,
            "revenue": 1672864,
            "common_shares": 2091111,
            "book_valuer_per_share": 14.03,
            "book_valuer_per_share_4q_avg": 14.02,
            "equity": 5228420,
            "current_ratio": 195.06,
            "debt_ratio": 28.68,
            "inventory_turnover_ratio": 1.34,
            "account_receivable_turnover_ratio": 1.04,
            "reinvestment_rate": 195.5,
            "research_to_sale_ratio": null,
            "price_fair": 32.73,
            "eps_avg_yearly": 0.94,
            "eps_latest_yearly": 0.24,
            "eps_growth_yearly": 142.63
        },
        "20181": {
            "year_quarter": 20181,
            "year": 2018,
            "quarter": 1,
            "eps": 0.05,
            "eps_growth_year": null,
            "eps_4q": 0.32,
            "eps_4q_growth_year": 8.13,
            "roe": 0.76,
            "roe_4q": 3.87,
            "gross_profit": 374413,
            "gross_margin": 22.62,
            "gross_margin_4q_avg": 23.4,
            "net_income": 39511,
            "revenue": 1655133,
            "common_shares": 2091111,
            "book_valuer_per_share": 13.95,
            "book_valuer_per_share_4q_avg": 13.95,
            "equity": 5222249,
            "current_ratio": 219.68,
            "debt_ratio": 24.95,
            "inventory_turnover_ratio": 1.4,
            "account_receivable_turnover_ratio": 1.08,
            "reinvestment_rate": 99.03,
            "research_to_sale_ratio": null,
            "price_fair": 31.85,
            "eps_avg_yearly": 0.91,
            "eps_latest_yearly": 0.2,
            "eps_growth_yearly": 162.56
        },
        "20182": {
            "year_quarter": 20182,
            "year": 2018,
            "quarter": 2,
            "eps": 0.15,
            "eps_growth_year": -6.25,
            "eps_4q": 0.31,
            "eps_4q_growth_year": -35.06,
            "roe": 1.3,
            "roe_4q": 3.8200000000000003,
            "gross_profit": 422065,
            "gross_margin": 24.2,
            "gross_margin_4q_avg": 23.37,
            "net_income": 67048,
            "revenue": 1744090,
            "common_shares": 2091111,
            "book_valuer_per_share": 13.99,
            "book_valuer_per_share_4q_avg": 13.98,
            "equity": 5108358,
            "current_ratio": 186.21,
            "debt_ratio": 28.99,
            "inventory_turnover_ratio": 1.51,
            "account_receivable_turnover_ratio": 1.13,
            "reinvestment_rate": 104.4,
            "research_to_sale_ratio": null,
            "price_fair": 31.85,
            "eps_avg_yearly": 0.91,
            "eps_latest_yearly": 0.6,
            "eps_growth_yearly": 237.56
        },
        "20183": {
            "year_quarter": 20183,
            "year": 2018,
            "quarter": 3,
            "eps": -0.09,
            "eps_growth_year": -250,
            "eps_4q": 0.16,
            "eps_4q_growth_year": -69.5,
            "roe": 0.08,
            "roe_4q": 3.18,
            "gross_profit": 386730,
            "gross_margin": 21.44,
            "gross_margin_4q_avg": 23.52,
            "net_income": 4147,
            "revenue": 1803654,
            "common_shares": 2091111,
            "book_valuer_per_share": 13.96,
            "book_valuer_per_share_4q_avg": 13.98,
            "equity": 5116532,
            "current_ratio": 160.57,
            "debt_ratio": 31.95,
            "inventory_turnover_ratio": 1.72,
            "account_receivable_turnover_ratio": 1.07,
            "reinvestment_rate": 229.34,
            "research_to_sale_ratio": null,
            "price_fair": 27.4,
            "eps_avg_yearly": 0.78,
            "eps_latest_yearly": 0.6,
            "eps_growth_yearly": 157.21
        },
        "20184": {
            "year_quarter": 20184,
            "year": 2018,
            "quarter": 4,
            "eps": 0.07,
            "eps_growth_year": 15.5,
            "eps_4q": 0.17,
            "eps_4q_growth_year": -6.35,
            "roe": 1.06,
            "roe_4q": 3.2,
            "gross_profit": 405621,
            "gross_margin": 23.4,
            "gross_margin_4q_avg": 22.92,
            "net_income": 54420,
            "revenue": 1733257,
            "common_shares": 2091111,
            "book_valuer_per_share": 13.89,
            "book_valuer_per_share_4q_avg": 13.95,
            "equity": 5140216,
            "current_ratio": 149.16,
            "debt_ratio": 34.38,
            "inventory_turnover_ratio": 1.53,
            "account_receivable_turnover_ratio": 0.97,
            "reinvestment_rate": 371.38,
            "research_to_sale_ratio": null,
            "price_fair": 25.43,
            "eps_avg_yearly": 0.73,
            "eps_latest_yearly": 0.6,
            "eps_growth_yearly": 208.6
        },
        "20191": {
            "year_quarter": 20191,
            "year": 2019,
            "quarter": 1,
            "eps": 0.05,
            "eps_growth_year": 0,
            "eps_4q": 0.17,
            "eps_4q_growth_year": -46.54,
            "roe": 0.77,
            "roe_4q": 3.21,
            "gross_profit": 421369,
            "gross_margin": 24.05,
            "gross_margin_4q_avg": 23.27,
            "net_income": 39832,
            "revenue": 1751954,
            "common_shares": 2091111,
            "book_valuer_per_share": 14.06,
            "book_valuer_per_share_4q_avg": 13.98,
            "equity": 5259966,
            "current_ratio": 144.76,
            "debt_ratio": 39.63,
            "inventory_turnover_ratio": 1.32,
            "account_receivable_turnover_ratio": 1,
            "reinvestment_rate": 439.14,
            "research_to_sale_ratio": null,
            "price_fair": 22.4,
            "eps_avg_yearly": 0.64,
            "eps_latest_yearly": 0.2,
            "eps_growth_yearly": 213.36
        },
        "20192": {
            "year_quarter": 20192,
            "year": 2019,
            "quarter": 2,
            "eps": 0.03,
            "eps_growth_year": -80,
            "eps_4q": 0.06,
            "eps_4q_growth_year": -81.06,
            "roe": 0.57,
            "roe_4q": 2.48,
            "gross_profit": 449820,
            "gross_margin": 24.96,
            "gross_margin_4q_avg": 23.46,
            "net_income": 29947,
            "revenue": 1802226,
            "common_shares": 2091111,
            "book_valuer_per_share": 13.91,
            "book_valuer_per_share_4q_avg": 13.96,
            "equity": 5178972,
            "current_ratio": 159.88,
            "debt_ratio": 41.71,
            "inventory_turnover_ratio": 1.31,
            "account_receivable_turnover_ratio": 1.06,
            "reinvestment_rate": 827.41,
            "research_to_sale_ratio": null,
            "price_fair": 9.33,
            "eps_avg_yearly": 0.27,
            "eps_latest_yearly": 0.12,
            "eps_growth_yearly": 34.84
        },
        "20193": {
            "year_quarter": 20193,
            "year": 2019,
            "quarter": 3,
            "eps": 0.14,
            "eps_growth_year": null,
            "eps_4q": 0.29,
            "eps_4q_growth_year": 77.03,
            "roe": 0.97,
            "roe_4q": 3.37,
            "gross_profit": 429666,
            "gross_margin": 22.86,
            "gross_margin_4q_avg": 23.82,
            "net_income": 50545,
            "revenue": 1879209,
            "common_shares": 2091111,
            "book_valuer_per_share": 13.97,
            "book_valuer_per_share_4q_avg": 13.96,
            "equity": 5218266,
            "current_ratio": 161.05,
            "debt_ratio": 41.49,
            "inventory_turnover_ratio": 1.48,
            "account_receivable_turnover_ratio": 1.05,
            "reinvestment_rate": 668.58,
            "research_to_sale_ratio": null,
            "price_fair": 10.8,
            "eps_avg_yearly": 0.31,
            "eps_latest_yearly": 0.56,
            "eps_growth_yearly": 239.39
        },
        "20194": {
            "year_quarter": 20194,
            "year": 2019,
            "quarter": 4,
            "eps": -0.27,
            "eps_growth_year": -485.67,
            "eps_4q": -0.06,
            "eps_4q_growth_year": -132.95,
            "roe": -1.41,
            "roe_4q": 0.9,
            "gross_profit": -823973,
            "gross_margin": 20.99,
            "gross_margin_4q_avg": 23.22,
            "net_income": -57430,
            "revenue": -3925943,
            "common_shares": 2091111,
            "book_valuer_per_share": 14.03,
            "book_valuer_per_share_4q_avg": 13.99,
            "equity": 2933550,
            "current_ratio": 78.21,
            "debt_ratio": 30.92,
            "inventory_turnover_ratio": -5.13,
            "account_receivable_turnover_ratio": -3.46,
            "reinvestment_rate": 1044.96,
            "research_to_sale_ratio": null,
            "price_fair": 10.8,
            "eps_avg_yearly": 0.31,
            "eps_latest_yearly": 0.56,
            "eps_growth_yearly": 239.39
        },
        "20201": {
            "year_quarter": 20201,
            "year": 2020,
            "quarter": 1,
            "eps": -0.09,
            "eps_growth_year": -280,
            "eps_4q": -0.19,
            "eps_4q_growth_year": -209.34,
            "roe": 0.28,
            "roe_4q": 0.41000000000000003,
            "gross_profit": 391688,
            "gross_margin": 25.51,
            "gross_margin_4q_avg": 23.58,
            "net_income": 11511,
            "revenue": 1535585,
            "common_shares": 2091111,
            "book_valuer_per_share": 13.31,
            "book_valuer_per_share_4q_avg": 13.81,
            "equity": 5162149,
            "current_ratio": 169.75,
            "debt_ratio": 40.77,
            "inventory_turnover_ratio": 1.9,
            "account_receivable_turnover_ratio": 1.56,
            "reinvestment_rate": 131.61,
            "research_to_sale_ratio": null,
            "price_fair": 10.8,
            "eps_avg_yearly": 0.31,
            "eps_latest_yearly": 0.56,
            "eps_growth_yearly": 239.39
        },
        "20202": {
            "year_quarter": 20202,
            "year": 2020,
            "quarter": 2,
            "eps": -0.04,
            "eps_growth_year": -233.33,
            "eps_4q": -0.27,
            "eps_4q_growth_year": -549.24,
            "roe": 0.68,
            "roe_4q": 0.5200000000000001,
            "gross_profit": 417833,
            "gross_margin": 25.49,
            "gross_margin_4q_avg": 23.71,
            "net_income": 34871,
            "revenue": 1639346,
            "common_shares": 2091111,
            "book_valuer_per_share": 13.37,
            "book_valuer_per_share_4q_avg": 13.67,
            "equity": 5047364,
            "current_ratio": 160.46,
            "debt_ratio": 41.71,
            "inventory_turnover_ratio": 1.27,
            "account_receivable_turnover_ratio": 1.03,
            "reinvestment_rate": 196.15,
            "research_to_sale_ratio": null,
            "price_fair": 10.8,
            "eps_avg_yearly": 0.31,
            "eps_latest_yearly": 0.56,
            "eps_growth_yearly": 239.39
        },
        "20203": {
            "year_quarter": 20203,
            "year": 2020,
            "quarter": 3,
            "eps": 0.07,
            "eps_growth_year": -50,
            "eps_4q": -0.34,
            "eps_4q_growth_year": -216.72,
            "roe": 1.34,
            "roe_4q": 0.8899999999999999,
            "gross_profit": 435853,
            "gross_margin": 25.3,
            "gross_margin_4q_avg": 24.32,
            "net_income": 68555,
            "revenue": 1722955,
            "common_shares": 2091111,
            "book_valuer_per_share": 13.53,
            "book_valuer_per_share_4q_avg": 13.56,
            "equity": 5198411,
            "current_ratio": 146.27,
            "debt_ratio": 42.9,
            "inventory_turnover_ratio": 1.28,
            "account_receivable_turnover_ratio": 1.06,
            "reinvestment_rate": 228.83,
            "research_to_sale_ratio": null,
            "price_fair": 10.8,
            "eps_avg_yearly": 0.31,
            "eps_latest_yearly": 0.56,
            "eps_growth_yearly": 239.39
        },
        "20204": {
            "year_quarter": 20204,
            "year": 2020,
            "quarter": 4,
            "eps": 0.21,
            "eps_growth_year": null,
            "eps_4q": 0.15,
            "eps_4q_growth_year": null,
            "roe": 1.78,
            "roe_4q": 4.08,
            "gross_profit": 462684,
            "gross_margin": 27.07,
            "gross_margin_4q_avg": 25.84,
            "net_income": 94317,
            "revenue": 1709299,
            "common_shares": 2091111,
            "book_valuer_per_share": 13.94,
            "book_valuer_per_share_4q_avg": 13.54,
            "equity": 5391093,
            "current_ratio": 148.37,
            "debt_ratio": 41.1,
            "inventory_turnover_ratio": 1.16,
            "account_receivable_turnover_ratio": 1.04,
            "reinvestment_rate": 472.61,
            "research_to_sale_ratio": null,
            "price_fair": 13.13,
            "eps_avg_yearly": 0.38,
            "eps_latest_yearly": 0.84,
            "eps_growth_yearly": 309.46
        },
        "20211": {
            "year_quarter": 20211,
            "year": 2021,
            "quarter": 1,
            "eps": 0.05,
            "eps_growth_year": null,
            "eps_4q": 0.28,
            "eps_4q_growth_year": null,
            "roe": 1.1,
            "roe_4q": 4.8999999999999995,
            "gross_profit": 463876,
            "gross_margin": 24.72,
            "gross_margin_4q_avg": 25.65,
            "net_income": 60362,
            "revenue": 1876899,
            "common_shares": 2091111,
            "book_valuer_per_share": 14.48,
            "book_valuer_per_share_4q_avg": 13.83,
            "equity": 5608524,
            "current_ratio": 145.53,
            "debt_ratio": 40.51,
            "inventory_turnover_ratio": 1.26,
            "account_receivable_turnover_ratio": 1.09,
            "reinvestment_rate": 397.52,
            "research_to_sale_ratio": null,
            "price_fair": 12.44,
            "eps_avg_yearly": 0.36,
            "eps_latest_yearly": 0.2,
            "eps_growth_yearly": 241.22
        },
        "20212": {
            "year_quarter": 20212,
            "year": 2021,
            "quarter": 2,
            "eps": 0.04,
            "eps_growth_year": null,
            "eps_4q": 0.36,
            "eps_4q_growth_year": null,
            "roe": 1.1,
            "roe_4q": 5.32,
            "gross_profit": 485258,
            "gross_margin": 24.52,
            "gross_margin_4q_avg": 25.4,
            "net_income": 62325,
            "revenue": 1978892,
            "common_shares": 2091111,
            "book_valuer_per_share": 14.49,
            "book_valuer_per_share_4q_avg": 14.11,
            "equity": 5696172,
            "current_ratio": 136.12,
            "debt_ratio": 40.62,
            "inventory_turnover_ratio": 1.27,
            "account_receivable_turnover_ratio": 1.09,
            "reinvestment_rate": 564.83,
            "research_to_sale_ratio": null,
            "price_fair": 11.76,
            "eps_avg_yearly": 0.34,
            "eps_latest_yearly": 0.16,
            "eps_growth_yearly": 209.1
        },
        "20213": {
            "year_quarter": 20213,
            "year": 2021,
            "quarter": 3,
            "eps": 0.16,
            "eps_growth_year": 128.57,
            "eps_4q": 0.45,
            "eps_4q_growth_year": null,
            "roe": 1.46,
            "roe_4q": 5.44,
            "gross_profit": 477014,
            "gross_margin": 22.26,
            "gross_margin_4q_avg": 24.64,
            "net_income": 82484,
            "revenue": 2142917,
            "common_shares": 2091111,
            "book_valuer_per_share": 14.29,
            "book_valuer_per_share_4q_avg": 14.3,
            "equity": 5584520,
            "current_ratio": 129.51,
            "debt_ratio": 43.46,
            "inventory_turnover_ratio": 1.33,
            "account_receivable_turnover_ratio": 1.08,
            "reinvestment_rate": 526.51,
            "research_to_sale_ratio": null,
            "price_fair": 13.16,
            "eps_avg_yearly": 0.38,
            "eps_latest_yearly": 0.64,
            "eps_growth_yearly": 354.1
        },
        "20214": {
            "year_quarter": 20214,
            "year": 2021,
            "quarter": 4,
            "eps": 0.19,
            "eps_growth_year": -9.8,
            "eps_4q": 0.43,
            "eps_4q_growth_year": 198.2,
            "roe": 1.72,
            "roe_4q": 5.379999999999999,
            "gross_profit": 499573,
            "gross_margin": 22.19,
            "gross_margin_4q_avg": 23.42,
            "net_income": 97371,
            "revenue": 2251409,
            "common_shares": 2091111,
            "book_valuer_per_share": 14.63,
            "book_valuer_per_share_4q_avg": 14.47,
            "equity": 5717310,
            "current_ratio": 133.1,
            "debt_ratio": 44.31,
            "inventory_turnover_ratio": 1.27,
            "account_receivable_turnover_ratio": 1.06,
            "reinvestment_rate": 470.49,
            "research_to_sale_ratio": null,
            "price_fair": 14.98,
            "eps_avg_yearly": 0.43,
            "eps_latest_yearly": 0.76,
            "eps_growth_yearly": 361.6
        },
        "20221": {
            "year_quarter": 20221,
            "year": 2022,
            "quarter": 1,
            "eps": 0.18,
            "eps_growth_year": 260,
            "eps_4q": 0.56,
            "eps_4q_growth_year": 95.93,
            "roe": 1.72,
            "roe_4q": 6,
            "gross_profit": 565523,
            "gross_margin": 27.14,
            "gross_margin_4q_avg": 24.03,
            "net_income": 100084,
            "revenue": 2083646,
            "common_shares": 2091111,
            "book_valuer_per_share": 15.08,
            "book_valuer_per_share_4q_avg": 14.62,
            "equity": 5918595,
            "current_ratio": 131.92,
            "debt_ratio": 40.42,
            "inventory_turnover_ratio": 1.13,
            "account_receivable_turnover_ratio": 1.04,
            "reinvestment_rate": 724.13,
            "research_to_sale_ratio": null,
            "price_fair": 16.8,
            "eps_avg_yearly": 0.48,
            "eps_latest_yearly": 0.72,
            "eps_growth_yearly": 366.16
        },
        "20222": {
            "year_quarter": 20222,
            "year": 2022,
            "quarter": 2,
            "eps": 0.14,
            "eps_growth_year": 250,
            "eps_4q": 0.66,
            "eps_4q_growth_year": 81.24,
            "roe": 1.9,
            "roe_4q": 6.8,
            "gross_profit": 584056,
            "gross_margin": 21.89,
            "gross_margin_4q_avg": 23.37,
            "net_income": 110150,
            "revenue": 2668527,
            "common_shares": 2091111,
            "book_valuer_per_share": 14.71,
            "book_valuer_per_share_4q_avg": 14.68,
            "equity": 5705377,
            "current_ratio": 122.75,
            "debt_ratio": 44.21,
            "inventory_turnover_ratio": 1.58,
            "account_receivable_turnover_ratio": 1.43,
            "reinvestment_rate": 787.11,
            "research_to_sale_ratio": null,
            "price_fair": 16.66,
            "eps_avg_yearly": 0.48,
            "eps_latest_yearly": 0.56,
            "eps_growth_yearly": 277.27
        },
        "20223": {
            "year_quarter": 20223,
            "year": 2022,
            "quarter": 3,
            "eps": 0.24,
            "eps_growth_year": 50,
            "eps_4q": 0.74,
            "eps_4q_growth_year": 62.83,
            "roe": 1.55,
            "roe_4q": 6.89,
            "gross_profit": 541508,
            "gross_margin": 24.77,
            "gross_margin_4q_avg": 24,
            "net_income": 88761,
            "revenue": 2186345,
            "common_shares": 2091111,
            "book_valuer_per_share": 14.83,
            "book_valuer_per_share_4q_avg": 14.81,
            "equity": 5774572,
            "current_ratio": 121.79,
            "debt_ratio": 44.56,
            "inventory_turnover_ratio": 1.13,
            "account_receivable_turnover_ratio": 1.11,
            "reinvestment_rate": 506.48,
            "research_to_sale_ratio": null,
            "price_fair": 18.2,
            "eps_avg_yearly": 0.52,
            "eps_latest_yearly": 0.96,
            "eps_growth_yearly": 278.04
        },
        "20224": {
            "year_quarter": 20224,
            "year": 2022,
            "quarter": 4,
            "eps": 0.07,
            "eps_growth_year": -64.03,
            "eps_4q": 0.62,
            "eps_4q_growth_year": 42.79,
            "roe": 1.31,
            "roe_4q": 6.4799999999999995,
            "gross_profit": 585725,
            "gross_margin": 29.09,
            "gross_margin_4q_avg": 25.72,
            "net_income": 76160,
            "revenue": 2013353,
            "common_shares": 2091111,
            "book_valuer_per_share": 14.84,
            "book_valuer_per_share_4q_avg": 14.87,
            "equity": 5844747,
            "current_ratio": 142.79,
            "debt_ratio": 44.92,
            "inventory_turnover_ratio": 1,
            "account_receivable_turnover_ratio": 0.99,
            "reinvestment_rate": 548.35,
            "research_to_sale_ratio": null,
            "price_fair": 17.5,
            "eps_avg_yearly": 0.5,
            "eps_latest_yearly": 0.28,
            "eps_growth_yearly": 231.25
        },
        "20231": {
            "year_quarter": 20231,
            "year": 2023,
            "quarter": 1,
            "eps": 0.02,
            "eps_growth_year": -88.89,
            "eps_4q": 0.47,
            "eps_4q_growth_year": -16.49,
            "roe": 0.97,
            "roe_4q": 5.73,
            "gross_profit": 517175,
            "gross_margin": 28.1,
            "gross_margin_4q_avg": 25.96,
            "net_income": 59108,
            "revenue": 1840603,
            "common_shares": 2091111,
            "book_valuer_per_share": 14.98,
            "book_valuer_per_share_4q_avg": 14.84,
            "equity": 6323137,
            "current_ratio": 151.58,
            "debt_ratio": 42.73,
            "inventory_turnover_ratio": 1.01,
            "account_receivable_turnover_ratio": 0.99,
            "reinvestment_rate": 642.93,
            "research_to_sale_ratio": null,
            "price_fair": 17.15,
            "eps_avg_yearly": 0.49,
            "eps_latest_yearly": 0.08,
            "eps_growth_yearly": 216.97
        }
    },
    "months": {
        "2001-06": {
            "month": "2001-06",
            "price": "6.71",
            "revenue": 900465
        },
        "2001-07": {
            "month": "2001-07",
            "price": "6.19",
            "revenue": 897784
        },
        "2001-08": {
            "month": "2001-08",
            "price": "6.07",
            "revenue": 1025571
        },
        "2001-09": {
            "month": "2001-09",
            "price": "6.06",
            "revenue": 658303
        },
        "2001-10": {
            "month": "2001-10",
            "price": "6.01",
            "revenue": 584220
        },
        "2001-11": {
            "month": "2001-11",
            "price": "6.30",
            "revenue": 645058
        },
        "2001-12": {
            "month": "2001-12",
            "price": "7.19",
            "revenue": 816505
        },
        "2002-01": {
            "month": "2002-01",
            "price": "7.36",
            "revenue": 1039301
        },
        "2002-02": {
            "month": "2002-02",
            "price": "7.38",
            "revenue": 717210
        },
        "2002-03": {
            "month": "2002-03",
            "price": "8.20",
            "revenue": 702364
        },
        "2002-04": {
            "month": "2002-04",
            "price": "9.47",
            "revenue": 632259
        },
        "2002-05": {
            "month": "2002-05",
            "price": "9.47",
            "revenue": 724786
        },
        "2002-06": {
            "month": "2002-06",
            "price": "9.55",
            "revenue": 680048
        },
        "2002-07": {
            "month": "2002-07",
            "price": "8.96",
            "revenue": 915492
        },
        "2002-08": {
            "month": "2002-08",
            "price": "8.26",
            "revenue": 1079334
        },
        "2002-09": {
            "month": "2002-09",
            "price": "8.08",
            "revenue": 1103907
        },
        "2002-10": {
            "month": "2002-10",
            "price": "8.11",
            "revenue": 759689
        },
        "2002-11": {
            "month": "2002-11",
            "price": "9.05",
            "revenue": 667856
        },
        "2002-12": {
            "month": "2002-12",
            "price": "9.09",
            "revenue": 879781
        },
        "2003-01": {
            "month": "2003-01",
            "price": "9.77",
            "revenue": 1139041
        },
        "2003-02": {
            "month": "2003-02",
            "price": "9.49",
            "revenue": 815694
        },
        "2003-03": {
            "month": "2003-03",
            "price": "9.21",
            "revenue": 864609
        },
        "2003-04": {
            "month": "2003-04",
            "price": "9.39",
            "revenue": 650481
        },
        "2003-05": {
            "month": "2003-05",
            "price": "9.24",
            "revenue": 762782
        },
        "2003-06": {
            "month": "2003-06",
            "price": "9.24",
            "revenue": 708543
        },
        "2003-07": {
            "month": "2003-07",
            "price": "8.87",
            "revenue": 940782
        },
        "2003-08": {
            "month": "2003-08",
            "price": "8.88",
            "revenue": 930897
        },
        "2003-09": {
            "month": "2003-09",
            "price": "9.00",
            "revenue": 891408
        },
        "2003-10": {
            "month": "2003-10",
            "price": "9.26",
            "revenue": 585955
        },
        "2003-11": {
            "month": "2003-11",
            "price": "9.56",
            "revenue": 544001
        },
        "2003-12": {
            "month": "2003-12",
            "price": "9.59",
            "revenue": 765681
        },
        "2004-01": {
            "month": "2004-01",
            "price": "10.10",
            "revenue": 840706
        },
        "2004-02": {
            "month": "2004-02",
            "price": "12.78",
            "revenue": 667007
        },
        "2004-03": {
            "month": "2004-03",
            "price": "12.04",
            "revenue": 682830
        },
        "2004-04": {
            "month": "2004-04",
            "price": "11.83",
            "revenue": 609057
        },
        "2004-05": {
            "month": "2004-05",
            "price": "10.92",
            "revenue": 644401
        },
        "2004-06": {
            "month": "2004-06",
            "price": "11.07",
            "revenue": 621500
        },
        "2004-07": {
            "month": "2004-07",
            "price": "10.43",
            "revenue": 792842
        },
        "2004-08": {
            "month": "2004-08",
            "price": "10.18",
            "revenue": 827246
        },
        "2004-09": {
            "month": "2004-09",
            "price": "10.50",
            "revenue": 900218
        },
        "2004-10": {
            "month": "2004-10",
            "price": "10.52",
            "revenue": 553991
        },
        "2004-11": {
            "month": "2004-11",
            "price": "10.47",
            "revenue": 533084
        },
        "2004-12": {
            "month": "2004-12",
            "price": "10.56",
            "revenue": 666464
        },
        "2005-01": {
            "month": "2005-01",
            "price": "10.95",
            "revenue": 847079
        },
        "2005-02": {
            "month": "2005-02",
            "price": "10.93",
            "revenue": 537880
        },
        "2005-03": {
            "month": "2005-03",
            "price": "10.85",
            "revenue": 612873
        },
        "2005-04": {
            "month": "2005-04",
            "price": "10.60",
            "revenue": 540319
        },
        "2005-05": {
            "month": "2005-05",
            "price": "10.46",
            "revenue": 496467
        },
        "2005-06": {
            "month": "2005-06",
            "price": "10.84",
            "revenue": 506048
        },
        "2005-07": {
            "month": "2005-07",
            "price": "10.38",
            "revenue": 580253
        },
        "2005-08": {
            "month": "2005-08",
            "price": "9.96",
            "revenue": 556602
        },
        "2005-09": {
            "month": "2005-09",
            "price": "9.87",
            "revenue": 562910
        },
        "2005-10": {
            "month": "2005-10",
            "price": "9.33",
            "revenue": 527984
        },
        "2005-11": {
            "month": "2005-11",
            "price": "9.70",
            "revenue": 495078
        },
        "2005-12": {
            "month": "2005-12",
            "price": "10.01",
            "revenue": 655956
        },
        "2006-01": {
            "month": "2006-01",
            "price": "10.13",
            "revenue": 1262974
        },
        "2006-02": {
            "month": "2006-02",
            "price": "10.08",
            "revenue": 856795
        },
        "2006-03": {
            "month": "2006-03",
            "price": "10.01",
            "revenue": 927570
        },
        "2006-04": {
            "month": "2006-04",
            "price": "10.10",
            "revenue": 880165
        },
        "2006-05": {
            "month": "2006-05",
            "price": "10.43",
            "revenue": 894171
        },
        "2006-06": {
            "month": "2006-06",
            "price": "10.08",
            "revenue": 882714
        },
        "2006-07": {
            "month": "2006-07",
            "price": "9.65",
            "revenue": 934363
        },
        "2006-08": {
            "month": "2006-08",
            "price": "9.37",
            "revenue": 1068803
        },
        "2006-09": {
            "month": "2006-09",
            "price": "9.48",
            "revenue": 615366
        },
        "2006-10": {
            "month": "2006-10",
            "price": "9.94",
            "revenue": 689477
        },
        "2006-11": {
            "month": "2006-11",
            "price": "10.09",
            "revenue": 688014
        },
        "2006-12": {
            "month": "2006-12",
            "price": "10.43",
            "revenue": 851410
        },
        "2007-01": {
            "month": "2007-01",
            "price": "10.39",
            "revenue": 866224
        },
        "2007-02": {
            "month": "2007-02",
            "price": "10.27",
            "revenue": 652304
        },
        "2007-03": {
            "month": "2007-03",
            "price": "9.92",
            "revenue": 805214
        },
        "2007-04": {
            "month": "2007-04",
            "price": "10.23",
            "revenue": 789310
        },
        "2007-05": {
            "month": "2007-05",
            "price": "10.59",
            "revenue": 748495
        },
        "2007-06": {
            "month": "2007-06",
            "price": "11.29",
            "revenue": 737351
        },
        "2007-07": {
            "month": "2007-07",
            "price": "12.70",
            "revenue": 859068
        },
        "2007-08": {
            "month": "2007-08",
            "price": "12.51",
            "revenue": 1112370
        },
        "2007-09": {
            "month": "2007-09",
            "price": "12.07",
            "revenue": 792230
        },
        "2007-10": {
            "month": "2007-10",
            "price": "12.33",
            "revenue": 892040
        },
        "2007-11": {
            "month": "2007-11",
            "price": "12.11",
            "revenue": 639450
        },
        "2007-12": {
            "month": "2007-12",
            "price": "11.79",
            "revenue": 856471
        },
        "2008-01": {
            "month": "2008-01",
            "price": "11.65",
            "revenue": 881520
        },
        "2008-02": {
            "month": "2008-02",
            "price": "11.50",
            "revenue": 578718
        },
        "2008-03": {
            "month": "2008-03",
            "price": "11.90",
            "revenue": 556175
        },
        "2008-04": {
            "month": "2008-04",
            "price": "12.37",
            "revenue": 560707
        },
        "2008-05": {
            "month": "2008-05",
            "price": "13.10",
            "revenue": 629696
        },
        "2008-06": {
            "month": "2008-06",
            "price": "12.67",
            "revenue": 702432
        },
        "2008-07": {
            "month": "2008-07",
            "price": "10.98",
            "revenue": 759176
        },
        "2008-08": {
            "month": "2008-08",
            "price": "10.28",
            "revenue": 775762
        },
        "2008-09": {
            "month": "2008-09",
            "price": "8.79",
            "revenue": 767139
        },
        "2008-10": {
            "month": "2008-10",
            "price": "7.42",
            "revenue": 243387
        },
        "2008-11": {
            "month": "2008-11",
            "price": "8.04",
            "revenue": 658486
        },
        "2008-12": {
            "month": "2008-12",
            "price": "7.55",
            "revenue": 741386
        },
        "2009-01": {
            "month": "2009-01",
            "price": "7.13",
            "revenue": 715018
        },
        "2009-02": {
            "month": "2009-02",
            "price": "6.92",
            "revenue": 495007
        },
        "2009-03": {
            "month": "2009-03",
            "price": "7.17",
            "revenue": 572538
        },
        "2009-04": {
            "month": "2009-04",
            "price": "8.10",
            "revenue": 483654
        },
        "2009-05": {
            "month": "2009-05",
            "price": "8.35",
            "revenue": 535483
        },
        "2009-06": {
            "month": "2009-06",
            "price": "8.24",
            "revenue": 364314
        },
        "2009-07": {
            "month": "2009-07",
            "price": "8.10",
            "revenue": 674001
        },
        "2009-08": {
            "month": "2009-08",
            "price": "8.52",
            "revenue": 771806
        },
        "2009-09": {
            "month": "2009-09",
            "price": "8.33",
            "revenue": 727517
        },
        "2009-10": {
            "month": "2009-10",
            "price": "8.80",
            "revenue": 574164
        },
        "2009-11": {
            "month": "2009-11",
            "price": "8.83",
            "revenue": 512034
        },
        "2009-12": {
            "month": "2009-12",
            "price": "9.35",
            "revenue": 695457
        },
        "2010-01": {
            "month": "2010-01",
            "price": "11.00",
            "revenue": 651366
        },
        "2010-02": {
            "month": "2010-02",
            "price": "10.76",
            "revenue": 516006
        },
        "2010-03": {
            "month": "2010-03",
            "price": "11.55",
            "revenue": 586253
        },
        "2010-04": {
            "month": "2010-04",
            "price": "14.78",
            "revenue": 494477
        },
        "2010-05": {
            "month": "2010-05",
            "price": "14.64",
            "revenue": 526405
        },
        "2010-06": {
            "month": "2010-06",
            "price": "14.52",
            "revenue": 622642
        },
        "2010-07": {
            "month": "2010-07",
            "price": "13.30",
            "revenue": 1066257
        },
        "2010-08": {
            "month": "2010-08",
            "price": "14.61",
            "revenue": 676066
        },
        "2010-09": {
            "month": "2010-09",
            "price": "14.33",
            "revenue": 595160
        },
        "2010-10": {
            "month": "2010-10",
            "price": "14.04",
            "revenue": 541193
        },
        "2010-11": {
            "month": "2010-11",
            "price": "13.34",
            "revenue": 511327
        },
        "2010-12": {
            "month": "2010-12",
            "price": "13.67",
            "revenue": 581334
        },
        "2011-01": {
            "month": "2011-01",
            "price": "14.02",
            "revenue": 718521
        },
        "2011-02": {
            "month": "2011-02",
            "price": "13.63",
            "revenue": 441916
        },
        "2011-03": {
            "month": "2011-03",
            "price": "13.51",
            "revenue": 463242
        },
        "2011-04": {
            "month": "2011-04",
            "price": "13.86",
            "revenue": 440896
        },
        "2011-05": {
            "month": "2011-05",
            "price": "14.07",
            "revenue": 470879
        },
        "2011-06": {
            "month": "2011-06",
            "price": "14.58",
            "revenue": 634212
        },
        "2011-07": {
            "month": "2011-07",
            "price": "15.54",
            "revenue": 826923
        },
        "2011-08": {
            "month": "2011-08",
            "price": "16.96",
            "revenue": 595071
        },
        "2011-09": {
            "month": "2011-09",
            "price": "15.14",
            "revenue": 799368
        },
        "2011-10": {
            "month": "2011-10",
            "price": "13.71",
            "revenue": 539450
        },
        "2011-11": {
            "month": "2011-11",
            "price": "14.13",
            "revenue": 598918
        },
        "2011-12": {
            "month": "2011-12",
            "price": "13.24",
            "revenue": 723026
        },
        "2012-01": {
            "month": "2012-01",
            "price": "13.31",
            "revenue": 599470
        },
        "2012-02": {
            "month": "2012-02",
            "price": "14.60",
            "revenue": 474786
        },
        "2012-03": {
            "month": "2012-03",
            "price": "15.15",
            "revenue": 648953
        },
        "2012-04": {
            "month": "2012-04",
            "price": "14.62",
            "revenue": 501124
        },
        "2012-05": {
            "month": "2012-05",
            "price": "14.25",
            "revenue": 511538
        },
        "2012-06": {
            "month": "2012-06",
            "price": "14.10",
            "revenue": 559493
        },
        "2012-07": {
            "month": "2012-07",
            "price": "12.92",
            "revenue": 921092
        },
        "2012-08": {
            "month": "2012-08",
            "price": "12.59",
            "revenue": 657385
        },
        "2012-09": {
            "month": "2012-09",
            "price": "12.37",
            "revenue": 487599
        },
        "2012-10": {
            "month": "2012-10",
            "price": "11.88",
            "revenue": 535015
        },
        "2012-11": {
            "month": "2012-11",
            "price": "10.70",
            "revenue": 439318
        },
        "2012-12": {
            "month": "2012-12",
            "price": "10.88",
            "revenue": 594770
        },
        "2013-01": {
            "month": "2013-01",
            "price": "11.30",
            "revenue": 560955
        },
        "2013-02": {
            "month": "2013-02",
            "price": "11.48",
            "revenue": 395621
        },
        "2013-03": {
            "month": "2013-03",
            "price": "11.31",
            "revenue": 475945
        },
        "2013-04": {
            "month": "2013-04",
            "price": "11.38",
            "revenue": 381749
        },
        "2013-05": {
            "month": "2013-05",
            "price": "11.48",
            "revenue": 674310
        },
        "2013-06": {
            "month": "2013-06",
            "price": "11.61",
            "revenue": 412899
        },
        "2013-07": {
            "month": "2013-07",
            "price": "11.16",
            "revenue": 663254
        },
        "2013-08": {
            "month": "2013-08",
            "price": "10.90",
            "revenue": 695786
        },
        "2013-09": {
            "month": "2013-09",
            "price": "10.76",
            "revenue": 578488
        },
        "2013-10": {
            "month": "2013-10",
            "price": "10.97",
            "revenue": 505032
        },
        "2013-11": {
            "month": "2013-11",
            "price": "11.02",
            "revenue": 425499
        },
        "2013-12": {
            "month": "2013-12",
            "price": "11.40",
            "revenue": 617538
        },
        "2014-01": {
            "month": "2014-01",
            "price": "11.33",
            "revenue": 639301
        },
        "2014-02": {
            "month": "2014-02",
            "price": "10.91",
            "revenue": 332327
        },
        "2014-03": {
            "month": "2014-03",
            "price": "10.95",
            "revenue": 601626
        },
        "2014-04": {
            "month": "2014-04",
            "price": "11.33",
            "revenue": 561521
        },
        "2014-05": {
            "month": "2014-05",
            "price": "11.50",
            "revenue": 451108
        },
        "2014-06": {
            "month": "2014-06",
            "price": "11.40",
            "revenue": 513694
        },
        "2014-07": {
            "month": "2014-07",
            "price": "11.12",
            "revenue": 504256
        },
        "2014-08": {
            "month": "2014-08",
            "price": "11.15",
            "revenue": 649227
        },
        "2014-09": {
            "month": "2014-09",
            "price": "13.62",
            "revenue": 550881
        },
        "2014-10": {
            "month": "2014-10",
            "price": "13.19",
            "revenue": 430310
        },
        "2014-11": {
            "month": "2014-11",
            "price": "14.27",
            "revenue": 461145
        },
        "2014-12": {
            "month": "2014-12",
            "price": "14.24",
            "revenue": 513356
        },
        "2015-01": {
            "month": "2015-01",
            "price": "14.35",
            "revenue": 565942
        },
        "2015-02": {
            "month": "2015-02",
            "price": "14.18",
            "revenue": 478495
        },
        "2015-03": {
            "month": "2015-03",
            "price": "14.96",
            "revenue": 443509
        },
        "2015-04": {
            "month": "2015-04",
            "price": "14.95",
            "revenue": 443080
        },
        "2015-05": {
            "month": "2015-05",
            "price": "14.75",
            "revenue": 378273
        },
        "2015-06": {
            "month": "2015-06",
            "price": "14.16",
            "revenue": 545129
        },
        "2015-07": {
            "month": "2015-07",
            "price": "13.46",
            "revenue": 537714
        },
        "2015-08": {
            "month": "2015-08",
            "price": "12.49",
            "revenue": 612356
        },
        "2015-09": {
            "month": "2015-09",
            "price": "12.34",
            "revenue": 507978
        },
        "2015-10": {
            "month": "2015-10",
            "price": "12.40",
            "revenue": 541560
        },
        "2015-11": {
            "month": "2015-11",
            "price": "12.11",
            "revenue": 399547
        },
        "2015-12": {
            "month": "2015-12",
            "price": "11.60",
            "revenue": 452625
        },
        "2016-01": {
            "month": "2016-01",
            "price": "11.49",
            "revenue": 542632
        },
        "2016-02": {
            "month": "2016-02",
            "price": "11.50",
            "revenue": 401365
        },
        "2016-03": {
            "month": "2016-03",
            "price": "12.15",
            "revenue": 433443
        },
        "2016-04": {
            "month": "2016-04",
            "price": "12.01",
            "revenue": 397007
        },
        "2016-05": {
            "month": "2016-05",
            "price": "11.54",
            "revenue": 421053
        },
        "2016-06": {
            "month": "2016-06",
            "price": "11.61",
            "revenue": 745983
        },
        "2016-07": {
            "month": "2016-07",
            "price": "11.54",
            "revenue": 640004
        },
        "2016-08": {
            "month": "2016-08",
            "price": "11.10",
            "revenue": 646234
        },
        "2016-09": {
            "month": "2016-09",
            "price": "10.88",
            "revenue": 569102
        },
        "2016-10": {
            "month": "2016-10",
            "price": "10.73",
            "revenue": 540354
        },
        "2016-11": {
            "month": "2016-11",
            "price": "10.49",
            "revenue": 513577
        },
        "2016-12": {
            "month": "2016-12",
            "price": "10.48",
            "revenue": 763671
        },
        "2017-01": {
            "month": "2017-01",
            "price": "10.75",
            "revenue": 684645
        },
        "2017-02": {
            "month": "2017-02",
            "price": "11.40",
            "revenue": 442977
        },
        "2017-03": {
            "month": "2017-03",
            "price": "12.56",
            "revenue": 531942
        },
        "2017-04": {
            "month": "2017-04",
            "price": "11.89",
            "revenue": 577966
        },
        "2017-05": {
            "month": "2017-05",
            "price": "11.48",
            "revenue": 579032
        },
        "2017-06": {
            "month": "2017-06",
            "price": "11.71",
            "revenue": 700947
        },
        "2017-07": {
            "month": "2017-07",
            "price": "11.39",
            "revenue": 700246
        },
        "2017-08": {
            "month": "2017-08",
            "price": "11.25",
            "revenue": 664496
        },
        "2017-09": {
            "month": "2017-09",
            "price": "11.28",
            "revenue": 568683
        },
        "2017-10": {
            "month": "2017-10",
            "price": "11.16",
            "revenue": 554589
        },
        "2017-11": {
            "month": "2017-11",
            "price": "11.19",
            "revenue": 511146
        },
        "2017-12": {
            "month": "2017-12",
            "price": "11.06",
            "revenue": 577419
        },
        "2018-01": {
            "month": "2018-01",
            "price": "11.13",
            "revenue": 622123
        },
        "2018-02": {
            "month": "2018-02",
            "price": "10.87",
            "revenue": 434616
        },
        "2018-03": {
            "month": "2018-03",
            "price": "10.88",
            "revenue": 604423
        },
        "2018-04": {
            "month": "2018-04",
            "price": "10.90",
            "revenue": 553245
        },
        "2018-05": {
            "month": "2018-05",
            "price": "10.85",
            "revenue": 572928
        },
        "2018-06": {
            "month": "2018-06",
            "price": "11.42",
            "revenue": 592753
        },
        "2018-07": {
            "month": "2018-07",
            "price": "10.98",
            "revenue": 566349
        },
        "2018-08": {
            "month": "2018-08",
            "price": "10.45",
            "revenue": 625093
        },
        "2018-09": {
            "month": "2018-09",
            "price": "10.42",
            "revenue": 631278
        },
        "2018-10": {
            "month": "2018-10",
            "price": "9.82",
            "revenue": 534998
        },
        "2018-11": {
            "month": "2018-11",
            "price": "9.57",
            "revenue": 553279
        },
        "2018-12": {
            "month": "2018-12",
            "price": "9.55",
            "revenue": 631219
        },
        "2019-01": {
            "month": "2019-01",
            "price": "9.94",
            "revenue": 694554
        },
        "2019-02": {
            "month": "2019-02",
            "price": "10.10",
            "revenue": 448322
        },
        "2019-03": {
            "month": "2019-03",
            "price": "10.08",
            "revenue": 579356
        },
        "2019-04": {
            "month": "2019-04",
            "price": "10.20",
            "revenue": 632884
        },
        "2019-05": {
            "month": "2019-05",
            "price": "10.63",
            "revenue": 546666
        },
        "2019-06": {
            "month": "2019-06",
            "price": "10.87",
            "revenue": 630111
        },
        "2019-07": {
            "month": "2019-07",
            "price": "11.19",
            "revenue": 630791
        },
        "2019-08": {
            "month": "2019-08",
            "price": "11.58",
            "revenue": 655477
        },
        "2019-09": {
            "month": "2019-09",
            "price": "11.62",
            "revenue": 603413
        },
        "2019-10": {
            "month": "2019-10",
            "price": "11.53",
            "revenue": 532634
        },
        "2019-11": {
            "month": "2019-11",
            "price": "11.18",
            "revenue": 530636
        },
        "2019-12": {
            "month": "2019-12",
            "price": "11.35",
            "revenue": 724838
        },
        "2020-01": {
            "month": "2020-01",
            "price": "11.35",
            "revenue": 593877
        },
        "2020-02": {
            "month": "2020-02",
            "price": "11.17",
            "revenue": 444227
        },
        "2020-03": {
            "month": "2020-03",
            "price": "10.49",
            "revenue": 493536
        },
        "2020-04": {
            "month": "2020-04",
            "price": "10.20",
            "revenue": 503721
        },
        "2020-05": {
            "month": "2020-05",
            "price": "11.40",
            "revenue": 523542
        },
        "2020-06": {
            "month": "2020-06",
            "price": "12.42",
            "revenue": 612730
        },
        "2020-07": {
            "month": "2020-07",
            "price": "13.72",
            "revenue": 563008
        },
        "2020-08": {
            "month": "2020-08",
            "price": "13.69",
            "revenue": 594724
        },
        "2020-09": {
            "month": "2020-09",
            "price": "13.85",
            "revenue": 569773
        },
        "2020-10": {
            "month": "2020-10",
            "price": "13.59",
            "revenue": 477498
        },
        "2020-11": {
            "month": "2020-11",
            "price": "14.43",
            "revenue": 552192
        },
        "2020-12": {
            "month": "2020-12",
            "price": "14.91",
            "revenue": 656111
        },
        "2021-01": {
            "month": "2021-01",
            "price": "15.72",
            "revenue": 608236
        },
        "2021-02": {
            "month": "2021-02",
            "price": "15.76",
            "revenue": 572566
        },
        "2021-03": {
            "month": "2021-03",
            "price": "15.82",
            "revenue": 683803
        },
        "2021-04": {
            "month": "2021-04",
            "price": "16.78",
            "revenue": 693497
        },
        "2021-05": {
            "month": "2021-05",
            "price": "15.19",
            "revenue": 581979
        },
        "2021-06": {
            "month": "2021-06",
            "price": "15.53",
            "revenue": 707426
        },
        "2021-07": {
            "month": "2021-07",
            "price": "15.31",
            "revenue": 598991
        },
        "2021-08": {
            "month": "2021-08",
            "price": "14.92",
            "revenue": 752564
        },
        "2021-09": {
            "month": "2021-09",
            "price": "15.32",
            "revenue": 774517
        },
        "2021-10": {
            "month": "2021-10",
            "price": "15.40",
            "revenue": 781347
        },
        "2021-11": {
            "month": "2021-11",
            "price": "15.43",
            "revenue": 665876
        },
        "2021-12": {
            "month": "2021-12",
            "price": "15.41",
            "revenue": 803007
        },
        "2022-01": {
            "month": "2022-01",
            "price": "15.33",
            "revenue": 823551
        },
        "2022-02": {
            "month": "2022-02",
            "price": "18.21",
            "revenue": 534810
        },
        "2022-03": {
            "month": "2022-03",
            "price": "26.00",
            "revenue": 720459
        },
        "2022-04": {
            "month": "2022-04",
            "price": "20.21",
            "revenue": 596341
        },
        "2022-05": {
            "month": "2022-05",
            "price": "17.75",
            "revenue": 1292000
        },
        "2022-06": {
            "month": "2022-06",
            "price": "18.51",
            "revenue": 783171
        },
        "2022-07": {
            "month": "2022-07",
            "price": "19.04",
            "revenue": 713089
        },
        "2022-08": {
            "month": "2022-08",
            "price": "19.05",
            "revenue": 754825
        },
        "2022-09": {
            "month": "2022-09",
            "price": "17.45",
            "revenue": 750408
        },
        "2022-10": {
            "month": "2022-10",
            "price": "15.69",
            "revenue": 646706
        },
        "2022-11": {
            "month": "2022-11",
            "price": "16.52",
            "revenue": 622494
        },
        "2022-12": {
            "month": "2022-12",
            "price": "17.81",
            "revenue": 689662
        },
        "2023-01": {
            "month": "2023-01",
            "price": "18.02",
            "revenue": 660378
        },
        "2023-02": {
            "month": "2023-02",
            "price": "18.70",
            "revenue": 572006
        },
        "2023-03": {
            "month": "2023-03",
            "price": "17.74",
            "revenue": 612148
        },
        "2023-04": {
            "month": "2023-04",
            "price": "17.36",
            "revenue": 568481
        }
    }
}
