{
    "summary": {
        "stock_name": "特力",
        "stock_id": "2908",
        "category": "貿易百貨",
        "main_business": "一般進出口貿易業務及其有關之國內外買賣業務(許可業務除外)<br>代理國內外廠商產品之銷售及投標業務<br>代理國內外廠商之採購及投標業務",
        "website_url": "http://www.testritegroup.com",
        "ceo": "李麗秋董事長代理總經理",
        "pe_ratio": 31,
        "report_year_from": 2001,
        "report_year_to": 2023,
        "age": 22,
        "eps_negative_percentage": 0,
        "eps_growth_avg": {
            "last_all": -1.31,
            "last_2y": 17.52,
            "last_4y": -14.36,
            "last_8y": -5.3,
            "last_12y": 6.25,
            "last_16y": -2.25,
            "last_20y": -1.31,
            "at_2006_last_3y": -9.51,
            "at_2007_last_3y": 16.75,
            "at_2008_last_3y": -21.03,
            "at_2009_last_3y": -29.89,
            "at_2010_last_3y": 6.58,
            "at_2011_last_3y": 6.35,
            "at_2012_last_3y": 21.88,
            "at_2013_last_3y": 32.24,
            "at_2014_last_3y": 9.74,
            "at_2015_last_3y": 1.56,
            "at_2016_last_3y": -1.2,
            "at_2017_last_3y": 6.01,
            "at_2018_last_3y": -9.22,
            "at_2019_last_3y": -25.82,
            "at_2020_last_3y": -0.82,
            "at_2021_last_3y": -6.55,
            "at_2022_last_3y": -5.21,
            "at_2023_last_3y": -5.21,
            "at_2006_last_all": -7.02,
            "at_2007_last_all": -1.4,
            "at_2008_last_all": -8.51,
            "at_2009_last_all": -13.6,
            "at_2010_last_all": -0.97,
            "at_2011_last_all": 1.7,
            "at_2012_last_all": 2.54,
            "at_2013_last_all": 1.68,
            "at_2014_last_all": 2.32,
            "at_2015_last_all": 1.66,
            "at_2016_last_all": 1.55,
            "at_2017_last_all": 2.77,
            "at_2018_last_all": -0.39,
            "at_2019_last_all": -4.45,
            "at_2020_last_all": 1.05,
            "at_2021_last_all": 0.9,
            "at_2022_last_all": -1.31,
            "at_2023_last_all": -1.31
        },
        "latest_eps": 0.66,
        "latest_price": 20.25,
        "latest_roe": 5.27,
        "latest_gross_margin": 26.58,
        "latest_equity": 6615837,
        "latest_revenue": 8716634,
        "latest_gross_profit": 2316676,
        "latest_net_income": 163544,
        "latest_debt_ratio": 82.88,
        "latest_current_ratio": 128.41,
        "latest_account_receivable_turnover_ratio": 1.69,
        "latest_inventory_turnover_ratio": 0.84,
        "latest_reinvestment_rate": -44.04,
        "latest_research_to_sale_ratio": null
    },
    "eps_dividends": {
        "1991": {
            "cash": 0,
            "stock": 2.5,
            "eps": 0
        },
        "1992": {
            "cash": 0,
            "stock": 2.5,
            "eps": 0
        },
        "1993": {
            "cash": 0,
            "stock": 2.5,
            "eps": 0
        },
        "1994": {
            "cash": 0.5,
            "stock": 1.5,
            "eps": 0
        },
        "1995": {
            "cash": 1,
            "stock": 1,
            "eps": 0
        },
        "1996": {
            "cash": 0.5,
            "stock": 0.5,
            "eps": 0
        },
        "1997": {
            "cash": 0,
            "stock": 1,
            "eps": 0
        },
        "1999": {
            "cash": 0,
            "stock": 1.8,
            "eps": 0
        },
        "2000": {
            "cash": 0.5,
            "stock": 1.5,
            "eps": 0
        },
        "2001": {
            "cash": 0,
            "stock": 0,
            "eps": 2.38
        },
        "2002": {
            "cash": 1,
            "stock": 1,
            "eps": 2.45
        },
        "2003": {
            "cash": 1,
            "stock": 0.5,
            "eps": 0.53
        },
        "2004": {
            "cash": 0.5,
            "stock": 0.1,
            "eps": 2.25
        },
        "2005": {
            "cash": 1.79,
            "stock": 0.2,
            "eps": 1.94
        },
        "2006": {
            "cash": 1.17,
            "stock": 0.49,
            "eps": 1.05
        },
        "2007": {
            "cash": 0.84,
            "stock": 0.2,
            "eps": 1.33
        },
        "2008": {
            "cash": 1,
            "stock": 0.1,
            "eps": 0.65
        },
        "2009": {
            "cash": 0.35,
            "stock": 0.15,
            "eps": 0.33
        },
        "2010": {
            "cash": 0.26,
            "stock": 0,
            "eps": 1.01
        },
        "2011": {
            "cash": 1.4700000000000002,
            "stock": 0.3,
            "eps": 1.27
        },
        "2012": {
            "cash": 0,
            "stock": 0,
            "eps": 1.41
        },
        "2013": {
            "cash": 1.08,
            "stock": 0,
            "eps": 1.3
        },
        "2014": {
            "cash": 1,
            "stock": 0,
            "eps": 1.43
        },
        "2015": {
            "cash": 1.15,
            "stock": 0,
            "eps": 1.33
        },
        "2016": {
            "cash": 0.95,
            "stock": 0,
            "eps": 1.33
        },
        "2017": {
            "cash": 1.08,
            "stock": 0,
            "eps": 1.61
        },
        "2018": {
            "cash": 1.2,
            "stock": 0,
            "eps": 0.79
        },
        "2019": {
            "cash": 1.28,
            "stock": 0,
            "eps": 0.21
        },
        "2020": {
            "cash": 0.71,
            "stock": 0,
            "eps": 1.61
        },
        "2021": {
            "cash": 1.07,
            "stock": 0,
            "eps": 1.58
        },
        "2022": {
            "cash": 1.28,
            "stock": 0,
            "eps": 0.86
        },
        "2023": {
            "cash": 1.28,
            "stock": 0,
            "eps": 0.32
        }
    },
    "dividends": {
        "1991-05-11": {
            "cash": 0,
            "stock": 2.5
        },
        "1992-05-09": {
            "cash": 0,
            "stock": 2.5
        },
        "1993-05-10": {
            "cash": 0,
            "stock": 2.5
        },
        "1994-05-02": {
            "cash": 0.5,
            "stock": 1.5
        },
        "1995-05-08": {
            "cash": 1,
            "stock": 1
        },
        "1996-05-14": {
            "cash": 0.5,
            "stock": 0.5
        },
        "1997-05-14": {
            "cash": 0,
            "stock": 1
        },
        "1999-05-11": {
            "cash": 0,
            "stock": 1.8
        },
        "2000-06-13": {
            "cash": 0.5,
            "stock": 1.5
        },
        "2002-05-24": {
            "cash": 1,
            "stock": 1
        },
        "2003-04-01": {
            "cash": 1,
            "stock": 0.5
        },
        "2004-04-14": {
            "cash": 0.5,
            "stock": 0.1
        },
        "2005-04-15": {
            "cash": 1.79,
            "stock": 0.2
        },
        "2006-04-21": {
            "cash": 1.17,
            "stock": 0.49
        },
        "2007-04-20": {
            "cash": 0.84,
            "stock": 0.2
        },
        "2008-04-23": {
            "cash": 1,
            "stock": 0.1
        },
        "2009-04-24": {
            "cash": 0.35,
            "stock": 0.15
        },
        "2010-04-28": {
            "cash": 0.26,
            "stock": 0
        },
        "2011-01-01": {
            "cash": 0.8,
            "stock": 0.3
        },
        "2011-04-28": {
            "cash": 0.67,
            "stock": 0
        },
        "2013-03-28": {
            "cash": 1.08,
            "stock": 0
        },
        "2014-06-11": {
            "cash": 1,
            "stock": 0
        },
        "2015-08-07": {
            "cash": 1.15,
            "stock": 0
        },
        "2016-08-10": {
            "cash": 0.95,
            "stock": 0
        },
        "2017-08-04": {
            "cash": 1.08,
            "stock": 0
        },
        "2018-08-03": {
            "cash": 1.2,
            "stock": 0
        },
        "2019-08-05": {
            "cash": 1.28,
            "stock": 0
        },
        "2020-08-05": {
            "cash": 0.71,
            "stock": 0
        },
        "2021-08-05": {
            "cash": 1.07,
            "stock": 0
        },
        "2022-07-08": {
            "cash": 1.28,
            "stock": 0
        },
        "2023-07-06": {
            "cash": 1.28,
            "stock": 0
        }
    },
    "prices": {
        "200101": "16.96",
        "200102": "19.75",
        "200103": "24.62",
        "200104": "27.96",
        "200105": "27.25",
        "200106": "29.13",
        "200107": "27.08",
        "200108": "22.93",
        "200109": "18.94",
        "200110": "18.26",
        "200111": "20.14",
        "200112": "23.25",
        "200201": "23.78",
        "200202": "23.56",
        "200203": "24.86",
        "200204": "28.59",
        "200205": "28.16",
        "200206": "29.72",
        "200207": "27.52",
        "200208": "24.90",
        "200209": "24.68",
        "200210": "24.51",
        "200211": "25.92",
        "200212": "25.69",
        "200301": "26.19",
        "200302": "24.95",
        "200303": "25.09",
        "200304": "24.26",
        "200305": "23.10",
        "200306": "23.48",
        "200307": "21.19",
        "200308": "17.35",
        "200309": "16.80",
        "200310": "16.27",
        "200311": "18.32",
        "200312": "20.51",
        "200401": "20.29",
        "200402": "21.98",
        "200403": "20.78",
        "200404": "20.40",
        "200405": "18.11",
        "200406": "17.14",
        "200407": "17.02",
        "200408": "17.92",
        "200409": "18.91",
        "200410": "19.10",
        "200411": "19.08",
        "200412": "19.65",
        "200501": "19.78",
        "200502": "20.02",
        "200503": "21.53",
        "200504": "21.18",
        "200505": "20.10",
        "200506": "22.11",
        "200507": "23.12",
        "200508": "22.68",
        "200509": "23.87",
        "200510": "25.01",
        "200511": "23.88",
        "200512": "23.54",
        "200601": "23.75",
        "200602": "22.56",
        "200603": "21.90",
        "200604": "23.09",
        "200605": "23.91",
        "200606": "22.12",
        "200607": "21.09",
        "200608": "19.49",
        "200609": "18.04",
        "200610": "17.49",
        "200611": "17.31",
        "200612": "18.70",
        "200701": "19.58",
        "200702": "19.02",
        "200703": "18.22",
        "200704": "18.72",
        "200705": "18.45",
        "200706": "19.44",
        "200707": "22.46",
        "200708": "22.97",
        "200709": "21.68",
        "200710": "20.57",
        "200711": "19.64",
        "200712": "18.85",
        "200801": "19.81",
        "200802": "19.97",
        "200803": "19.68",
        "200804": "19.96",
        "200805": "19.91",
        "200806": "18.97",
        "200807": "17.71",
        "200808": "17.92",
        "200809": "17.59",
        "200810": "15.98",
        "200811": "14.33",
        "200812": "14.50",
        "200901": "14.92",
        "200902": "15.06",
        "200903": "15.02",
        "200904": "16.29",
        "200905": "16.49",
        "200906": "15.53",
        "200907": "15.47",
        "200908": "15.42",
        "200909": "15.09",
        "200910": "14.90",
        "200911": "15.23",
        "200912": "17.26",
        "201001": "17.57",
        "201002": "16.90",
        "201003": "18.37",
        "201004": "19.68",
        "201005": "17.76",
        "201006": "18.40",
        "201007": "18.21",
        "201008": "21.48",
        "201009": "23.20",
        "201010": "24.85",
        "201011": "23.20",
        "201012": "22.73",
        "201101": "22.10",
        "201102": "21.36",
        "201103": "21.97",
        "201104": "22.94",
        "201105": "23.77",
        "201106": "22.69",
        "201107": "24.93",
        "201108": "23.65",
        "201109": "22.35",
        "201110": "22.04",
        "201111": "20.94",
        "201112": "20.39",
        "201201": "21.03",
        "201202": "21.22",
        "201203": "20.68",
        "201204": "19.87",
        "201205": "19.66",
        "201206": "19.63",
        "201207": "20.88",
        "201208": "21.03",
        "201209": "21.29",
        "201210": "21.19",
        "201211": "21.84",
        "201212": "21.83",
        "201301": "22.22",
        "201302": "22.00",
        "201303": "21.93",
        "201304": "21.70",
        "201305": "22.29",
        "201306": "23.41",
        "201307": "23.50",
        "201308": "23.29",
        "201309": "22.88",
        "201310": "22.93",
        "201311": "22.67",
        "201312": "22.20",
        "201401": "22.60",
        "201402": "22.54",
        "201403": "22.25",
        "201404": "21.76",
        "201405": "21.55",
        "201406": "21.62",
        "201407": "21.30",
        "201408": "19.82",
        "201409": "19.78",
        "201410": "19.75",
        "201411": "20.70",
        "201412": "21.12",
        "201501": "20.91",
        "201502": "20.80",
        "201503": "20.64",
        "201504": "20.77",
        "201505": "20.97",
        "201506": "21.13",
        "201507": "20.55",
        "201508": "20.36",
        "201509": "20.00",
        "201510": "20.50",
        "201511": "19.82",
        "201512": "19.96",
        "201601": "20.09",
        "201602": "20.36",
        "201603": "20.01",
        "201604": "19.74",
        "201605": "19.54",
        "201606": "19.55",
        "201607": "19.94",
        "201608": "19.43",
        "201609": "19.37",
        "201610": "19.34",
        "201611": "19.35",
        "201612": "19.49",
        "201701": "19.83",
        "201702": "20.06",
        "201703": "20.10",
        "201704": "19.88",
        "201705": "19.94",
        "201706": "21.37",
        "201707": "22.41",
        "201708": "22.45",
        "201709": "22.63",
        "201710": "22.53",
        "201711": "22.59",
        "201712": "22.56",
        "201801": "23.00",
        "201802": "22.60",
        "201803": "22.94",
        "201804": "23.61",
        "201805": "23.44",
        "201806": "23.35",
        "201807": "22.96",
        "201808": "22.68",
        "201809": "22.96",
        "201810": "22.85",
        "201811": "22.38",
        "201812": "22.18",
        "201901": "22.07",
        "201902": "22.62",
        "201903": "22.57",
        "201904": "21.63",
        "201905": "21.31",
        "201906": "21.75",
        "201907": "21.16",
        "201908": "21.10",
        "201909": "21.59",
        "201910": "22.03",
        "201911": "21.39",
        "201912": "20.75",
        "202001": "21.11",
        "202002": "20.28",
        "202003": "19.08",
        "202004": "18.73",
        "202005": "18.93",
        "202006": "20.67",
        "202007": "21.38",
        "202008": "21.79",
        "202009": "23.36",
        "202010": "25.23",
        "202011": "26.66",
        "202012": "26.61",
        "202101": "26.18",
        "202102": "25.70",
        "202103": "26.28",
        "202104": "26.32",
        "202105": "25.86",
        "202106": "26.52",
        "202107": "25.58",
        "202108": "24.34",
        "202109": "24.38",
        "202110": "23.70",
        "202111": "23.36",
        "202112": "21.26",
        "202201": "21.52",
        "202202": "21.72",
        "202203": "21.46",
        "202204": "21.69",
        "202205": "21.87",
        "202206": "21.96",
        "202207": "21.69",
        "202208": "21.43",
        "202209": "21.05",
        "202210": "20.41",
        "202211": "20.11",
        "202212": "19.86",
        "202301": "19.76",
        "202302": "19.99",
        "202303": "20.69",
        "202304": "20.88",
        "202305": "20.84",
        "202306": "20.88"
    },
    "quarters": {
        "20011": {
            "year_quarter": 20011,
            "year": 2001,
            "quarter": 1,
            "eps": 1.05,
            "eps_growth_year": -3.67,
            "eps_4q": 2.21,
            "eps_4q_growth_year": -22.32,
            "roe": 6.5,
            "roe_4q": 6.5,
            "gross_profit": 538008,
            "gross_margin": 17.5,
            "gross_margin_4q_avg": 17.5,
            "net_income": 241374,
            "revenue": 3074100,
            "common_shares": 2398908,
            "book_valuer_per_share": 16.04,
            "book_valuer_per_share_4q_avg": 16.04,
            "equity": 3848570,
            "current_ratio": 121.3,
            "debt_ratio": 52.14,
            "inventory_turnover_ratio": 8.69,
            "account_receivable_turnover_ratio": null,
            "reinvestment_rate": null,
            "research_to_sale_ratio": null,
            "price_fair": 0,
            "eps_avg_yearly": 0,
            "eps_latest_yearly": 0,
            "eps_growth_yearly": 0
        },
        "20012": {
            "year_quarter": 20012,
            "year": 2001,
            "quarter": 2,
            "eps": 0.64,
            "eps_growth_year": 236.84,
            "eps_4q": 2.39,
            "eps_4q_growth_year": 4.59,
            "roe": 4.39,
            "roe_4q": 10.89,
            "gross_profit": 536249,
            "gross_margin": 15.7,
            "gross_margin_4q_avg": 16.6,
            "net_income": 169540,
            "revenue": 3414536,
            "common_shares": 2398908,
            "book_valuer_per_share": 16.16,
            "book_valuer_per_share_4q_avg": 16.1,
            "equity": 3876114,
            "current_ratio": 133.28,
            "debt_ratio": 41.98,
            "inventory_turnover_ratio": 19.28,
            "account_receivable_turnover_ratio": null,
            "reinvestment_rate": null,
            "research_to_sale_ratio": null,
            "price_fair": 0,
            "eps_avg_yearly": 0,
            "eps_latest_yearly": 0,
            "eps_growth_yearly": 0
        },
        "20013": {
            "year_quarter": 20013,
            "year": 2001,
            "quarter": 3,
            "eps": 0.38,
            "eps_growth_year": 5.56,
            "eps_4q": 2.43,
            "eps_4q_growth_year": 32.43,
            "roe": 2.54,
            "roe_4q": 13.43,
            "gross_profit": 537304,
            "gross_margin": 15.64,
            "gross_margin_4q_avg": 16.28,
            "net_income": 102001,
            "revenue": 3435998,
            "common_shares": 2837933,
            "book_valuer_per_share": 14.63,
            "book_valuer_per_share_4q_avg": 15.61,
            "equity": 4151105,
            "current_ratio": 144.15,
            "debt_ratio": 39.27,
            "inventory_turnover_ratio": 20.97,
            "account_receivable_turnover_ratio": null,
            "reinvestment_rate": null,
            "research_to_sale_ratio": null,
            "price_fair": 0,
            "eps_avg_yearly": 0,
            "eps_latest_yearly": 0,
            "eps_growth_yearly": 0
        },
        "20014": {
            "year_quarter": 20014,
            "year": 2001,
            "quarter": 4,
            "eps": 0.31,
            "eps_growth_year": -49.18,
            "eps_4q": 2.23,
            "eps_4q_growth_year": 5.36,
            "roe": 1.92,
            "roe_4q": 15.35,
            "gross_profit": 455598,
            "gross_margin": 16.01,
            "gross_margin_4q_avg": 16.21,
            "net_income": 82869,
            "revenue": 2845483,
            "common_shares": 2872422,
            "book_valuer_per_share": 14.78,
            "book_valuer_per_share_4q_avg": 15.4,
            "equity": 4475718,
            "current_ratio": 151.07,
            "debt_ratio": 40.37,
            "inventory_turnover_ratio": 12.41,
            "account_receivable_turnover_ratio": null,
            "reinvestment_rate": null,
            "research_to_sale_ratio": null,
            "price_fair": 0,
            "eps_avg_yearly": 0,
            "eps_latest_yearly": 0,
            "eps_growth_yearly": 0
        },
        "20021": {
            "year_quarter": 20021,
            "year": 2002,
            "quarter": 1,
            "eps": 0.91,
            "eps_growth_year": -13.33,
            "eps_4q": 2.16,
            "eps_4q_growth_year": -2.13,
            "roe": 5.68,
            "roe_4q": 14.530000000000001,
            "gross_profit": 537658,
            "gross_margin": 17.19,
            "gross_margin_4q_avg": 16.14,
            "net_income": 257348,
            "revenue": 3127708,
            "common_shares": 2921062,
            "book_valuer_per_share": 15.68,
            "book_valuer_per_share_4q_avg": 15.31,
            "equity": 4579248,
            "current_ratio": 187.5,
            "debt_ratio": 33.89,
            "inventory_turnover_ratio": 13.8,
            "account_receivable_turnover_ratio": null,
            "reinvestment_rate": null,
            "research_to_sale_ratio": null,
            "price_fair": 127.4,
            "eps_avg_yearly": 3.64,
            "eps_latest_yearly": 3.64,
            "eps_growth_yearly": 774.19
        },
        "20022": {
            "year_quarter": 20022,
            "year": 2002,
            "quarter": 2,
            "eps": 0.63,
            "eps_growth_year": -1.56,
            "eps_4q": 2.03,
            "eps_4q_growth_year": -15.17,
            "roe": 4.33,
            "roe_4q": 14.469999999999999,
            "gross_profit": 592982,
            "gross_margin": 15.15,
            "gross_margin_4q_avg": 16,
            "net_income": 198892,
            "revenue": 3914122,
            "common_shares": 2921266,
            "book_valuer_per_share": 15.79,
            "book_valuer_per_share_4q_avg": 15.22,
            "equity": 4614114,
            "current_ratio": 142.13,
            "debt_ratio": 41.27,
            "inventory_turnover_ratio": 27.39,
            "account_receivable_turnover_ratio": null,
            "reinvestment_rate": null,
            "research_to_sale_ratio": null,
            "price_fair": 107.8,
            "eps_avg_yearly": 3.08,
            "eps_latest_yearly": 2.52,
            "eps_growth_yearly": 325.56
        },
        "20023": {
            "year_quarter": 20023,
            "year": 2002,
            "quarter": 3,
            "eps": 0.47,
            "eps_growth_year": 23.68,
            "eps_4q": 2.15,
            "eps_4q_growth_year": -11.8,
            "roe": 3.16,
            "roe_4q": 15.09,
            "gross_profit": 530467,
            "gross_margin": 13.07,
            "gross_margin_4q_avg": 15.36,
            "net_income": 151226,
            "revenue": 4057790,
            "common_shares": 3449897,
            "book_valuer_per_share": 14.38,
            "book_valuer_per_share_4q_avg": 15.16,
            "equity": 4959451,
            "current_ratio": 195.55,
            "debt_ratio": 35.05,
            "inventory_turnover_ratio": 30.71,
            "account_receivable_turnover_ratio": null,
            "reinvestment_rate": null,
            "research_to_sale_ratio": null,
            "price_fair": 93.8,
            "eps_avg_yearly": 2.68,
            "eps_latest_yearly": 1.88,
            "eps_growth_yearly": 183.18
        },
        "20024": {
            "year_quarter": 20024,
            "year": 2002,
            "quarter": 4,
            "eps": 0.44,
            "eps_growth_year": 41.94,
            "eps_4q": 2.31,
            "eps_4q_growth_year": 3.82,
            "roe": 2.81,
            "roe_4q": 15.98,
            "gross_profit": 589483,
            "gross_margin": 13.46,
            "gross_margin_4q_avg": 14.72,
            "net_income": 142630,
            "revenue": 4379221,
            "common_shares": 3478922,
            "book_valuer_per_share": 14.66,
            "book_valuer_per_share_4q_avg": 15.13,
            "equity": 5197183,
            "current_ratio": 168.76,
            "debt_ratio": 42.87,
            "inventory_turnover_ratio": 14.9,
            "account_receivable_turnover_ratio": null,
            "reinvestment_rate": 45.14,
            "research_to_sale_ratio": null,
            "price_fair": 85.75,
            "eps_avg_yearly": 2.45,
            "eps_latest_yearly": 1.76,
            "eps_growth_yearly": 131
        },
        "20031": {
            "year_quarter": 20031,
            "year": 2003,
            "quarter": 1,
            "eps": 0.49,
            "eps_growth_year": -46.15,
            "eps_4q": 1.93,
            "eps_4q_growth_year": -10.85,
            "roe": 3.17,
            "roe_4q": 13.47,
            "gross_profit": 585166,
            "gross_margin": 13.75,
            "gross_margin_4q_avg": 13.86,
            "net_income": 167848,
            "revenue": 4256252,
            "common_shares": 3479410,
            "book_valuer_per_share": 15.45,
            "book_valuer_per_share_4q_avg": 15.07,
            "equity": 5376364,
            "current_ratio": 190.85,
            "debt_ratio": 36.31,
            "inventory_turnover_ratio": 14.21,
            "account_receivable_turnover_ratio": null,
            "reinvestment_rate": 44.46,
            "research_to_sale_ratio": null,
            "price_fair": 82.32,
            "eps_avg_yearly": 2.35,
            "eps_latest_yearly": 1.96,
            "eps_growth_yearly": 113.89
        },
        "20032": {
            "year_quarter": 20032,
            "year": 2003,
            "quarter": 2,
            "eps": -0.96,
            "eps_growth_year": -252.38,
            "eps_4q": 0.31,
            "eps_4q_growth_year": -84.69,
            "roe": -7.05,
            "roe_4q": 2.0900000000000003,
            "gross_profit": 553890,
            "gross_margin": 14.51,
            "gross_margin_4q_avg": 13.7,
            "net_income": -353511,
            "revenue": 3816726,
            "common_shares": 3479410,
            "book_valuer_per_share": 13.38,
            "book_valuer_per_share_4q_avg": 14.47,
            "equity": 4655428,
            "current_ratio": 134.6,
            "debt_ratio": 43.48,
            "inventory_turnover_ratio": 32.41,
            "account_receivable_turnover_ratio": null,
            "reinvestment_rate": 42.4,
            "research_to_sale_ratio": null,
            "price_fair": 82.32,
            "eps_avg_yearly": 2.35,
            "eps_latest_yearly": 1.96,
            "eps_growth_yearly": 113.89
        },
        "20033": {
            "year_quarter": 20033,
            "year": 2003,
            "quarter": 3,
            "eps": 0.59,
            "eps_growth_year": 25.53,
            "eps_4q": 0.47,
            "eps_4q_growth_year": -77.93,
            "roe": 4.65,
            "roe_4q": 3.5800000000000005,
            "gross_profit": 647195,
            "gross_margin": 16.94,
            "gross_margin_4q_avg": 14.67,
            "net_income": 217888,
            "revenue": 3819693,
            "common_shares": 3707386,
            "book_valuer_per_share": 12.7,
            "book_valuer_per_share_4q_avg": 14.05,
            "equity": 4708146,
            "current_ratio": 129.29,
            "debt_ratio": 60.07,
            "inventory_turnover_ratio": 41.87,
            "account_receivable_turnover_ratio": null,
            "reinvestment_rate": 29.08,
            "research_to_sale_ratio": null,
            "price_fair": 82.32,
            "eps_avg_yearly": 2.35,
            "eps_latest_yearly": 1.96,
            "eps_growth_yearly": 113.89
        },
        "20034": {
            "year_quarter": 20034,
            "year": 2003,
            "quarter": 4,
            "eps": 0.41,
            "eps_growth_year": -6.82,
            "eps_4q": 0.5,
            "eps_4q_growth_year": -78.47,
            "roe": 3.04,
            "roe_4q": 3.8100000000000005,
            "gross_profit": 584362,
            "gross_margin": 15.88,
            "gross_margin_4q_avg": 15.27,
            "net_income": 149843,
            "revenue": 3680577,
            "common_shares": 3707386,
            "book_valuer_per_share": 13.12,
            "book_valuer_per_share_4q_avg": 13.66,
            "equity": 5162241,
            "current_ratio": 206.25,
            "debt_ratio": 51.47,
            "inventory_turnover_ratio": 8.96,
            "account_receivable_turnover_ratio": null,
            "reinvestment_rate": 5.29,
            "research_to_sale_ratio": null,
            "price_fair": 78.17,
            "eps_avg_yearly": 2.23,
            "eps_latest_yearly": 1.64,
            "eps_growth_yearly": 74.57
        },
        "20041": {
            "year_quarter": 20041,
            "year": 2004,
            "quarter": 1,
            "eps": 0.53,
            "eps_growth_year": 8.16,
            "eps_4q": 0.57,
            "eps_4q_growth_year": -70.54,
            "roe": 3.79,
            "roe_4q": 4.430000000000001,
            "gross_profit": 573326,
            "gross_margin": 14.93,
            "gross_margin_4q_avg": 15.57,
            "net_income": 197234,
            "revenue": 3840690,
            "common_shares": 3873427,
            "book_valuer_per_share": 13.54,
            "book_valuer_per_share_4q_avg": 13.19,
            "equity": 5246153,
            "current_ratio": 158.88,
            "debt_ratio": 50.44,
            "inventory_turnover_ratio": 9.78,
            "account_receivable_turnover_ratio": null,
            "reinvestment_rate": -27.75,
            "research_to_sale_ratio": null,
            "price_fair": 77.6,
            "eps_avg_yearly": 2.22,
            "eps_latest_yearly": 2.12,
            "eps_growth_yearly": 80.64
        },
        "20042": {
            "year_quarter": 20042,
            "year": 2004,
            "quarter": 2,
            "eps": 0.41,
            "eps_growth_year": null,
            "eps_4q": 1.93,
            "eps_4q_growth_year": 521.52,
            "roe": 3,
            "roe_4q": 14.48,
            "gross_profit": 661333,
            "gross_margin": 14.65,
            "gross_margin_4q_avg": 15.6,
            "net_income": 152130,
            "revenue": 4513768,
            "common_shares": 3875927,
            "book_valuer_per_share": 12.66,
            "book_valuer_per_share_4q_avg": 13.01,
            "equity": 4908006,
            "current_ratio": 144.14,
            "debt_ratio": 53.92,
            "inventory_turnover_ratio": 93.93,
            "account_receivable_turnover_ratio": null,
            "reinvestment_rate": -30.33,
            "research_to_sale_ratio": null,
            "price_fair": 75.08,
            "eps_avg_yearly": 2.15,
            "eps_latest_yearly": 1.64,
            "eps_growth_yearly": 59.24
        },
        "20043": {
            "year_quarter": 20043,
            "year": 2004,
            "quarter": 3,
            "eps": 0.77,
            "eps_growth_year": 30.51,
            "eps_4q": 2.12,
            "eps_4q_growth_year": 348.43,
            "roe": 5.62,
            "roe_4q": 15.45,
            "gross_profit": 743485,
            "gross_margin": 15.43,
            "gross_margin_4q_avg": 15.22,
            "net_income": 284060,
            "revenue": 4816938,
            "common_shares": 3964063,
            "book_valuer_per_share": 13.14,
            "book_valuer_per_share_4q_avg": 13.12,
            "equity": 5209361,
            "current_ratio": 159.85,
            "debt_ratio": 48.66,
            "inventory_turnover_ratio": 102.72,
            "account_receivable_turnover_ratio": null,
            "reinvestment_rate": -30.69,
            "research_to_sale_ratio": null,
            "price_fair": 78.71,
            "eps_avg_yearly": 2.25,
            "eps_latest_yearly": 3.08,
            "eps_growth_yearly": 91.68
        },
        "20044": {
            "year_quarter": 20044,
            "year": 2004,
            "quarter": 4,
            "eps": 0.54,
            "eps_growth_year": 31.71,
            "eps_4q": 2.26,
            "eps_4q_growth_year": 354.2,
            "roe": 3.59,
            "roe_4q": 16,
            "gross_profit": 629819,
            "gross_margin": 15.22,
            "gross_margin_4q_avg": 15.06,
            "net_income": 198551,
            "revenue": 4139448,
            "common_shares": 3973113,
            "book_valuer_per_share": 13.68,
            "book_valuer_per_share_4q_avg": 13.26,
            "equity": 5849967,
            "current_ratio": 193.98,
            "debt_ratio": 48.54,
            "inventory_turnover_ratio": 6.55,
            "account_receivable_turnover_ratio": null,
            "reinvestment_rate": -22.45,
            "research_to_sale_ratio": null,
            "price_fair": 78.4,
            "eps_avg_yearly": 2.24,
            "eps_latest_yearly": 2.16,
            "eps_growth_yearly": 70.57
        },
        "20051": {
            "year_quarter": 20051,
            "year": 2005,
            "quarter": 1,
            "eps": 0.54,
            "eps_growth_year": 1.89,
            "eps_4q": 2.26,
            "eps_4q_growth_year": 298.41,
            "roe": 3.46,
            "roe_4q": 15.67,
            "gross_profit": 633872,
            "gross_margin": 15.34,
            "gross_margin_4q_avg": 15.16,
            "net_income": 198839,
            "revenue": 4131642,
            "common_shares": 3979463,
            "book_valuer_per_share": 14.17,
            "book_valuer_per_share_4q_avg": 13.41,
            "equity": 5639383,
            "current_ratio": 132.3,
            "debt_ratio": 55.12,
            "inventory_turnover_ratio": 6.35,
            "account_receivable_turnover_ratio": null,
            "reinvestment_rate": -38.03,
            "research_to_sale_ratio": null,
            "price_fair": 78.15,
            "eps_avg_yearly": 2.23,
            "eps_latest_yearly": 2.16,
            "eps_growth_yearly": 64.15
        },
        "20052": {
            "year_quarter": 20052,
            "year": 2005,
            "quarter": 2,
            "eps": 0.42,
            "eps_growth_year": 2.44,
            "eps_4q": 2.27,
            "eps_4q_growth_year": 17.47,
            "roe": 2.88,
            "roe_4q": 15.55,
            "gross_profit": 612913,
            "gross_margin": 13.81,
            "gross_margin_4q_avg": 14.95,
            "net_income": 154691,
            "revenue": 4436636,
            "common_shares": 3982967,
            "book_valuer_per_share": 12.83,
            "book_valuer_per_share_4q_avg": 13.46,
            "equity": 5110830,
            "current_ratio": 130.59,
            "debt_ratio": 49.24,
            "inventory_turnover_ratio": 45.27,
            "account_receivable_turnover_ratio": null,
            "reinvestment_rate": -39.14,
            "research_to_sale_ratio": null,
            "price_fair": 76.53,
            "eps_avg_yearly": 2.19,
            "eps_latest_yearly": 1.68,
            "eps_growth_yearly": 51.4
        },
        "20053": {
            "year_quarter": 20053,
            "year": 2005,
            "quarter": 3,
            "eps": 0.47,
            "eps_growth_year": -38.96,
            "eps_4q": 1.92,
            "eps_4q_growth_year": -9.66,
            "roe": 3.42,
            "roe_4q": 13.35,
            "gross_profit": 680213,
            "gross_margin": 14.48,
            "gross_margin_4q_avg": 14.71,
            "net_income": 179175,
            "revenue": 4695996,
            "common_shares": 4166654,
            "book_valuer_per_share": 12.85,
            "book_valuer_per_share_4q_avg": 13.38,
            "equity": 5355853,
            "current_ratio": 124.92,
            "debt_ratio": 55.68,
            "inventory_turnover_ratio": 43.03,
            "account_receivable_turnover_ratio": null,
            "reinvestment_rate": -38.55,
            "research_to_sale_ratio": null,
            "price_fair": 75.71,
            "eps_avg_yearly": 2.16,
            "eps_latest_yearly": 1.88,
            "eps_growth_yearly": 51.11
        },
        "20054": {
            "year_quarter": 20054,
            "year": 2005,
            "quarter": 4,
            "eps": 0.51,
            "eps_growth_year": -5.56,
            "eps_4q": 1.9,
            "eps_4q_growth_year": -15.82,
            "roe": 3.16,
            "roe_4q": 12.920000000000002,
            "gross_profit": 696225,
            "gross_margin": 15.73,
            "gross_margin_4q_avg": 14.84,
            "net_income": 194792,
            "revenue": 4425461,
            "common_shares": 4167176,
            "book_valuer_per_share": 13.35,
            "book_valuer_per_share_4q_avg": 13.3,
            "equity": 6985853,
            "current_ratio": 114.61,
            "debt_ratio": 60.07,
            "inventory_turnover_ratio": 1.89,
            "account_receivable_turnover_ratio": null,
            "reinvestment_rate": 126.62,
            "research_to_sale_ratio": null,
            "price_fair": 75.4,
            "eps_avg_yearly": 2.15,
            "eps_latest_yearly": 2.04,
            "eps_growth_yearly": 49.89
        },
        "20061": {
            "year_quarter": 20061,
            "year": 2006,
            "quarter": 1,
            "eps": 0.32,
            "eps_growth_year": -40.74,
            "eps_4q": 1.68,
            "eps_4q_growth_year": -25.85,
            "roe": 1.96,
            "roe_4q": 11.419999999999998,
            "gross_profit": 622278,
            "gross_margin": 15.4,
            "gross_margin_4q_avg": 14.86,
            "net_income": 124508,
            "revenue": 4039573,
            "common_shares": 4167176,
            "book_valuer_per_share": 13.74,
            "book_valuer_per_share_4q_avg": 13.19,
            "equity": 5725200,
            "current_ratio": 167.8,
            "debt_ratio": 50.84,
            "inventory_turnover_ratio": 1.73,
            "account_receivable_turnover_ratio": null,
            "reinvestment_rate": -39.4,
            "research_to_sale_ratio": null,
            "price_fair": 5.96,
            "eps_avg_yearly": 1.99,
            "eps_latest_yearly": 1.28,
            "eps_growth_yearly": -16.06
        },
        "20062": {
            "year_quarter": 20062,
            "year": 2006,
            "quarter": 2,
            "eps": 0.15,
            "eps_growth_year": -64.29,
            "eps_4q": 1.37,
            "eps_4q_growth_year": -39.74,
            "roe": 1.09,
            "roe_4q": 9.629999999999999,
            "gross_profit": 642221,
            "gross_margin": 15.76,
            "gross_margin_4q_avg": 15.34,
            "net_income": 61385,
            "revenue": 4075349,
            "common_shares": 4167350,
            "book_valuer_per_share": 13.27,
            "book_valuer_per_share_4q_avg": 13.3,
            "equity": 5529107,
            "current_ratio": 155.5,
            "debt_ratio": 49.79,
            "inventory_turnover_ratio": 39.77,
            "account_receivable_turnover_ratio": null,
            "reinvestment_rate": -37.32,
            "research_to_sale_ratio": null,
            "price_fair": 5.55,
            "eps_avg_yearly": 1.85,
            "eps_latest_yearly": 0.6,
            "eps_growth_yearly": -22.44
        },
        "20063": {
            "year_quarter": 20063,
            "year": 2006,
            "quarter": 3,
            "eps": 0.36,
            "eps_growth_year": -23.4,
            "eps_4q": 1.28,
            "eps_4q_growth_year": -33.38,
            "roe": 2.64,
            "roe_4q": 8.850000000000001,
            "gross_profit": 734947,
            "gross_margin": 16.15,
            "gross_margin_4q_avg": 15.76,
            "net_income": 149320,
            "revenue": 4551680,
            "common_shares": 4487306,
            "book_valuer_per_share": 12.88,
            "book_valuer_per_share_4q_avg": 13.31,
            "equity": 5780172,
            "current_ratio": 136.72,
            "debt_ratio": 54.94,
            "inventory_turnover_ratio": 43.55,
            "account_receivable_turnover_ratio": null,
            "reinvestment_rate": -37.05,
            "research_to_sale_ratio": null,
            "price_fair": 63.26,
            "eps_avg_yearly": 1.82,
            "eps_latest_yearly": 1.44,
            "eps_growth_yearly": 24.81
        },
        "20064": {
            "year_quarter": 20064,
            "year": 2006,
            "quarter": 4,
            "eps": 0.22,
            "eps_growth_year": -56.86,
            "eps_4q": 1.04,
            "eps_4q_growth_year": -45.47,
            "roe": 1.3,
            "roe_4q": 6.99,
            "gross_profit": 605359,
            "gross_margin": 15.04,
            "gross_margin_4q_avg": 15.59,
            "net_income": 90088,
            "revenue": 4025288,
            "common_shares": 4488130,
            "book_valuer_per_share": 13.01,
            "book_valuer_per_share_4q_avg": 13.23,
            "equity": 8105423,
            "current_ratio": 100.05,
            "debt_ratio": 60.8,
            "inventory_turnover_ratio": 1.58,
            "account_receivable_turnover_ratio": null,
            "reinvestment_rate": 227.81,
            "research_to_sale_ratio": null,
            "price_fair": 44.78,
            "eps_avg_yearly": 1.75,
            "eps_latest_yearly": 0.88,
            "eps_growth_yearly": 15.53
        },
        "20071": {
            "year_quarter": 20071,
            "year": 2007,
            "quarter": 1,
            "eps": 0.4,
            "eps_growth_year": 25,
            "eps_4q": 1.08,
            "eps_4q_growth_year": -35.49,
            "roe": 2.51,
            "roe_4q": 7.539999999999999,
            "gross_profit": 693059,
            "gross_margin": 15.79,
            "gross_margin_4q_avg": 15.69,
            "net_income": 176171,
            "revenue": 4390300,
            "common_shares": 4488646,
            "book_valuer_per_share": 13.21,
            "book_valuer_per_share_4q_avg": 13.09,
            "equity": 5929663,
            "current_ratio": 111.76,
            "debt_ratio": 56.77,
            "inventory_turnover_ratio": 1.7,
            "account_receivable_turnover_ratio": null,
            "reinvestment_rate": -37.22,
            "research_to_sale_ratio": null,
            "price_fair": 60.5,
            "eps_avg_yearly": 1.73,
            "eps_latest_yearly": 1.6,
            "eps_growth_yearly": 35.66
        },
        "20072": {
            "year_quarter": 20072,
            "year": 2007,
            "quarter": 2,
            "eps": 0.3,
            "eps_growth_year": 100,
            "eps_4q": 1.26,
            "eps_4q_growth_year": -7.61,
            "roe": 2.24,
            "roe_4q": 8.69,
            "gross_profit": 653615,
            "gross_margin": 16.34,
            "gross_margin_4q_avg": 15.83,
            "net_income": 129327,
            "revenue": 3999222,
            "common_shares": 4488646,
            "book_valuer_per_share": 12.52,
            "book_valuer_per_share_4q_avg": 12.91,
            "equity": 5618309,
            "current_ratio": 92.14,
            "debt_ratio": 55.49,
            "inventory_turnover_ratio": 34.6,
            "account_receivable_turnover_ratio": null,
            "reinvestment_rate": -30.32,
            "research_to_sale_ratio": null,
            "price_fair": 59.27,
            "eps_avg_yearly": 1.69,
            "eps_latest_yearly": 1.2,
            "eps_growth_yearly": 26.61
        },
        "20073": {
            "year_quarter": 20073,
            "year": 2007,
            "quarter": 3,
            "eps": 0.22,
            "eps_growth_year": -38.89,
            "eps_4q": 1.14,
            "eps_4q_growth_year": -10.56,
            "roe": 1.72,
            "roe_4q": 7.77,
            "gross_profit": 549834,
            "gross_margin": 15.54,
            "gross_margin_4q_avg": 15.68,
            "net_income": 94296,
            "revenue": 3539284,
            "common_shares": 4489161,
            "book_valuer_per_share": 11.94,
            "book_valuer_per_share_4q_avg": 12.67,
            "equity": 5362033,
            "current_ratio": 102.05,
            "debt_ratio": 64.03,
            "inventory_turnover_ratio": 35.52,
            "account_receivable_turnover_ratio": null,
            "reinvestment_rate": 39.41,
            "research_to_sale_ratio": null,
            "price_fair": 46.45,
            "eps_avg_yearly": 1.64,
            "eps_latest_yearly": 0.88,
            "eps_growth_yearly": 18.28
        },
        "20074": {
            "year_quarter": 20074,
            "year": 2007,
            "quarter": 4,
            "eps": 0.41,
            "eps_growth_year": 86.36,
            "eps_4q": 1.34,
            "eps_4q_growth_year": 28.61,
            "roe": 2.62,
            "roe_4q": 9.09,
            "gross_profit": 528518,
            "gross_margin": 16.39,
            "gross_margin_4q_avg": 16.02,
            "net_income": 177053,
            "revenue": 3224598,
            "common_shares": 4652434,
            "book_valuer_per_share": 13.13,
            "book_valuer_per_share_4q_avg": 12.7,
            "equity": 8178731,
            "current_ratio": 117.97,
            "debt_ratio": 66.69,
            "inventory_turnover_ratio": 1.26,
            "account_receivable_turnover_ratio": null,
            "reinvestment_rate": 152.92,
            "research_to_sale_ratio": null,
            "price_fair": 57.49,
            "eps_avg_yearly": 1.64,
            "eps_latest_yearly": 1.64,
            "eps_growth_yearly": 47.5
        },
        "20081": {
            "year_quarter": 20081,
            "year": 2008,
            "quarter": 1,
            "eps": 0.35,
            "eps_growth_year": -12.5,
            "eps_4q": 1.15,
            "eps_4q_growth_year": 5.89,
            "roe": 2.33,
            "roe_4q": 8.91,
            "gross_profit": 2519000,
            "gross_margin": 29.02,
            "gross_margin_4q_avg": 19.32,
            "net_income": 169357,
            "revenue": 8678920,
            "common_shares": 4652434,
            "book_valuer_per_share": 12.61,
            "book_valuer_per_share_4q_avg": 12.55,
            "equity": 6354341,
            "current_ratio": 99.62,
            "debt_ratio": 73.54,
            "inventory_turnover_ratio": 1.57,
            "account_receivable_turnover_ratio": null,
            "reinvestment_rate": 174.88,
            "research_to_sale_ratio": null,
            "price_fair": 55.91,
            "eps_avg_yearly": 1.6,
            "eps_latest_yearly": 1.4,
            "eps_growth_yearly": 36.52
        },
        "20082": {
            "year_quarter": 20082,
            "year": 2008,
            "quarter": 2,
            "eps": 0.15,
            "eps_growth_year": -50,
            "eps_4q": 4.56,
            "eps_4q_growth_year": 260.39,
            "roe": 0.26,
            "roe_4q": 6.93,
            "gross_profit": 1870203,
            "gross_margin": 22.27,
            "gross_margin_4q_avg": 20.81,
            "net_income": 16210,
            "revenue": 8396266,
            "common_shares": 4652434,
            "book_valuer_per_share": 11.9,
            "book_valuer_per_share_4q_avg": 12.4,
            "equity": 5961785,
            "current_ratio": 103.82,
            "debt_ratio": 73.85,
            "inventory_turnover_ratio": 1.84,
            "account_receivable_turnover_ratio": null,
            "reinvestment_rate": 183.88,
            "research_to_sale_ratio": null,
            "price_fair": 53.64,
            "eps_avg_yearly": 1.53,
            "eps_latest_yearly": 0.6,
            "eps_growth_yearly": 27.9
        },
        "20083": {
            "year_quarter": 20083,
            "year": 2008,
            "quarter": 3,
            "eps": 0.25,
            "eps_growth_year": 13.64,
            "eps_4q": 1.02,
            "eps_4q_growth_year": -10.49,
            "roe": 2.06,
            "roe_4q": 7.2700000000000005,
            "gross_profit": 2239759,
            "gross_margin": 27.75,
            "gross_margin_4q_avg": 23.86,
            "net_income": 123965,
            "revenue": 8070368,
            "common_shares": 4736660,
            "book_valuer_per_share": 11.85,
            "book_valuer_per_share_4q_avg": 12.37,
            "equity": 6063631,
            "current_ratio": 106.36,
            "debt_ratio": 74.21,
            "inventory_turnover_ratio": 1.6,
            "account_receivable_turnover_ratio": null,
            "reinvestment_rate": 201.74,
            "research_to_sale_ratio": null,
            "price_fair": 45.74,
            "eps_avg_yearly": 1.4,
            "eps_latest_yearly": 1,
            "eps_growth_yearly": 22.61
        },
        "20084": {
            "year_quarter": 20084,
            "year": 2008,
            "quarter": 4,
            "eps": -0.1,
            "eps_growth_year": -124.39,
            "eps_4q": 1.03,
            "eps_4q_growth_year": -22.88,
            "roe": -2.16,
            "roe_4q": 2.49,
            "gross_profit": 2235161,
            "gross_margin": 29.46,
            "gross_margin_4q_avg": 27.13,
            "net_income": -129627,
            "revenue": 7587033,
            "common_shares": 4736660,
            "book_valuer_per_share": 11.29,
            "book_valuer_per_share_4q_avg": 11.91,
            "equity": 5911488,
            "current_ratio": 100.77,
            "debt_ratio": 74.88,
            "inventory_turnover_ratio": 1.38,
            "account_receivable_turnover_ratio": 5.93,
            "reinvestment_rate": 218.6,
            "research_to_sale_ratio": null,
            "price_fair": 47.32,
            "eps_avg_yearly": 1.35,
            "eps_latest_yearly": 1,
            "eps_growth_yearly": 32.09
        },
        "20091": {
            "year_quarter": 20091,
            "year": 2009,
            "quarter": 1,
            "eps": 0.2,
            "eps_growth_year": -42.86,
            "eps_4q": 0.55,
            "eps_4q_growth_year": -52.17,
            "roe": 1.32,
            "roe_4q": 1.48,
            "gross_profit": 2124103,
            "gross_margin": 28.23,
            "gross_margin_4q_avg": 26.93,
            "net_income": 78456,
            "revenue": 7525196,
            "common_shares": 4736660,
            "book_valuer_per_share": 11.48,
            "book_valuer_per_share_4q_avg": 11.63,
            "equity": 5997656,
            "current_ratio": 103.59,
            "debt_ratio": 74.31,
            "inventory_turnover_ratio": 1.48,
            "account_receivable_turnover_ratio": 2.84,
            "reinvestment_rate": 259.52,
            "research_to_sale_ratio": null,
            "price_fair": 45.3,
            "eps_avg_yearly": 1.29,
            "eps_latest_yearly": 1,
            "eps_growth_yearly": 34.38
        },
        "20092": {
            "year_quarter": 20092,
            "year": 2009,
            "quarter": 2,
            "eps": 0.13,
            "eps_growth_year": -13.33,
            "eps_4q": 0.3,
            "eps_4q_growth_year": -93.33,
            "roe": 1.46,
            "roe_4q": 2.68,
            "gross_profit": 1953006,
            "gross_margin": 27.81,
            "gross_margin_4q_avg": 28.31,
            "net_income": 86929,
            "revenue": 7022173,
            "common_shares": 4736660,
            "book_valuer_per_share": 11.33,
            "book_valuer_per_share_4q_avg": 11.49,
            "equity": 5920197,
            "current_ratio": 95.13,
            "debt_ratio": 73.58,
            "inventory_turnover_ratio": 1.48,
            "account_receivable_turnover_ratio": 2.66,
            "reinvestment_rate": 267.77,
            "research_to_sale_ratio": null,
            "price_fair": 42.4,
            "eps_avg_yearly": 1.21,
            "eps_latest_yearly": 0.52,
            "eps_growth_yearly": 30.73
        },
        "20093": {
            "year_quarter": 20093,
            "year": 2009,
            "quarter": 3,
            "eps": 0.08,
            "eps_growth_year": -68,
            "eps_4q": 0.18,
            "eps_4q_growth_year": -82.33,
            "roe": 0.91,
            "roe_4q": 1.5300000000000002,
            "gross_profit": 1945189,
            "gross_margin": 25.86,
            "gross_margin_4q_avg": 27.84,
            "net_income": 56662,
            "revenue": 7522870,
            "common_shares": 5312228,
            "book_valuer_per_share": 11.47,
            "book_valuer_per_share_4q_avg": 11.39,
            "equity": 6536393,
            "current_ratio": 100.08,
            "debt_ratio": 71.36,
            "inventory_turnover_ratio": 1.6,
            "account_receivable_turnover_ratio": 2.91,
            "reinvestment_rate": 312.86,
            "research_to_sale_ratio": null,
            "price_fair": 28.97,
            "eps_avg_yearly": 1.1,
            "eps_latest_yearly": 0.32,
            "eps_growth_yearly": 16.34
        },
        "20094": {
            "year_quarter": 20094,
            "year": 2009,
            "quarter": 4,
            "eps": -0.08,
            "eps_growth_year": null,
            "eps_4q": 0.28,
            "eps_4q_growth_year": -72.56,
            "roe": 0.17,
            "roe_4q": 3.8600000000000003,
            "gross_profit": 2317981,
            "gross_margin": 33.22,
            "gross_margin_4q_avg": 28.78,
            "net_income": 11356,
            "revenue": 6977411,
            "common_shares": 5312228,
            "book_valuer_per_share": 12.47,
            "book_valuer_per_share_4q_avg": 11.69,
            "equity": 6446928,
            "current_ratio": 105.96,
            "debt_ratio": 70.99,
            "inventory_turnover_ratio": 1.23,
            "account_receivable_turnover_ratio": 4.26,
            "reinvestment_rate": 30.8,
            "research_to_sale_ratio": null,
            "price_fair": 25.67,
            "eps_avg_yearly": 1.03,
            "eps_latest_yearly": 0.32,
            "eps_growth_yearly": 14.98
        },
        "20101": {
            "year_quarter": 20101,
            "year": 2010,
            "quarter": 1,
            "eps": 0.5,
            "eps_growth_year": 150,
            "eps_4q": 0.61,
            "eps_4q_growth_year": 10.96,
            "roe": 4.03,
            "roe_4q": 6.57,
            "gross_profit": 2471770,
            "gross_margin": 29.74,
            "gross_margin_4q_avg": 29.16,
            "net_income": 264690,
            "revenue": 8311084,
            "common_shares": 5312228,
            "book_valuer_per_share": 13,
            "book_valuer_per_share_4q_avg": 12.07,
            "equity": 6701682,
            "current_ratio": 113.89,
            "debt_ratio": 69.66,
            "inventory_turnover_ratio": 1.43,
            "account_receivable_turnover_ratio": 2.39,
            "reinvestment_rate": 320.57,
            "research_to_sale_ratio": null,
            "price_fair": 35.23,
            "eps_avg_yearly": 1.01,
            "eps_latest_yearly": 0.32,
            "eps_growth_yearly": 28.64
        },
        "20102": {
            "year_quarter": 20102,
            "year": 2010,
            "quarter": 2,
            "eps": 0.02,
            "eps_growth_year": -86.03,
            "eps_4q": 0.51,
            "eps_4q_growth_year": 69.03,
            "roe": 0.86,
            "roe_4q": 5.970000000000001,
            "gross_profit": 2361109,
            "gross_margin": 31.29,
            "gross_margin_4q_avg": 30.03,
            "net_income": 56836,
            "revenue": 7546499,
            "common_shares": 5312228,
            "book_valuer_per_share": 12.7,
            "book_valuer_per_share_4q_avg": 12.41,
            "equity": 6529281,
            "current_ratio": 103.97,
            "debt_ratio": 71.59,
            "inventory_turnover_ratio": 1.24,
            "account_receivable_turnover_ratio": 1.86,
            "reinvestment_rate": 356.09,
            "research_to_sale_ratio": null,
            "price_fair": 23.46,
            "eps_avg_yearly": 0.96,
            "eps_latest_yearly": 0.08,
            "eps_growth_yearly": 14.35
        },
        "20103": {
            "year_quarter": 20103,
            "year": 2010,
            "quarter": 3,
            "eps": 0.24,
            "eps_growth_year": 200.3,
            "eps_4q": 0.68,
            "eps_4q_growth_year": 277.9,
            "roe": 2.55,
            "roe_4q": 7.609999999999999,
            "gross_profit": 2508710,
            "gross_margin": 30.04,
            "gross_margin_4q_avg": 31.07,
            "net_income": 168825,
            "revenue": 8351703,
            "common_shares": 5164228,
            "book_valuer_per_share": 13,
            "book_valuer_per_share_4q_avg": 12.79,
            "equity": 6736648,
            "current_ratio": 108.66,
            "debt_ratio": 71.83,
            "inventory_turnover_ratio": 1.35,
            "account_receivable_turnover_ratio": 1.73,
            "reinvestment_rate": 364.23,
            "research_to_sale_ratio": null,
            "price_fair": 32.32,
            "eps_avg_yearly": 0.92,
            "eps_latest_yearly": 0.96,
            "eps_growth_yearly": 334.35
        },
        "20104": {
            "year_quarter": 20104,
            "year": 2010,
            "quarter": 4,
            "eps": 0.25,
            "eps_growth_year": null,
            "eps_4q": 1.01,
            "eps_4q_growth_year": 255.94,
            "roe": 1.93,
            "roe_4q": 9.370000000000001,
            "gross_profit": 2342989,
            "gross_margin": 27.9,
            "gross_margin_4q_avg": 29.74,
            "net_income": 129815,
            "revenue": 8398752,
            "common_shares": 5164228,
            "book_valuer_per_share": 13.1,
            "book_valuer_per_share_4q_avg": 12.95,
            "equity": 6733513,
            "current_ratio": 115.12,
            "debt_ratio": 70.94,
            "inventory_turnover_ratio": 1.33,
            "account_receivable_turnover_ratio": 1.86,
            "reinvestment_rate": -62.56,
            "research_to_sale_ratio": null,
            "price_fair": 32.67,
            "eps_avg_yearly": 0.93,
            "eps_latest_yearly": 1,
            "eps_growth_yearly": 348.7
        },
        "20111": {
            "year_quarter": 20111,
            "year": 2011,
            "quarter": 1,
            "eps": 0.51,
            "eps_growth_year": 2,
            "eps_4q": 0.99,
            "eps_4q_growth_year": 62.73,
            "roe": 3.68,
            "roe_4q": 9.02,
            "gross_profit": 2655695,
            "gross_margin": 28.68,
            "gross_margin_4q_avg": 29.48,
            "net_income": 262977,
            "revenue": 9258846,
            "common_shares": 5164228,
            "book_valuer_per_share": 14.07,
            "book_valuer_per_share_4q_avg": 13.22,
            "equity": 7539377,
            "current_ratio": 119.68,
            "debt_ratio": 69.77,
            "inventory_turnover_ratio": 1.41,
            "account_receivable_turnover_ratio": 2,
            "reinvestment_rate": 356.98,
            "research_to_sale_ratio": null,
            "price_fair": 33.95,
            "eps_avg_yearly": 0.97,
            "eps_latest_yearly": 2.04,
            "eps_growth_yearly": 356.1
        },
        "20112": {
            "year_quarter": 20112,
            "year": 2011,
            "quarter": 2,
            "eps": 0.19,
            "eps_growth_year": 947.9,
            "eps_4q": 1.16,
            "eps_4q_growth_year": 126.51,
            "roe": 1.96,
            "roe_4q": 10.120000000000001,
            "gross_profit": 2741450,
            "gross_margin": 32.54,
            "gross_margin_4q_avg": 29.79,
            "net_income": 145533,
            "revenue": 8425490,
            "common_shares": 5164228,
            "book_valuer_per_share": 13.61,
            "book_valuer_per_share_4q_avg": 13.45,
            "equity": 7275028,
            "current_ratio": 120.46,
            "debt_ratio": 72.57,
            "inventory_turnover_ratio": 1.17,
            "account_receivable_turnover_ratio": 1.44,
            "reinvestment_rate": 408.77,
            "research_to_sale_ratio": null,
            "price_fair": 32.67,
            "eps_avg_yearly": 0.93,
            "eps_latest_yearly": 0.76,
            "eps_growth_yearly": 343.52
        },
        "20113": {
            "year_quarter": 20113,
            "year": 2011,
            "quarter": 3,
            "eps": 0.31,
            "eps_growth_year": 30.15,
            "eps_4q": 1.27,
            "eps_4q_growth_year": 85.6,
            "roe": 2.63,
            "roe_4q": 10.2,
            "gross_profit": 2757322,
            "gross_margin": 29.85,
            "gross_margin_4q_avg": 29.74,
            "net_income": 190687,
            "revenue": 9237823,
            "common_shares": 5164228,
            "book_valuer_per_share": 13.76,
            "book_valuer_per_share_4q_avg": 13.64,
            "equity": 7220989,
            "current_ratio": 117.68,
            "debt_ratio": 73.58,
            "inventory_turnover_ratio": 1.27,
            "account_receivable_turnover_ratio": 1.49,
            "reinvestment_rate": 317.82,
            "research_to_sale_ratio": null,
            "price_fair": 33.72,
            "eps_avg_yearly": 0.96,
            "eps_latest_yearly": 1.24,
            "eps_growth_yearly": 373.46
        },
        "20114": {
            "year_quarter": 20114,
            "year": 2011,
            "quarter": 4,
            "eps": 0.26,
            "eps_growth_year": 5.22,
            "eps_4q": 1.31,
            "eps_4q_growth_year": 29.92,
            "roe": 2.96,
            "roe_4q": 11.23,
            "gross_profit": 2684543,
            "gross_margin": 29.98,
            "gross_margin_4q_avg": 30.26,
            "net_income": 213908,
            "revenue": 8955413,
            "common_shares": 5074228,
            "book_valuer_per_share": 13.85,
            "book_valuer_per_share_4q_avg": 13.82,
            "equity": 7230700,
            "current_ratio": 110.87,
            "debt_ratio": 73.77,
            "inventory_turnover_ratio": 1.14,
            "account_receivable_turnover_ratio": 1.53,
            "reinvestment_rate": 105.24,
            "research_to_sale_ratio": null,
            "price_fair": 31.97,
            "eps_avg_yearly": 0.91,
            "eps_latest_yearly": 1.04,
            "eps_growth_yearly": 339.29
        },
        "20121": {
            "year_quarter": 20121,
            "year": 2012,
            "quarter": 1,
            "eps": 0.55,
            "eps_growth_year": 7.84,
            "eps_4q": 1.33,
            "eps_4q_growth_year": 34.72,
            "roe": 3.8,
            "roe_4q": 11.350000000000001,
            "gross_profit": 2701852,
            "gross_margin": 28.96,
            "gross_margin_4q_avg": 30.33,
            "net_income": 278545,
            "revenue": 9330623,
            "common_shares": 5074228,
            "book_valuer_per_share": 14.37,
            "book_valuer_per_share_4q_avg": 13.9,
            "equity": 7436692,
            "current_ratio": 113.06,
            "debt_ratio": 71.37,
            "inventory_turnover_ratio": 1.19,
            "account_receivable_turnover_ratio": 1.77,
            "reinvestment_rate": 83.81,
            "research_to_sale_ratio": null,
            "price_fair": 34.3,
            "eps_avg_yearly": 0.98,
            "eps_latest_yearly": 2.2,
            "eps_growth_yearly": 381.35
        },
        "20122": {
            "year_quarter": 20122,
            "year": 2012,
            "quarter": 2,
            "eps": 0.23,
            "eps_growth_year": 21.56,
            "eps_4q": 1.34,
            "eps_4q_growth_year": 15.59,
            "roe": 2.42,
            "roe_4q": 11.809999999999999,
            "gross_profit": 2710104,
            "gross_margin": 29.06,
            "gross_margin_4q_avg": 29.46,
            "net_income": 175409,
            "revenue": 9326209,
            "common_shares": 5074228,
            "book_valuer_per_share": 13.7,
            "book_valuer_per_share_4q_avg": 13.92,
            "equity": 7039707,
            "current_ratio": 106.63,
            "debt_ratio": 72.84,
            "inventory_turnover_ratio": 1.3,
            "account_receivable_turnover_ratio": 1.8,
            "reinvestment_rate": 80.49,
            "research_to_sale_ratio": null,
            "price_fair": 35.23,
            "eps_avg_yearly": 1.01,
            "eps_latest_yearly": 0.92,
            "eps_growth_yearly": 381
        },
        "20123": {
            "year_quarter": 20123,
            "year": 2012,
            "quarter": 3,
            "eps": 0.33,
            "eps_growth_year": 7.11,
            "eps_4q": 1.38,
            "eps_4q_growth_year": 8.79,
            "roe": 2.78,
            "roe_4q": 11.96,
            "gross_profit": 2541490,
            "gross_margin": 28.94,
            "gross_margin_4q_avg": 29.24,
            "net_income": 190156,
            "revenue": 8782713,
            "common_shares": 5219555,
            "book_valuer_per_share": 13.53,
            "book_valuer_per_share_4q_avg": 13.86,
            "equity": 6645245,
            "current_ratio": 120.68,
            "debt_ratio": 70.87,
            "inventory_turnover_ratio": 1.31,
            "account_receivable_turnover_ratio": 1.73,
            "reinvestment_rate": -5.43,
            "research_to_sale_ratio": null,
            "price_fair": 36.17,
            "eps_avg_yearly": 1.03,
            "eps_latest_yearly": 1.32,
            "eps_growth_yearly": 373.27
        },
        "20124": {
            "year_quarter": 20124,
            "year": 2012,
            "quarter": 4,
            "eps": 0.3,
            "eps_growth_year": 13.73,
            "eps_4q": 1.42,
            "eps_4q_growth_year": 8.31,
            "roe": 1.58,
            "roe_4q": 10.579999999999998,
            "gross_profit": 2629636,
            "gross_margin": 33.68,
            "gross_margin_4q_avg": 30.16,
            "net_income": 106130,
            "revenue": 7807729,
            "common_shares": 5219555,
            "book_valuer_per_share": 13.85,
            "book_valuer_per_share_4q_avg": 13.86,
            "equity": 6765036,
            "current_ratio": 108.95,
            "debt_ratio": 70.11,
            "inventory_turnover_ratio": 1.1,
            "account_receivable_turnover_ratio": 1.71,
            "reinvestment_rate": -4.71,
            "research_to_sale_ratio": null,
            "price_fair": 36.62,
            "eps_avg_yearly": 1.05,
            "eps_latest_yearly": 1.2,
            "eps_growth_yearly": 341.76
        },
        "20131": {
            "year_quarter": 20131,
            "year": 2013,
            "quarter": 1,
            "eps": 0.5,
            "eps_growth_year": -9.09,
            "eps_4q": 1.37,
            "eps_4q_growth_year": 2.62,
            "roe": 3.63,
            "roe_4q": 10.41,
            "gross_profit": 2576967,
            "gross_margin": 29.06,
            "gross_margin_4q_avg": 30.19,
            "net_income": 248482,
            "revenue": 8868902,
            "common_shares": 5219555,
            "book_valuer_per_share": 14.16,
            "book_valuer_per_share_4q_avg": 13.81,
            "equity": 6923065,
            "current_ratio": 104.52,
            "debt_ratio": 68.95,
            "inventory_turnover_ratio": 1.35,
            "account_receivable_turnover_ratio": 2.55,
            "reinvestment_rate": -3.03,
            "research_to_sale_ratio": null,
            "price_fair": 39,
            "eps_avg_yearly": 1.11,
            "eps_latest_yearly": 2,
            "eps_growth_yearly": 336.4
        },
        "20132": {
            "year_quarter": 20132,
            "year": 2013,
            "quarter": 2,
            "eps": 0.17,
            "eps_growth_year": -26.49,
            "eps_4q": 1.31,
            "eps_4q_growth_year": -2.69,
            "roe": 1.29,
            "roe_4q": 9.28,
            "gross_profit": 2565089,
            "gross_margin": 29.82,
            "gross_margin_4q_avg": 30.38,
            "net_income": 86289,
            "revenue": 8602125,
            "common_shares": 5219555,
            "book_valuer_per_share": 13.22,
            "book_valuer_per_share_4q_avg": 13.69,
            "equity": 6468561,
            "current_ratio": 101.83,
            "debt_ratio": 70.71,
            "inventory_turnover_ratio": 1.39,
            "account_receivable_turnover_ratio": 3.09,
            "reinvestment_rate": 4.19,
            "research_to_sale_ratio": 0,
            "price_fair": 39.4,
            "eps_avg_yearly": 1.13,
            "eps_latest_yearly": 0.68,
            "eps_growth_yearly": 327.54
        },
        "20133": {
            "year_quarter": 20133,
            "year": 2013,
            "quarter": 3,
            "eps": 0.27,
            "eps_growth_year": -19.38,
            "eps_4q": 1.24,
            "eps_4q_growth_year": -10.06,
            "roe": 1.99,
            "roe_4q": 8.49,
            "gross_profit": 2701444,
            "gross_margin": 30.08,
            "gross_margin_4q_avg": 30.66,
            "net_income": 129875,
            "revenue": 8980296,
            "common_shares": 5219555,
            "book_valuer_per_share": 13.48,
            "book_valuer_per_share_4q_avg": 13.68,
            "equity": 6594084,
            "current_ratio": 104.99,
            "debt_ratio": 70.82,
            "inventory_turnover_ratio": 1.46,
            "account_receivable_turnover_ratio": 3.05,
            "reinvestment_rate": -12.58,
            "research_to_sale_ratio": 0,
            "price_fair": 41.3,
            "eps_avg_yearly": 1.18,
            "eps_latest_yearly": 1.08,
            "eps_growth_yearly": 355.34
        },
        "20134": {
            "year_quarter": 20134,
            "year": 2013,
            "quarter": 4,
            "eps": 0.36,
            "eps_growth_year": 21.31,
            "eps_4q": 1.3,
            "eps_4q_growth_year": -7.89,
            "roe": 2.63,
            "roe_4q": 9.54,
            "gross_profit": 2766834,
            "gross_margin": 31.61,
            "gross_margin_4q_avg": 30.14,
            "net_income": 175968,
            "revenue": 8752541,
            "common_shares": 5219555,
            "book_valuer_per_share": 13.88,
            "book_valuer_per_share_4q_avg": 13.69,
            "equity": 6793160,
            "current_ratio": 111.17,
            "debt_ratio": 70.93,
            "inventory_turnover_ratio": 1.26,
            "account_receivable_turnover_ratio": 3.03,
            "reinvestment_rate": -3.31,
            "research_to_sale_ratio": null,
            "price_fair": 41.91,
            "eps_avg_yearly": 1.2,
            "eps_latest_yearly": 1.44,
            "eps_growth_yearly": 340.54
        },
        "20141": {
            "year_quarter": 20141,
            "year": 2014,
            "quarter": 1,
            "eps": 0.56,
            "eps_growth_year": 12,
            "eps_4q": 1.32,
            "eps_4q_growth_year": -3.83,
            "roe": 3.91,
            "roe_4q": 9.82,
            "gross_profit": 2683419,
            "gross_margin": 29.64,
            "gross_margin_4q_avg": 30.29,
            "net_income": 277395,
            "revenue": 9052489,
            "common_shares": 5219555,
            "book_valuer_per_share": 14.68,
            "book_valuer_per_share_4q_avg": 13.82,
            "equity": 7409968,
            "current_ratio": 119.53,
            "debt_ratio": 68.38,
            "inventory_turnover_ratio": 1.3,
            "account_receivable_turnover_ratio": 3.17,
            "reinvestment_rate": -8.44,
            "research_to_sale_ratio": null,
            "price_fair": 44.19,
            "eps_avg_yearly": 1.26,
            "eps_latest_yearly": 2.24,
            "eps_growth_yearly": 333.14
        },
        "20142": {
            "year_quarter": 20142,
            "year": 2014,
            "quarter": 2,
            "eps": 0.21,
            "eps_growth_year": 23.53,
            "eps_4q": 1.35,
            "eps_4q_growth_year": 3.47,
            "roe": 1.5,
            "roe_4q": 10.03,
            "gross_profit": 2520785,
            "gross_margin": 28.4,
            "gross_margin_4q_avg": 29.93,
            "net_income": 108337,
            "revenue": 8877122,
            "common_shares": 5219555,
            "book_valuer_per_share": 13.86,
            "book_valuer_per_share_4q_avg": 13.98,
            "equity": 6988762,
            "current_ratio": 110.86,
            "debt_ratio": 71.02,
            "inventory_turnover_ratio": 1.35,
            "account_receivable_turnover_ratio": 2.92,
            "reinvestment_rate": -13.84,
            "research_to_sale_ratio": null,
            "price_fair": 45.85,
            "eps_avg_yearly": 1.31,
            "eps_latest_yearly": 0.84,
            "eps_growth_yearly": 341.52
        },
        "20143": {
            "year_quarter": 20143,
            "year": 2014,
            "quarter": 3,
            "eps": 0.3,
            "eps_growth_year": 11.11,
            "eps_4q": 1.39,
            "eps_4q_growth_year": 12.35,
            "roe": 2.12,
            "roe_4q": 10.16,
            "gross_profit": 2774309,
            "gross_margin": 30.14,
            "gross_margin_4q_avg": 29.95,
            "net_income": 150013,
            "revenue": 9203372,
            "common_shares": 5219555,
            "book_valuer_per_share": 14.21,
            "book_valuer_per_share_4q_avg": 14.16,
            "equity": 7164704,
            "current_ratio": 113.74,
            "debt_ratio": 70.79,
            "inventory_turnover_ratio": 1.35,
            "account_receivable_turnover_ratio": 2.76,
            "reinvestment_rate": -12.12,
            "research_to_sale_ratio": 0,
            "price_fair": 46.38,
            "eps_avg_yearly": 1.33,
            "eps_latest_yearly": 1.2,
            "eps_growth_yearly": 77.23
        },
        "20144": {
            "year_quarter": 20144,
            "year": 2014,
            "quarter": 4,
            "eps": 0.36,
            "eps_growth_year": 0.22,
            "eps_4q": 1.41,
            "eps_4q_growth_year": 7.79,
            "roe": 2.47,
            "roe_4q": 10,
            "gross_profit": 2853513,
            "gross_margin": 32.38,
            "gross_margin_4q_avg": 30.14,
            "net_income": 179422,
            "revenue": 8813258,
            "common_shares": 5139555,
            "book_valuer_per_share": 14.61,
            "book_valuer_per_share_4q_avg": 14.34,
            "equity": 7360975,
            "current_ratio": 116.07,
            "debt_ratio": 70.46,
            "inventory_turnover_ratio": 1.14,
            "account_receivable_turnover_ratio": 2.65,
            "reinvestment_rate": -16.27,
            "research_to_sale_ratio": null,
            "price_fair": 47.34,
            "eps_avg_yearly": 1.35,
            "eps_latest_yearly": 1.44,
            "eps_growth_yearly": 81.19
        },
        "20151": {
            "year_quarter": 20151,
            "year": 2015,
            "quarter": 1,
            "eps": 0.62,
            "eps_growth_year": 10.71,
            "eps_4q": 1.48,
            "eps_4q_growth_year": 12.55,
            "roe": 4.16,
            "roe_4q": 10.25,
            "gross_profit": 3029862,
            "gross_margin": 31.38,
            "gross_margin_4q_avg": 30.58,
            "net_income": 309826,
            "revenue": 9655827,
            "common_shares": 5139555,
            "book_valuer_per_share": 15.03,
            "book_valuer_per_share_4q_avg": 14.43,
            "equity": 7552610,
            "current_ratio": 112.61,
            "debt_ratio": 70,
            "inventory_turnover_ratio": 1.14,
            "account_receivable_turnover_ratio": 3.19,
            "reinvestment_rate": -19.59,
            "research_to_sale_ratio": null,
            "price_fair": 48.3,
            "eps_avg_yearly": 1.38,
            "eps_latest_yearly": 2.48,
            "eps_growth_yearly": 73.25
        },
        "20152": {
            "year_quarter": 20152,
            "year": 2015,
            "quarter": 2,
            "eps": 0.22,
            "eps_growth_year": 4.76,
            "eps_4q": 1.47,
            "eps_4q_growth_year": 8.78,
            "roe": 1.49,
            "roe_4q": 10.240000000000002,
            "gross_profit": 2711985,
            "gross_margin": 30.24,
            "gross_margin_4q_avg": 31.04,
            "net_income": 109952,
            "revenue": 8967518,
            "common_shares": 5139555,
            "book_valuer_per_share": 14.21,
            "book_valuer_per_share_4q_avg": 14.52,
            "equity": 7251559,
            "current_ratio": 109.95,
            "debt_ratio": 70.54,
            "inventory_turnover_ratio": 1.07,
            "account_receivable_turnover_ratio": 3.23,
            "reinvestment_rate": -41.03,
            "research_to_sale_ratio": null,
            "price_fair": 48.56,
            "eps_avg_yearly": 1.39,
            "eps_latest_yearly": 0.88,
            "eps_growth_yearly": 72.8
        },
        "20153": {
            "year_quarter": 20153,
            "year": 2015,
            "quarter": 3,
            "eps": 0.3,
            "eps_growth_year": 0,
            "eps_4q": 1.48,
            "eps_4q_growth_year": 5.82,
            "roe": 2.06,
            "roe_4q": 10.18,
            "gross_profit": 2779725,
            "gross_margin": 30.92,
            "gross_margin_4q_avg": 31.23,
            "net_income": 151619,
            "revenue": 8990976,
            "common_shares": 5098875,
            "book_valuer_per_share": 14.6,
            "book_valuer_per_share_4q_avg": 14.61,
            "equity": 7446763,
            "current_ratio": 109.75,
            "debt_ratio": 71.41,
            "inventory_turnover_ratio": 1.05,
            "account_receivable_turnover_ratio": 3.12,
            "reinvestment_rate": -54.68,
            "research_to_sale_ratio": 0,
            "price_fair": 48.48,
            "eps_avg_yearly": 1.39,
            "eps_latest_yearly": 1.2,
            "eps_growth_yearly": 66.11
        },
        "20154": {
            "year_quarter": 20154,
            "year": 2015,
            "quarter": 4,
            "eps": 0.19,
            "eps_growth_year": -46.01,
            "eps_4q": 1.32,
            "eps_4q_growth_year": -6.44,
            "roe": 1.33,
            "roe_4q": 9.04,
            "gross_profit": 2781300,
            "gross_margin": 33.24,
            "gross_margin_4q_avg": 31.45,
            "net_income": 99088,
            "revenue": 8367130,
            "common_shares": 5098875,
            "book_valuer_per_share": 14.56,
            "book_valuer_per_share_4q_avg": 14.6,
            "equity": 7429422,
            "current_ratio": 107.69,
            "debt_ratio": 70.51,
            "inventory_turnover_ratio": 0.87,
            "account_receivable_turnover_ratio": 2.97,
            "reinvestment_rate": -49.25,
            "research_to_sale_ratio": null,
            "price_fair": 47.86,
            "eps_avg_yearly": 1.37,
            "eps_latest_yearly": 0.76,
            "eps_growth_yearly": 60.97
        },
        "20161": {
            "year_quarter": 20161,
            "year": 2016,
            "quarter": 1,
            "eps": 0.6,
            "eps_growth_year": -3.23,
            "eps_4q": 1.31,
            "eps_4q_growth_year": -11.76,
            "roe": 4.04,
            "roe_4q": 8.92,
            "gross_profit": 3103311,
            "gross_margin": 32.19,
            "gross_margin_4q_avg": 31.65,
            "net_income": 306124,
            "revenue": 9641635,
            "common_shares": 5098875,
            "book_valuer_per_share": 15.15,
            "book_valuer_per_share_4q_avg": 14.63,
            "equity": 7726567,
            "current_ratio": 110.34,
            "debt_ratio": 69.89,
            "inventory_turnover_ratio": 0.99,
            "account_receivable_turnover_ratio": 3.61,
            "reinvestment_rate": -28.87,
            "research_to_sale_ratio": null,
            "price_fair": 48.3,
            "eps_avg_yearly": 1.38,
            "eps_latest_yearly": 2.4,
            "eps_growth_yearly": 87.03
        },
        "20162": {
            "year_quarter": 20162,
            "year": 2016,
            "quarter": 2,
            "eps": 0.23,
            "eps_growth_year": 4.55,
            "eps_4q": 1.32,
            "eps_4q_growth_year": -10.22,
            "roe": 1.56,
            "roe_4q": 8.99,
            "gross_profit": 2735943,
            "gross_margin": 31.24,
            "gross_margin_4q_avg": 31.9,
            "net_income": 117297,
            "revenue": 8757904,
            "common_shares": 5098875,
            "book_valuer_per_share": 14.34,
            "book_valuer_per_share_4q_avg": 14.66,
            "equity": 7316847,
            "current_ratio": 101.7,
            "debt_ratio": 70.3,
            "inventory_turnover_ratio": 0.96,
            "account_receivable_turnover_ratio": 3.19,
            "reinvestment_rate": -41.88,
            "research_to_sale_ratio": null,
            "price_fair": 48.3,
            "eps_avg_yearly": 1.38,
            "eps_latest_yearly": 0.92,
            "eps_growth_yearly": 86.16
        },
        "20163": {
            "year_quarter": 20163,
            "year": 2016,
            "quarter": 3,
            "eps": 0.3,
            "eps_growth_year": 0,
            "eps_4q": 1.32,
            "eps_4q_growth_year": -10.27,
            "roe": 2.07,
            "roe_4q": 9,
            "gross_profit": 2763872,
            "gross_margin": 31.92,
            "gross_margin_4q_avg": 32.15,
            "net_income": 152342,
            "revenue": 8657859,
            "common_shares": 5098875,
            "book_valuer_per_share": 14.51,
            "book_valuer_per_share_4q_avg": 14.64,
            "equity": 7404202,
            "current_ratio": 95.61,
            "debt_ratio": 71.98,
            "inventory_turnover_ratio": 0.97,
            "account_receivable_turnover_ratio": 3.22,
            "reinvestment_rate": -2.17,
            "research_to_sale_ratio": null,
            "price_fair": 48.04,
            "eps_avg_yearly": 1.37,
            "eps_latest_yearly": 1.2,
            "eps_growth_yearly": 82.9
        },
        "20164": {
            "year_quarter": 20164,
            "year": 2016,
            "quarter": 4,
            "eps": 0.2,
            "eps_growth_year": 1.14,
            "eps_4q": 1.33,
            "eps_4q_growth_year": 0.82,
            "roe": 1.35,
            "roe_4q": 9.02,
            "gross_profit": 2655688,
            "gross_margin": 31.67,
            "gross_margin_4q_avg": 31.76,
            "net_income": 100257,
            "revenue": 8386046,
            "common_shares": 5098875,
            "book_valuer_per_share": 14.54,
            "book_valuer_per_share_4q_avg": 14.64,
            "equity": 7416283,
            "current_ratio": 117.15,
            "debt_ratio": 69.5,
            "inventory_turnover_ratio": 0.91,
            "account_receivable_turnover_ratio": 3.21,
            "reinvestment_rate": -9.12,
            "research_to_sale_ratio": null,
            "price_fair": 47.16,
            "eps_avg_yearly": 1.35,
            "eps_latest_yearly": 0.8,
            "eps_growth_yearly": 76.84
        },
        "20171": {
            "year_quarter": 20171,
            "year": 2017,
            "quarter": 1,
            "eps": 0.6,
            "eps_growth_year": 0,
            "eps_4q": 1.33,
            "eps_4q_growth_year": 1.56,
            "roe": 4.09,
            "roe_4q": 9.07,
            "gross_profit": 2937126,
            "gross_margin": 30.23,
            "gross_margin_4q_avg": 31.27,
            "net_income": 307307,
            "revenue": 9716942,
            "common_shares": 5098875,
            "book_valuer_per_share": 14.93,
            "book_valuer_per_share_4q_avg": 14.58,
            "equity": 7615109,
            "current_ratio": 99.59,
            "debt_ratio": 69.41,
            "inventory_turnover_ratio": 1.06,
            "account_receivable_turnover_ratio": 3.45,
            "reinvestment_rate": -16.81,
            "research_to_sale_ratio": null,
            "price_fair": 48.04,
            "eps_avg_yearly": 1.37,
            "eps_latest_yearly": 2.4,
            "eps_growth_yearly": 110.17
        },
        "20172": {
            "year_quarter": 20172,
            "year": 2017,
            "quarter": 2,
            "eps": 0.26,
            "eps_growth_year": 13.04,
            "eps_4q": 1.36,
            "eps_4q_growth_year": 2.69,
            "roe": 1.77,
            "roe_4q": 9.28,
            "gross_profit": 2667018,
            "gross_margin": 28.75,
            "gross_margin_4q_avg": 30.64,
            "net_income": 132418,
            "revenue": 9277784,
            "common_shares": 5098875,
            "book_valuer_per_share": 14.24,
            "book_valuer_per_share_4q_avg": 14.56,
            "equity": 7321533,
            "current_ratio": 97.32,
            "debt_ratio": 69.98,
            "inventory_turnover_ratio": 1.08,
            "account_receivable_turnover_ratio": 2.75,
            "reinvestment_rate": -9.26,
            "research_to_sale_ratio": null,
            "price_fair": 48.83,
            "eps_avg_yearly": 1.4,
            "eps_latest_yearly": 1.04,
            "eps_growth_yearly": 112.51
        },
        "20173": {
            "year_quarter": 20173,
            "year": 2017,
            "quarter": 3,
            "eps": 0.32,
            "eps_growth_year": 6.67,
            "eps_4q": 1.38,
            "eps_4q_growth_year": 3.94,
            "roe": 2.2,
            "roe_4q": 9.41,
            "gross_profit": 2608773,
            "gross_margin": 28.14,
            "gross_margin_4q_avg": 29.7,
            "net_income": 163060,
            "revenue": 9271126,
            "common_shares": 5098875,
            "book_valuer_per_share": 14.63,
            "book_valuer_per_share_4q_avg": 14.59,
            "equity": 7498043,
            "current_ratio": 109.04,
            "debt_ratio": 69.47,
            "inventory_turnover_ratio": 1.11,
            "account_receivable_turnover_ratio": 2.55,
            "reinvestment_rate": -12.66,
            "research_to_sale_ratio": null,
            "price_fair": 49.26,
            "eps_avg_yearly": 1.41,
            "eps_latest_yearly": 1.28,
            "eps_growth_yearly": 103.57
        },
        "20174": {
            "year_quarter": 20174,
            "year": 2017,
            "quarter": 4,
            "eps": 0.43,
            "eps_growth_year": 121.22,
            "eps_4q": 1.61,
            "eps_4q_growth_year": 21.74,
            "roe": 2.94,
            "roe_4q": 11,
            "gross_profit": 2569750,
            "gross_margin": 29.55,
            "gross_margin_4q_avg": 29.17,
            "net_income": 223320,
            "revenue": 8697360,
            "common_shares": 5098875,
            "book_valuer_per_share": 14.96,
            "book_valuer_per_share_4q_avg": 14.69,
            "equity": 7672267,
            "current_ratio": 115.84,
            "debt_ratio": 66.46,
            "inventory_turnover_ratio": 1.03,
            "account_receivable_turnover_ratio": 2.59,
            "reinvestment_rate": -13.92,
            "research_to_sale_ratio": null,
            "price_fair": 49.88,
            "eps_avg_yearly": 1.43,
            "eps_latest_yearly": 1.72,
            "eps_growth_yearly": 103.83
        },
        "20181": {
            "year_quarter": 20181,
            "year": 2018,
            "quarter": 1,
            "eps": 0.61,
            "eps_growth_year": 1.67,
            "eps_4q": 1.62,
            "eps_4q_growth_year": 21.83,
            "roe": 3.99,
            "roe_4q": 10.899999999999999,
            "gross_profit": 2772627,
            "gross_margin": 26.79,
            "gross_margin_4q_avg": 28.31,
            "net_income": 312351,
            "revenue": 10347854,
            "common_shares": 5098875,
            "book_valuer_per_share": 15.56,
            "book_valuer_per_share_4q_avg": 14.85,
            "equity": 7982758,
            "current_ratio": 109.22,
            "debt_ratio": 69.22,
            "inventory_turnover_ratio": 1.33,
            "account_receivable_turnover_ratio": 3.07,
            "reinvestment_rate": 0.74,
            "research_to_sale_ratio": null,
            "price_fair": 50.31,
            "eps_avg_yearly": 1.44,
            "eps_latest_yearly": 2.44,
            "eps_growth_yearly": 100.41
        },
        "20182": {
            "year_quarter": 20182,
            "year": 2018,
            "quarter": 2,
            "eps": 0.26,
            "eps_growth_year": 0,
            "eps_4q": 1.62,
            "eps_4q_growth_year": 19.41,
            "roe": 1.78,
            "roe_4q": 10.91,
            "gross_profit": 2511819,
            "gross_margin": 25.32,
            "gross_margin_4q_avg": 27.45,
            "net_income": 137924,
            "revenue": 9920709,
            "common_shares": 5098875,
            "book_valuer_per_share": 14.63,
            "book_valuer_per_share_4q_avg": 14.95,
            "equity": 7510211,
            "current_ratio": 99.7,
            "debt_ratio": 71.57,
            "inventory_turnover_ratio": 1.36,
            "account_receivable_turnover_ratio": 2.44,
            "reinvestment_rate": 31.73,
            "research_to_sale_ratio": null,
            "price_fair": 50.75,
            "eps_avg_yearly": 1.45,
            "eps_latest_yearly": 1.04,
            "eps_growth_yearly": 101.69
        },
        "20183": {
            "year_quarter": 20183,
            "year": 2018,
            "quarter": 3,
            "eps": 0.32,
            "eps_growth_year": 0,
            "eps_4q": 1.63,
            "eps_4q_growth_year": 18.37,
            "roe": 2.23,
            "roe_4q": 10.94,
            "gross_profit": 2533147,
            "gross_margin": 25.75,
            "gross_margin_4q_avg": 26.85,
            "net_income": 168313,
            "revenue": 9837448,
            "common_shares": 5098875,
            "book_valuer_per_share": 14.82,
            "book_valuer_per_share_4q_avg": 14.99,
            "equity": 7613151,
            "current_ratio": 100.98,
            "debt_ratio": 70.65,
            "inventory_turnover_ratio": 1.33,
            "account_receivable_turnover_ratio": 2.17,
            "reinvestment_rate": 29.28,
            "research_to_sale_ratio": null,
            "price_fair": 50.93,
            "eps_avg_yearly": 1.46,
            "eps_latest_yearly": 1.28,
            "eps_growth_yearly": 96.74
        },
        "20184": {
            "year_quarter": 20184,
            "year": 2018,
            "quarter": 4,
            "eps": -0.4,
            "eps_growth_year": -191.11,
            "eps_4q": 0.8,
            "eps_4q_growth_year": -50.61,
            "roe": -2.66,
            "roe_4q": 5.34,
            "gross_profit": 2443396,
            "gross_margin": 24.95,
            "gross_margin_4q_avg": 25.7,
            "net_income": -199667,
            "revenue": 9791939,
            "common_shares": 5098875,
            "book_valuer_per_share": 14.39,
            "book_valuer_per_share_4q_avg": 14.85,
            "equity": 7413484,
            "current_ratio": 110.87,
            "debt_ratio": 71.48,
            "inventory_turnover_ratio": 1.31,
            "account_receivable_turnover_ratio": 2.13,
            "reinvestment_rate": 27.85,
            "research_to_sale_ratio": null,
            "price_fair": 50.96,
            "eps_avg_yearly": 1.46,
            "eps_latest_yearly": 1.28,
            "eps_growth_yearly": 97.86
        },
        "20191": {
            "year_quarter": 20191,
            "year": 2019,
            "quarter": 1,
            "eps": 0.35,
            "eps_growth_year": -42.62,
            "eps_4q": 0.54,
            "eps_4q_growth_year": -66.64,
            "roe": 2.4,
            "roe_4q": 3.75,
            "gross_profit": 2812906,
            "gross_margin": 28.47,
            "gross_margin_4q_avg": 26.12,
            "net_income": 180426,
            "revenue": 9878834,
            "common_shares": 5098875,
            "book_valuer_per_share": 14.8,
            "book_valuer_per_share_4q_avg": 14.66,
            "equity": 7626198,
            "current_ratio": 103.05,
            "debt_ratio": 79.12,
            "inventory_turnover_ratio": 1.25,
            "account_receivable_turnover_ratio": 2.15,
            "reinvestment_rate": 10.83,
            "research_to_sale_ratio": null,
            "price_fair": 48.4,
            "eps_avg_yearly": 1.38,
            "eps_latest_yearly": 1.28,
            "eps_growth_yearly": 84.21
        },
        "20192": {
            "year_quarter": 20192,
            "year": 2019,
            "quarter": 2,
            "eps": -0.75,
            "eps_growth_year": -388.46,
            "eps_4q": -0.48,
            "eps_4q_growth_year": -129.67,
            "roe": -5.46,
            "roe_4q": -3.4900000000000007,
            "gross_profit": 2580454,
            "gross_margin": 27.64,
            "gross_margin_4q_avg": 26.7,
            "net_income": -381317,
            "revenue": 9334961,
            "common_shares": 5098875,
            "book_valuer_per_share": 12.54,
            "book_valuer_per_share_4q_avg": 14.14,
            "equity": 6341478,
            "current_ratio": 102.22,
            "debt_ratio": 82.54,
            "inventory_turnover_ratio": 1.17,
            "account_receivable_turnover_ratio": 2.03,
            "reinvestment_rate": 3.72,
            "research_to_sale_ratio": null,
            "price_fair": 49.75,
            "eps_avg_yearly": 1.42,
            "eps_latest_yearly": 1.28,
            "eps_growth_yearly": 110.54
        },
        "20193": {
            "year_quarter": 20193,
            "year": 2019,
            "quarter": 3,
            "eps": 0.33,
            "eps_growth_year": 3.12,
            "eps_4q": -0.48,
            "eps_4q_growth_year": -129.64,
            "roe": 2.7,
            "roe_4q": -3.02,
            "gross_profit": 2465650,
            "gross_margin": 25.21,
            "gross_margin_4q_avg": 26.57,
            "net_income": 171829,
            "revenue": 9780518,
            "common_shares": 5098875,
            "book_valuer_per_share": 12.61,
            "book_valuer_per_share_4q_avg": 13.59,
            "equity": 6394261,
            "current_ratio": 98.77,
            "debt_ratio": 82.35,
            "inventory_turnover_ratio": 1.23,
            "account_receivable_turnover_ratio": 2.04,
            "reinvestment_rate": -7.67,
            "research_to_sale_ratio": null,
            "price_fair": 50.4,
            "eps_avg_yearly": 1.44,
            "eps_latest_yearly": 1.28,
            "eps_growth_yearly": 107.63
        },
        "20194": {
            "year_quarter": 20194,
            "year": 2019,
            "quarter": 4,
            "eps": 0.28,
            "eps_growth_year": null,
            "eps_4q": 0.2,
            "eps_4q_growth_year": -74.6,
            "roe": 2.19,
            "roe_4q": 1.8300000000000005,
            "gross_profit": 2450132,
            "gross_margin": 27.02,
            "gross_margin_4q_avg": 27.09,
            "net_income": 140562,
            "revenue": 9066500,
            "common_shares": 5098875,
            "book_valuer_per_share": 12.71,
            "book_valuer_per_share_4q_avg": 13.17,
            "equity": 6436647,
            "current_ratio": 112.99,
            "debt_ratio": 81.96,
            "inventory_turnover_ratio": 1.06,
            "account_receivable_turnover_ratio": 1.96,
            "reinvestment_rate": -3.24,
            "research_to_sale_ratio": null,
            "price_fair": 51.45,
            "eps_avg_yearly": 1.47,
            "eps_latest_yearly": 1.12,
            "eps_growth_yearly": 114.81
        },
        "20201": {
            "year_quarter": 20201,
            "year": 2020,
            "quarter": 1,
            "eps": 0.25,
            "eps_growth_year": -28.57,
            "eps_4q": 0.09,
            "eps_4q_growth_year": -83.45,
            "roe": 2.01,
            "roe_4q": 1.4399999999999995,
            "gross_profit": 2469670,
            "gross_margin": 26.8,
            "gross_margin_4q_avg": 26.67,
            "net_income": 126814,
            "revenue": 9215825,
            "common_shares": 5098875,
            "book_valuer_per_share": 12.22,
            "book_valuer_per_share_4q_avg": 12.52,
            "equity": 6198462,
            "current_ratio": 107.15,
            "debt_ratio": 82.48,
            "inventory_turnover_ratio": 1.08,
            "account_receivable_turnover_ratio": 2.09,
            "reinvestment_rate": -10.56,
            "research_to_sale_ratio": null,
            "price_fair": 47.37,
            "eps_avg_yearly": 1.35,
            "eps_latest_yearly": 1,
            "eps_growth_yearly": 39.3
        },
        "20202": {
            "year_quarter": 20202,
            "year": 2020,
            "quarter": 2,
            "eps": 0.52,
            "eps_growth_year": null,
            "eps_4q": 1.38,
            "eps_4q_growth_year": null,
            "roe": 4.09,
            "roe_4q": 10.989999999999998,
            "gross_profit": 2885002,
            "gross_margin": 27.03,
            "gross_margin_4q_avg": 26.52,
            "net_income": 257112,
            "revenue": 10672005,
            "common_shares": 5098875,
            "book_valuer_per_share": 12.58,
            "book_valuer_per_share_4q_avg": 12.53,
            "equity": 6363623,
            "current_ratio": 109.57,
            "debt_ratio": 82.66,
            "inventory_turnover_ratio": 1.32,
            "account_receivable_turnover_ratio": 2.2,
            "reinvestment_rate": 2.58,
            "research_to_sale_ratio": null,
            "price_fair": 50.75,
            "eps_avg_yearly": 1.45,
            "eps_latest_yearly": 2.08,
            "eps_growth_yearly": 95.86
        },
        "20203": {
            "year_quarter": 20203,
            "year": 2020,
            "quarter": 3,
            "eps": 0.52,
            "eps_growth_year": 57.58,
            "eps_4q": 1.56,
            "eps_4q_growth_year": null,
            "roe": 4,
            "roe_4q": 12.29,
            "gross_profit": 2726438,
            "gross_margin": 25,
            "gross_margin_4q_avg": 26.46,
            "net_income": 260200,
            "revenue": 10906108,
            "common_shares": 5098875,
            "book_valuer_per_share": 13.13,
            "book_valuer_per_share_4q_avg": 12.66,
            "equity": 6646820,
            "current_ratio": 104.07,
            "debt_ratio": 82.19,
            "inventory_turnover_ratio": 1.4,
            "account_receivable_turnover_ratio": 2.1,
            "reinvestment_rate": 20.85,
            "research_to_sale_ratio": null,
            "price_fair": 53.32,
            "eps_avg_yearly": 1.52,
            "eps_latest_yearly": 2.08,
            "eps_growth_yearly": 85.72
        },
        "20204": {
            "year_quarter": 20204,
            "year": 2020,
            "quarter": 4,
            "eps": 0.32,
            "eps_growth_year": 14.75,
            "eps_4q": 1.6,
            "eps_4q_growth_year": 688.82,
            "roe": 2.42,
            "roe_4q": 12.52,
            "gross_profit": 2579720,
            "gross_margin": 23.46,
            "gross_margin_4q_avg": 25.57,
            "net_income": 162743,
            "revenue": 10996765,
            "common_shares": 5098875,
            "book_valuer_per_share": 13.39,
            "book_valuer_per_share_4q_avg": 12.83,
            "equity": 6783981,
            "current_ratio": 104.46,
            "debt_ratio": 81.99,
            "inventory_turnover_ratio": 1.39,
            "account_receivable_turnover_ratio": 2.08,
            "reinvestment_rate": 12,
            "research_to_sale_ratio": null,
            "price_fair": 54.72,
            "eps_avg_yearly": 1.56,
            "eps_latest_yearly": 1.28,
            "eps_growth_yearly": 84.01
        },
        "20211": {
            "year_quarter": 20211,
            "year": 2021,
            "quarter": 1,
            "eps": 0.56,
            "eps_growth_year": 124,
            "eps_4q": 1.91,
            "eps_4q_growth_year": 2038.89,
            "roe": 4.28,
            "roe_4q": 14.79,
            "gross_profit": 2934071,
            "gross_margin": 25.34,
            "gross_margin_4q_avg": 25.21,
            "net_income": 285519,
            "revenue": 11576596,
            "common_shares": 5098875,
            "book_valuer_per_share": 12.9,
            "book_valuer_per_share_4q_avg": 13,
            "equity": 6545676,
            "current_ratio": 106.37,
            "debt_ratio": 82.99,
            "inventory_turnover_ratio": 1.34,
            "account_receivable_turnover_ratio": 1.91,
            "reinvestment_rate": 19.07,
            "research_to_sale_ratio": null,
            "price_fair": 54.25,
            "eps_avg_yearly": 1.55,
            "eps_latest_yearly": 2.24,
            "eps_growth_yearly": 42.34
        },
        "20212": {
            "year_quarter": 20212,
            "year": 2021,
            "quarter": 2,
            "eps": 0.39,
            "eps_growth_year": -25,
            "eps_4q": 1.79,
            "eps_4q_growth_year": 29.88,
            "roe": 3.09,
            "roe_4q": 13.79,
            "gross_profit": 2477851,
            "gross_margin": 24.26,
            "gross_margin_4q_avg": 24.52,
            "net_income": 204508,
            "revenue": 10215034,
            "common_shares": 5098875,
            "book_valuer_per_share": 13.18,
            "book_valuer_per_share_4q_avg": 13.15,
            "equity": 6678538,
            "current_ratio": 103.93,
            "debt_ratio": 82.91,
            "inventory_turnover_ratio": 1.09,
            "account_receivable_turnover_ratio": 1.53,
            "reinvestment_rate": 3.01,
            "research_to_sale_ratio": null,
            "price_fair": 55.77,
            "eps_avg_yearly": 1.59,
            "eps_latest_yearly": 1.56,
            "eps_growth_yearly": 51.11
        },
        "20213": {
            "year_quarter": 20213,
            "year": 2021,
            "quarter": 3,
            "eps": 0.36,
            "eps_growth_year": -30.77,
            "eps_4q": 1.63,
            "eps_4q_growth_year": 4.54,
            "roe": 2.75,
            "roe_4q": 12.540000000000001,
            "gross_profit": 2584178,
            "gross_margin": 24.08,
            "gross_margin_4q_avg": 24.29,
            "net_income": 185715,
            "revenue": 10732377,
            "common_shares": 5098875,
            "book_valuer_per_share": 13.48,
            "book_valuer_per_share_4q_avg": 13.24,
            "equity": 6834133,
            "current_ratio": 104.27,
            "debt_ratio": 82.16,
            "inventory_turnover_ratio": 1.03,
            "account_receivable_turnover_ratio": 1.74,
            "reinvestment_rate": 8.93,
            "research_to_sale_ratio": null,
            "price_fair": 56.23,
            "eps_avg_yearly": 1.61,
            "eps_latest_yearly": 1.44,
            "eps_growth_yearly": 40.85
        },
        "20214": {
            "year_quarter": 20214,
            "year": 2021,
            "quarter": 4,
            "eps": 0.27,
            "eps_growth_year": -14.86,
            "eps_4q": 1.58,
            "eps_4q_growth_year": -1.11,
            "roe": 2.05,
            "roe_4q": 12.17,
            "gross_profit": 2710318,
            "gross_margin": 24.13,
            "gross_margin_4q_avg": 24.45,
            "net_income": 141796,
            "revenue": 11233351,
            "common_shares": 5098875,
            "book_valuer_per_share": 13.76,
            "book_valuer_per_share_4q_avg": 13.33,
            "equity": 6982843,
            "current_ratio": 110.36,
            "debt_ratio": 81.8,
            "inventory_turnover_ratio": 1.04,
            "account_receivable_turnover_ratio": 1.95,
            "reinvestment_rate": 11.13,
            "research_to_sale_ratio": null,
            "price_fair": 48.25,
            "eps_avg_yearly": 1.55,
            "eps_latest_yearly": 1.08,
            "eps_growth_yearly": 21.06
        },
        "20221": {
            "year_quarter": 20221,
            "year": 2022,
            "quarter": 1,
            "eps": 0.52,
            "eps_growth_year": -7.14,
            "eps_4q": 1.54,
            "eps_4q_growth_year": -19.38,
            "roe": 3.85,
            "roe_4q": 11.74,
            "gross_profit": 2247913,
            "gross_margin": 22.98,
            "gross_margin_4q_avg": 23.86,
            "net_income": 264028,
            "revenue": 9781938,
            "common_shares": 5098875,
            "book_valuer_per_share": 13.25,
            "book_valuer_per_share_4q_avg": 13.42,
            "equity": 6736046,
            "current_ratio": 107.07,
            "debt_ratio": 82.44,
            "inventory_turnover_ratio": 0.88,
            "account_receivable_turnover_ratio": 1.97,
            "reinvestment_rate": 13.41,
            "research_to_sale_ratio": null,
            "price_fair": 53.32,
            "eps_avg_yearly": 1.52,
            "eps_latest_yearly": 2.08,
            "eps_growth_yearly": 37.97
        },
        "20222": {
            "year_quarter": 20222,
            "year": 2022,
            "quarter": 2,
            "eps": 0.18,
            "eps_growth_year": -53.85,
            "eps_4q": 1.33,
            "eps_4q_growth_year": -25.85,
            "roe": 1.39,
            "roe_4q": 10.04,
            "gross_profit": 2426360,
            "gross_margin": 23.8,
            "gross_margin_4q_avg": 23.75,
            "net_income": 93916,
            "revenue": 10193431,
            "common_shares": 5098875,
            "book_valuer_per_share": 13.44,
            "book_valuer_per_share_4q_avg": 13.48,
            "equity": 6808493,
            "current_ratio": 111.83,
            "debt_ratio": 82.37,
            "inventory_turnover_ratio": 0.88,
            "account_receivable_turnover_ratio": 2.13,
            "reinvestment_rate": -38.25,
            "research_to_sale_ratio": null,
            "price_fair": 52.38,
            "eps_avg_yearly": 1.5,
            "eps_latest_yearly": 0.72,
            "eps_growth_yearly": 35.3
        },
        "20223": {
            "year_quarter": 20223,
            "year": 2022,
            "quarter": 3,
            "eps": 0.29,
            "eps_growth_year": -19.44,
            "eps_4q": 1.26,
            "eps_4q_growth_year": -22.6,
            "roe": 2.19,
            "roe_4q": 9.48,
            "gross_profit": 2385057,
            "gross_margin": 26.22,
            "gross_margin_4q_avg": 24.28,
            "net_income": 151914,
            "revenue": 9097075,
            "common_shares": 5098875,
            "book_valuer_per_share": 13.93,
            "book_valuer_per_share_4q_avg": 13.6,
            "equity": 7086446,
            "current_ratio": 120.55,
            "debt_ratio": 80.98,
            "inventory_turnover_ratio": 0.8,
            "account_receivable_turnover_ratio": 1.91,
            "reinvestment_rate": -68.63,
            "research_to_sale_ratio": null,
            "price_fair": 52.03,
            "eps_avg_yearly": 1.49,
            "eps_latest_yearly": 1.16,
            "eps_growth_yearly": 47.98
        },
        "20224": {
            "year_quarter": 20224,
            "year": 2022,
            "quarter": 4,
            "eps": -0.13,
            "eps_growth_year": -147.14,
            "eps_4q": 0.86,
            "eps_4q_growth_year": -45.6,
            "roe": -0.82,
            "roe_4q": 6.609999999999999,
            "gross_profit": 2161424,
            "gross_margin": 25.93,
            "gross_margin_4q_avg": 24.73,
            "net_income": -57829,
            "revenue": 8336815,
            "common_shares": 5098875,
            "book_valuer_per_share": 13.9,
            "book_valuer_per_share_4q_avg": 13.63,
            "equity": 7076408,
            "current_ratio": 119.38,
            "debt_ratio": 81.74,
            "inventory_turnover_ratio": 0.77,
            "account_receivable_turnover_ratio": 1.86,
            "reinvestment_rate": -58.32,
            "research_to_sale_ratio": null,
            "price_fair": 52.03,
            "eps_avg_yearly": 1.49,
            "eps_latest_yearly": 1.16,
            "eps_growth_yearly": 47.98
        },
        "20231": {
            "year_quarter": 20231,
            "year": 2023,
            "quarter": 1,
            "eps": 0.32,
            "eps_growth_year": -38.46,
            "eps_4q": 0.66,
            "eps_4q_growth_year": -57.44,
            "roe": 2.39,
            "roe_4q": 5.15,
            "gross_profit": 2316676,
            "gross_margin": 26.58,
            "gross_margin_4q_avg": 25.63,
            "net_income": 163544,
            "revenue": 8716634,
            "common_shares": 5098875,
            "book_valuer_per_share": 12.96,
            "book_valuer_per_share_4q_avg": 13.56,
            "equity": 6615837,
            "current_ratio": 128.41,
            "debt_ratio": 82.88,
            "inventory_turnover_ratio": 0.84,
            "account_receivable_turnover_ratio": 1.69,
            "reinvestment_rate": -44.04,
            "research_to_sale_ratio": null,
            "price_fair": 52.03,
            "eps_avg_yearly": 1.49,
            "eps_latest_yearly": 1.16,
            "eps_growth_yearly": 47.98
        }
    },
    "months": {
        "2001-06": {
            "month": "2001-06",
            "price": "29.13",
            "revenue": 1310404
        },
        "2001-07": {
            "month": "2001-07",
            "price": "27.08",
            "revenue": 1141473
        },
        "2001-08": {
            "month": "2001-08",
            "price": "22.93",
            "revenue": 1273893
        },
        "2001-09": {
            "month": "2001-09",
            "price": "18.94",
            "revenue": 1020632
        },
        "2001-10": {
            "month": "2001-10",
            "price": "18.26",
            "revenue": 1251987
        },
        "2001-11": {
            "month": "2001-11",
            "price": "20.14",
            "revenue": 917359
        },
        "2001-12": {
            "month": "2001-12",
            "price": "23.25",
            "revenue": 676138
        },
        "2002-01": {
            "month": "2002-01",
            "price": "23.78",
            "revenue": 985880
        },
        "2002-02": {
            "month": "2002-02",
            "price": "23.56",
            "revenue": 1041115
        },
        "2002-03": {
            "month": "2002-03",
            "price": "24.86",
            "revenue": 1100713
        },
        "2002-04": {
            "month": "2002-04",
            "price": "28.59",
            "revenue": 1340917
        },
        "2002-05": {
            "month": "2002-05",
            "price": "28.16",
            "revenue": 1477328
        },
        "2002-06": {
            "month": "2002-06",
            "price": "29.72",
            "revenue": 1095876
        },
        "2002-07": {
            "month": "2002-07",
            "price": "27.52",
            "revenue": 1208390
        },
        "2002-08": {
            "month": "2002-08",
            "price": "24.90",
            "revenue": 1349380
        },
        "2002-09": {
            "month": "2002-09",
            "price": "24.68",
            "revenue": 1500020
        },
        "2002-10": {
            "month": "2002-10",
            "price": "24.51",
            "revenue": 1569676
        },
        "2002-11": {
            "month": "2002-11",
            "price": "25.92",
            "revenue": 1504590
        },
        "2002-12": {
            "month": "2002-12",
            "price": "25.69",
            "revenue": 1304955
        },
        "2003-01": {
            "month": "2003-01",
            "price": "26.19",
            "revenue": 1564904
        },
        "2003-02": {
            "month": "2003-02",
            "price": "24.95",
            "revenue": 1083058
        },
        "2003-03": {
            "month": "2003-03",
            "price": "25.09",
            "revenue": 1605974
        },
        "2003-04": {
            "month": "2003-04",
            "price": "24.26",
            "revenue": 1411505
        },
        "2003-05": {
            "month": "2003-05",
            "price": "23.10",
            "revenue": 1206920
        },
        "2003-06": {
            "month": "2003-06",
            "price": "23.48",
            "revenue": 1200616
        },
        "2003-07": {
            "month": "2003-07",
            "price": "21.19",
            "revenue": 1177020
        },
        "2003-08": {
            "month": "2003-08",
            "price": "17.35",
            "revenue": 1241935
        },
        "2003-09": {
            "month": "2003-09",
            "price": "16.80",
            "revenue": 1400738
        },
        "2003-10": {
            "month": "2003-10",
            "price": "16.27",
            "revenue": 1400065
        },
        "2003-11": {
            "month": "2003-11",
            "price": "18.32",
            "revenue": 1203758
        },
        "2003-12": {
            "month": "2003-12",
            "price": "20.51",
            "revenue": 1076754
        },
        "2004-01": {
            "month": "2004-01",
            "price": "20.29",
            "revenue": 1251187
        },
        "2004-02": {
            "month": "2004-02",
            "price": "21.98",
            "revenue": 1192014
        },
        "2004-03": {
            "month": "2004-03",
            "price": "20.78",
            "revenue": 1397488
        },
        "2004-04": {
            "month": "2004-04",
            "price": "20.40",
            "revenue": 1491524
        },
        "2004-05": {
            "month": "2004-05",
            "price": "18.11",
            "revenue": 1486995
        },
        "2004-06": {
            "month": "2004-06",
            "price": "17.14",
            "revenue": 1535250
        },
        "2004-07": {
            "month": "2004-07",
            "price": "17.02",
            "revenue": 1408017
        },
        "2004-08": {
            "month": "2004-08",
            "price": "17.92",
            "revenue": 1751901
        },
        "2004-09": {
            "month": "2004-09",
            "price": "18.91",
            "revenue": 1657020
        },
        "2004-10": {
            "month": "2004-10",
            "price": "19.10",
            "revenue": 1361862
        },
        "2004-11": {
            "month": "2004-11",
            "price": "19.08",
            "revenue": 1514564
        },
        "2004-12": {
            "month": "2004-12",
            "price": "19.65",
            "revenue": 1263021
        },
        "2005-01": {
            "month": "2005-01",
            "price": "19.78",
            "revenue": 1744302
        },
        "2005-02": {
            "month": "2005-02",
            "price": "20.02",
            "revenue": 937419
        },
        "2005-03": {
            "month": "2005-03",
            "price": "21.53",
            "revenue": 1449921
        },
        "2005-04": {
            "month": "2005-04",
            "price": "21.18",
            "revenue": 1533635
        },
        "2005-05": {
            "month": "2005-05",
            "price": "20.10",
            "revenue": 1406480
        },
        "2005-06": {
            "month": "2005-06",
            "price": "22.11",
            "revenue": 1496521
        },
        "2005-07": {
            "month": "2005-07",
            "price": "23.12",
            "revenue": 1536734
        },
        "2005-08": {
            "month": "2005-08",
            "price": "22.68",
            "revenue": 1510374
        },
        "2005-09": {
            "month": "2005-09",
            "price": "23.87",
            "revenue": 1648887
        },
        "2005-10": {
            "month": "2005-10",
            "price": "25.01",
            "revenue": 1556540
        },
        "2005-11": {
            "month": "2005-11",
            "price": "23.88",
            "revenue": 1473095
        },
        "2005-12": {
            "month": "2005-12",
            "price": "23.54",
            "revenue": 1395826
        },
        "2006-01": {
            "month": "2006-01",
            "price": "23.75",
            "revenue": 1392036
        },
        "2006-02": {
            "month": "2006-02",
            "price": "22.56",
            "revenue": 1025737
        },
        "2006-03": {
            "month": "2006-03",
            "price": "21.90",
            "revenue": 1621800
        },
        "2006-04": {
            "month": "2006-04",
            "price": "23.09",
            "revenue": 1571140
        },
        "2006-05": {
            "month": "2006-05",
            "price": "23.91",
            "revenue": 1274936
        },
        "2006-06": {
            "month": "2006-06",
            "price": "22.12",
            "revenue": 1229273
        },
        "2006-07": {
            "month": "2006-07",
            "price": "21.09",
            "revenue": 1432457
        },
        "2006-08": {
            "month": "2006-08",
            "price": "19.49",
            "revenue": 1555126
        },
        "2006-09": {
            "month": "2006-09",
            "price": "18.04",
            "revenue": 1564097
        },
        "2006-10": {
            "month": "2006-10",
            "price": "17.49",
            "revenue": 1348153
        },
        "2006-11": {
            "month": "2006-11",
            "price": "17.31",
            "revenue": 1303028
        },
        "2006-12": {
            "month": "2006-12",
            "price": "18.70",
            "revenue": 1374107
        },
        "2007-01": {
            "month": "2007-01",
            "price": "19.58",
            "revenue": 1729908
        },
        "2007-02": {
            "month": "2007-02",
            "price": "19.02",
            "revenue": 1328752
        },
        "2007-03": {
            "month": "2007-03",
            "price": "18.22",
            "revenue": 1331640
        },
        "2007-04": {
            "month": "2007-04",
            "price": "18.72",
            "revenue": 1424540
        },
        "2007-05": {
            "month": "2007-05",
            "price": "18.45",
            "revenue": 1301992
        },
        "2007-06": {
            "month": "2007-06",
            "price": "19.44",
            "revenue": 1272690
        },
        "2007-07": {
            "month": "2007-07",
            "price": "22.46",
            "revenue": 1311652
        },
        "2007-08": {
            "month": "2007-08",
            "price": "22.97",
            "revenue": 1143361
        },
        "2007-09": {
            "month": "2007-09",
            "price": "21.68",
            "revenue": 1084270
        },
        "2007-10": {
            "month": "2007-10",
            "price": "20.57",
            "revenue": 1196520
        },
        "2007-11": {
            "month": "2007-11",
            "price": "19.64",
            "revenue": 945977
        },
        "2007-12": {
            "month": "2007-12",
            "price": "18.85",
            "revenue": 1082101
        },
        "2008-01": {
            "month": "2008-01",
            "price": "19.81",
            "revenue": 1355533
        },
        "2008-02": {
            "month": "2008-02",
            "price": "19.97",
            "revenue": 934281
        },
        "2008-03": {
            "month": "2008-03",
            "price": "19.68",
            "revenue": 1010953
        },
        "2008-04": {
            "month": "2008-04",
            "price": "19.96",
            "revenue": 1085540
        },
        "2008-05": {
            "month": "2008-05",
            "price": "19.91",
            "revenue": 1136563
        },
        "2008-06": {
            "month": "2008-06",
            "price": "18.97",
            "revenue": 1126644
        },
        "2008-07": {
            "month": "2008-07",
            "price": "17.71",
            "revenue": 1326899
        },
        "2008-08": {
            "month": "2008-08",
            "price": "17.92",
            "revenue": 1282973
        },
        "2008-09": {
            "month": "2008-09",
            "price": "17.59",
            "revenue": 1337141
        },
        "2008-10": {
            "month": "2008-10",
            "price": "15.98",
            "revenue": 1035123
        },
        "2008-11": {
            "month": "2008-11",
            "price": "14.33",
            "revenue": 867597
        },
        "2008-12": {
            "month": "2008-12",
            "price": "14.50",
            "revenue": 1018142
        },
        "2009-01": {
            "month": "2009-01",
            "price": "14.92",
            "revenue": 996290
        },
        "2009-02": {
            "month": "2009-02",
            "price": "15.06",
            "revenue": 781901
        },
        "2009-03": {
            "month": "2009-03",
            "price": "15.02",
            "revenue": 1102415
        },
        "2009-04": {
            "month": "2009-04",
            "price": "16.29",
            "revenue": 994646
        },
        "2009-05": {
            "month": "2009-05",
            "price": "16.49",
            "revenue": 832045
        },
        "2009-06": {
            "month": "2009-06",
            "price": "15.53",
            "revenue": 729819
        },
        "2009-07": {
            "month": "2009-07",
            "price": "15.47",
            "revenue": 813440
        },
        "2009-08": {
            "month": "2009-08",
            "price": "15.42",
            "revenue": 813962
        },
        "2009-09": {
            "month": "2009-09",
            "price": "15.09",
            "revenue": 931530
        },
        "2009-10": {
            "month": "2009-10",
            "price": "14.90",
            "revenue": 858797
        },
        "2009-11": {
            "month": "2009-11",
            "price": "15.23",
            "revenue": 883715
        },
        "2009-12": {
            "month": "2009-12",
            "price": "17.26",
            "revenue": 889328
        },
        "2010-01": {
            "month": "2010-01",
            "price": "17.57",
            "revenue": 1035320
        },
        "2010-02": {
            "month": "2010-02",
            "price": "16.90",
            "revenue": 833632
        },
        "2010-03": {
            "month": "2010-03",
            "price": "18.37",
            "revenue": 958900
        },
        "2010-04": {
            "month": "2010-04",
            "price": "19.68",
            "revenue": 943452
        },
        "2010-05": {
            "month": "2010-05",
            "price": "17.76",
            "revenue": 996671
        },
        "2010-06": {
            "month": "2010-06",
            "price": "18.40",
            "revenue": 971161
        },
        "2010-07": {
            "month": "2010-07",
            "price": "18.21",
            "revenue": 1066497
        },
        "2010-08": {
            "month": "2010-08",
            "price": "21.48",
            "revenue": 1073174
        },
        "2010-09": {
            "month": "2010-09",
            "price": "23.20",
            "revenue": 1270448
        },
        "2010-10": {
            "month": "2010-10",
            "price": "24.85",
            "revenue": 818244
        },
        "2010-11": {
            "month": "2010-11",
            "price": "23.20",
            "revenue": 741549
        },
        "2010-12": {
            "month": "2010-12",
            "price": "22.73",
            "revenue": 804946
        },
        "2011-01": {
            "month": "2011-01",
            "price": "22.10",
            "revenue": 1413648
        },
        "2011-02": {
            "month": "2011-02",
            "price": "21.36",
            "revenue": 768611
        },
        "2011-03": {
            "month": "2011-03",
            "price": "21.97",
            "revenue": 1261305
        },
        "2011-04": {
            "month": "2011-04",
            "price": "22.94",
            "revenue": 1212371
        },
        "2011-05": {
            "month": "2011-05",
            "price": "23.77",
            "revenue": 1199350
        },
        "2011-06": {
            "month": "2011-06",
            "price": "22.69",
            "revenue": 1057661
        },
        "2011-07": {
            "month": "2011-07",
            "price": "24.93",
            "revenue": 1018678
        },
        "2011-08": {
            "month": "2011-08",
            "price": "23.65",
            "revenue": 1144904
        },
        "2011-09": {
            "month": "2011-09",
            "price": "22.35",
            "revenue": 1138657
        },
        "2011-10": {
            "month": "2011-10",
            "price": "22.04",
            "revenue": 896492
        },
        "2011-11": {
            "month": "2011-11",
            "price": "20.94",
            "revenue": 1050193
        },
        "2011-12": {
            "month": "2011-12",
            "price": "20.39",
            "revenue": 1110685
        },
        "2012-01": {
            "month": "2012-01",
            "price": "21.03",
            "revenue": 1217211
        },
        "2012-02": {
            "month": "2012-02",
            "price": "21.22",
            "revenue": 717715
        },
        "2012-03": {
            "month": "2012-03",
            "price": "20.68",
            "revenue": 954567
        },
        "2012-04": {
            "month": "2012-04",
            "price": "19.87",
            "revenue": 905705
        },
        "2012-05": {
            "month": "2012-05",
            "price": "19.66",
            "revenue": 977568
        },
        "2012-06": {
            "month": "2012-06",
            "price": "19.63",
            "revenue": 953592
        },
        "2012-07": {
            "month": "2012-07",
            "price": "20.88",
            "revenue": 1002664
        },
        "2012-08": {
            "month": "2012-08",
            "price": "21.03",
            "revenue": 1156462
        },
        "2012-09": {
            "month": "2012-09",
            "price": "21.29",
            "revenue": 1122203
        },
        "2012-10": {
            "month": "2012-10",
            "price": "21.19",
            "revenue": 899461
        },
        "2012-11": {
            "month": "2012-11",
            "price": "21.84",
            "revenue": 973721
        },
        "2012-12": {
            "month": "2012-12",
            "price": "21.83",
            "revenue": 1021357
        },
        "2013-01": {
            "month": "2013-01",
            "price": "22.22",
            "revenue": 3426145
        },
        "2013-02": {
            "month": "2013-02",
            "price": "22.00",
            "revenue": 2630216
        },
        "2013-03": {
            "month": "2013-03",
            "price": "21.93",
            "revenue": 2812541
        },
        "2013-04": {
            "month": "2013-04",
            "price": "21.70",
            "revenue": 2733144
        },
        "2013-05": {
            "month": "2013-05",
            "price": "22.29",
            "revenue": 2843279
        },
        "2013-06": {
            "month": "2013-06",
            "price": "23.41",
            "revenue": 3025702
        },
        "2013-07": {
            "month": "2013-07",
            "price": "23.50",
            "revenue": 2717428
        },
        "2013-08": {
            "month": "2013-08",
            "price": "23.29",
            "revenue": 2918164
        },
        "2013-09": {
            "month": "2013-09",
            "price": "22.88",
            "revenue": 3344704
        },
        "2013-10": {
            "month": "2013-10",
            "price": "22.93",
            "revenue": 2719240
        },
        "2013-11": {
            "month": "2013-11",
            "price": "22.67",
            "revenue": 2560284
        },
        "2013-12": {
            "month": "2013-12",
            "price": "22.20",
            "revenue": 3473017
        },
        "2014-01": {
            "month": "2014-01",
            "price": "22.60",
            "revenue": 3661717
        },
        "2014-02": {
            "month": "2014-02",
            "price": "22.54",
            "revenue": 2482431
        },
        "2014-03": {
            "month": "2014-03",
            "price": "22.25",
            "revenue": 2908341
        },
        "2014-04": {
            "month": "2014-04",
            "price": "21.76",
            "revenue": 2697499
        },
        "2014-05": {
            "month": "2014-05",
            "price": "21.55",
            "revenue": 3041301
        },
        "2014-06": {
            "month": "2014-06",
            "price": "21.62",
            "revenue": 3138322
        },
        "2014-07": {
            "month": "2014-07",
            "price": "21.30",
            "revenue": 2970673
        },
        "2014-08": {
            "month": "2014-08",
            "price": "19.82",
            "revenue": 2921319
        },
        "2014-09": {
            "month": "2014-09",
            "price": "19.78",
            "revenue": 3311379
        },
        "2014-10": {
            "month": "2014-10",
            "price": "19.75",
            "revenue": 2780003
        },
        "2014-11": {
            "month": "2014-11",
            "price": "20.70",
            "revenue": 2689548
        },
        "2014-12": {
            "month": "2014-12",
            "price": "21.12",
            "revenue": 3343707
        },
        "2015-01": {
            "month": "2015-01",
            "price": "20.91",
            "revenue": 3255143
        },
        "2015-02": {
            "month": "2015-02",
            "price": "20.80",
            "revenue": 3278393
        },
        "2015-03": {
            "month": "2015-03",
            "price": "20.64",
            "revenue": 3122291
        },
        "2015-04": {
            "month": "2015-04",
            "price": "20.77",
            "revenue": 2807082
        },
        "2015-05": {
            "month": "2015-05",
            "price": "20.97",
            "revenue": 3051439
        },
        "2015-06": {
            "month": "2015-06",
            "price": "21.13",
            "revenue": 3108997
        },
        "2015-07": {
            "month": "2015-07",
            "price": "20.55",
            "revenue": 2754728
        },
        "2015-08": {
            "month": "2015-08",
            "price": "20.36",
            "revenue": 3242085
        },
        "2015-09": {
            "month": "2015-09",
            "price": "20.00",
            "revenue": 2994164
        },
        "2015-10": {
            "month": "2015-10",
            "price": "20.50",
            "revenue": 2606679
        },
        "2015-11": {
            "month": "2015-11",
            "price": "19.82",
            "revenue": 2670789
        },
        "2015-12": {
            "month": "2015-12",
            "price": "19.96",
            "revenue": 3089661
        },
        "2016-01": {
            "month": "2016-01",
            "price": "20.09",
            "revenue": 3666990
        },
        "2016-02": {
            "month": "2016-02",
            "price": "20.36",
            "revenue": 2944463
        },
        "2016-03": {
            "month": "2016-03",
            "price": "20.01",
            "revenue": 3030183
        },
        "2016-04": {
            "month": "2016-04",
            "price": "19.74",
            "revenue": 2828822
        },
        "2016-05": {
            "month": "2016-05",
            "price": "19.54",
            "revenue": 2915977
        },
        "2016-06": {
            "month": "2016-06",
            "price": "19.55",
            "revenue": 3013105
        },
        "2016-07": {
            "month": "2016-07",
            "price": "19.94",
            "revenue": 2703519
        },
        "2016-08": {
            "month": "2016-08",
            "price": "19.43",
            "revenue": 2978984
        },
        "2016-09": {
            "month": "2016-09",
            "price": "19.37",
            "revenue": 2975356
        },
        "2016-10": {
            "month": "2016-10",
            "price": "19.34",
            "revenue": 2823058
        },
        "2016-11": {
            "month": "2016-11",
            "price": "19.35",
            "revenue": 2546208
        },
        "2016-12": {
            "month": "2016-12",
            "price": "19.49",
            "revenue": 3016781
        },
        "2017-01": {
            "month": "2017-01",
            "price": "19.83",
            "revenue": 3813595
        },
        "2017-02": {
            "month": "2017-02",
            "price": "20.06",
            "revenue": 2730203
        },
        "2017-03": {
            "month": "2017-03",
            "price": "20.10",
            "revenue": 3173144
        },
        "2017-04": {
            "month": "2017-04",
            "price": "19.88",
            "revenue": 2875571
        },
        "2017-05": {
            "month": "2017-05",
            "price": "19.94",
            "revenue": 3211080
        },
        "2017-06": {
            "month": "2017-06",
            "price": "21.37",
            "revenue": 3191133
        },
        "2017-07": {
            "month": "2017-07",
            "price": "22.41",
            "revenue": 3092947
        },
        "2017-08": {
            "month": "2017-08",
            "price": "22.45",
            "revenue": 3202667
        },
        "2017-09": {
            "month": "2017-09",
            "price": "22.63",
            "revenue": 2975512
        },
        "2017-10": {
            "month": "2017-10",
            "price": "22.53",
            "revenue": 2735013
        },
        "2017-11": {
            "month": "2017-11",
            "price": "22.59",
            "revenue": 2973224
        },
        "2017-12": {
            "month": "2017-12",
            "price": "22.56",
            "revenue": 2989122
        },
        "2018-01": {
            "month": "2018-01",
            "price": "23.00",
            "revenue": 3840316
        },
        "2018-02": {
            "month": "2018-02",
            "price": "22.60",
            "revenue": 3289466
        },
        "2018-03": {
            "month": "2018-03",
            "price": "22.94",
            "revenue": 3218072
        },
        "2018-04": {
            "month": "2018-04",
            "price": "23.61",
            "revenue": 2955347
        },
        "2018-05": {
            "month": "2018-05",
            "price": "23.44",
            "revenue": 3463085
        },
        "2018-06": {
            "month": "2018-06",
            "price": "23.35",
            "revenue": 3502277
        },
        "2018-07": {
            "month": "2018-07",
            "price": "22.96",
            "revenue": 3096863
        },
        "2018-08": {
            "month": "2018-08",
            "price": "22.68",
            "revenue": 3377089
        },
        "2018-09": {
            "month": "2018-09",
            "price": "22.96",
            "revenue": 3363496
        },
        "2018-10": {
            "month": "2018-10",
            "price": "22.85",
            "revenue": 3403565
        },
        "2018-11": {
            "month": "2018-11",
            "price": "22.38",
            "revenue": 3015931
        },
        "2018-12": {
            "month": "2018-12",
            "price": "22.18",
            "revenue": 3372443
        },
        "2019-01": {
            "month": "2019-01",
            "price": "22.07",
            "revenue": 4023264
        },
        "2019-02": {
            "month": "2019-02",
            "price": "22.62",
            "revenue": 2839021
        },
        "2019-03": {
            "month": "2019-03",
            "price": "22.57",
            "revenue": 3016548
        },
        "2019-04": {
            "month": "2019-04",
            "price": "21.63",
            "revenue": 2957761
        },
        "2019-05": {
            "month": "2019-05",
            "price": "21.31",
            "revenue": 3246069
        },
        "2019-06": {
            "month": "2019-06",
            "price": "21.75",
            "revenue": 3131132
        },
        "2019-07": {
            "month": "2019-07",
            "price": "21.16",
            "revenue": 3378833
        },
        "2019-08": {
            "month": "2019-08",
            "price": "21.10",
            "revenue": 3252068
        },
        "2019-09": {
            "month": "2019-09",
            "price": "21.59",
            "revenue": 3149617
        },
        "2019-10": {
            "month": "2019-10",
            "price": "22.03",
            "revenue": 2995247
        },
        "2019-11": {
            "month": "2019-11",
            "price": "21.39",
            "revenue": 2651432
        },
        "2019-12": {
            "month": "2019-12",
            "price": "20.75",
            "revenue": 3419820
        },
        "2020-01": {
            "month": "2020-01",
            "price": "21.11",
            "revenue": 3261228
        },
        "2020-02": {
            "month": "2020-02",
            "price": "20.28",
            "revenue": 2493071
        },
        "2020-03": {
            "month": "2020-03",
            "price": "19.08",
            "revenue": 3401506
        },
        "2020-04": {
            "month": "2020-04",
            "price": "18.73",
            "revenue": 3288277
        },
        "2020-05": {
            "month": "2020-05",
            "price": "18.93",
            "revenue": 3650726
        },
        "2020-06": {
            "month": "2020-06",
            "price": "20.67",
            "revenue": 3872566
        },
        "2020-07": {
            "month": "2020-07",
            "price": "21.38",
            "revenue": 3419616
        },
        "2020-08": {
            "month": "2020-08",
            "price": "21.79",
            "revenue": 3505342
        },
        "2020-09": {
            "month": "2020-09",
            "price": "23.36",
            "revenue": 3901606
        },
        "2020-10": {
            "month": "2020-10",
            "price": "25.23",
            "revenue": 3461876
        },
        "2020-11": {
            "month": "2020-11",
            "price": "26.66",
            "revenue": 3181870
        },
        "2020-12": {
            "month": "2020-12",
            "price": "26.61",
            "revenue": 4363669
        },
        "2021-01": {
            "month": "2021-01",
            "price": "26.18",
            "revenue": 3886132
        },
        "2021-02": {
            "month": "2021-02",
            "price": "25.70",
            "revenue": 3619563
        },
        "2021-03": {
            "month": "2021-03",
            "price": "26.28",
            "revenue": 4070901
        },
        "2021-04": {
            "month": "2021-04",
            "price": "26.32",
            "revenue": 3461563
        },
        "2021-05": {
            "month": "2021-05",
            "price": "25.86",
            "revenue": 3130135
        },
        "2021-06": {
            "month": "2021-06",
            "price": "26.52",
            "revenue": 3623336
        },
        "2021-07": {
            "month": "2021-07",
            "price": "25.58",
            "revenue": 3616618
        },
        "2021-08": {
            "month": "2021-08",
            "price": "24.34",
            "revenue": 3670740
        },
        "2021-09": {
            "month": "2021-09",
            "price": "24.38",
            "revenue": 3445020
        },
        "2021-10": {
            "month": "2021-10",
            "price": "23.70",
            "revenue": 3634163
        },
        "2021-11": {
            "month": "2021-11",
            "price": "23.36",
            "revenue": 3553894
        },
        "2021-12": {
            "month": "2021-12",
            "price": "21.26",
            "revenue": 4045294
        },
        "2022-01": {
            "month": "2022-01",
            "price": "21.52",
            "revenue": 3709995
        },
        "2022-02": {
            "month": "2022-02",
            "price": "21.72",
            "revenue": 2837939
        },
        "2022-03": {
            "month": "2022-03",
            "price": "21.46",
            "revenue": 3229007
        },
        "2022-04": {
            "month": "2022-04",
            "price": "21.69",
            "revenue": 2930916
        },
        "2022-05": {
            "month": "2022-05",
            "price": "21.87",
            "revenue": 3480188
        },
        "2022-06": {
            "month": "2022-06",
            "price": "21.96",
            "revenue": 3741022
        },
        "2022-07": {
            "month": "2022-07",
            "price": "21.69",
            "revenue": 2946815
        },
        "2022-08": {
            "month": "2022-08",
            "price": "21.43",
            "revenue": 2977229
        },
        "2022-09": {
            "month": "2022-09",
            "price": "21.05",
            "revenue": 3254232
        },
        "2022-10": {
            "month": "2022-10",
            "price": "20.41",
            "revenue": 2343427
        },
        "2022-11": {
            "month": "2022-11",
            "price": "20.11",
            "revenue": 2564961
        },
        "2022-12": {
            "month": "2022-12",
            "price": "19.86",
            "revenue": 3395001
        },
        "2023-01": {
            "month": "2023-01",
            "price": "19.76",
            "revenue": 3205612
        },
        "2023-02": {
            "month": "2023-02",
            "price": "19.99",
            "revenue": 2220719
        },
        "2023-03": {
            "month": "2023-03",
            "price": "20.69",
            "revenue": 3275301
        },
        "2023-04": {
            "month": "2023-04",
            "price": "20.88",
            "revenue": 2738391
        },
        "2023-05": {
            "month": "2023-05",
            "price": "20.84",
            "revenue": 3042450
        }
    }
}
