{
    "summary": {
        "stock_name": "統領",
        "stock_id": "2910",
        "category": "貿易百貨",
        "main_business": "百貨零售業",
        "website_url": "http://www.tonlin.com.tw",
        "ceo": "翁華利",
        "pe_ratio": 23,
        "report_year_from": 2001,
        "report_year_to": 2023,
        "age": 23,
        "eps_negative_percentage": 0,
        "eps_growth_avg": {
            "last_all": 4.48,
            "last_2y": 30.43,
            "last_4y": 23.67,
            "last_8y": 9.15,
            "last_12y": 9.25,
            "last_16y": 5.41,
            "last_20y": 4.98,
            "at_2006_last_3y": 3.15,
            "at_2007_last_3y": 3.33,
            "at_2008_last_3y": 2.1,
            "at_2009_last_3y": -16.16,
            "at_2010_last_3y": -7.07,
            "at_2011_last_3y": -14.78,
            "at_2012_last_3y": -8.7,
            "at_2013_last_3y": -2.62,
            "at_2014_last_3y": 9.48,
            "at_2015_last_3y": 0.98,
            "at_2016_last_3y": -14.08,
            "at_2017_last_3y": -16.01,
            "at_2018_last_3y": -9,
            "at_2019_last_3y": 10.64,
            "at_2020_last_3y": 24.62,
            "at_2021_last_3y": 37.92,
            "at_2022_last_3y": 4.58,
            "at_2023_last_3y": 23.21,
            "at_2024_last_3y": 23.21,
            "at_2006_last_all": 1.33,
            "at_2007_last_all": 3.07,
            "at_2008_last_all": 0,
            "at_2009_last_all": -5.64,
            "at_2010_last_all": -2.4,
            "at_2011_last_all": -4.07,
            "at_2012_last_all": -3.16,
            "at_2013_last_all": -4.63,
            "at_2014_last_all": 1.25,
            "at_2015_last_all": -2.62,
            "at_2016_last_all": -6.07,
            "at_2017_last_all": -7.48,
            "at_2018_last_all": -1.16,
            "at_2019_last_all": 0.32,
            "at_2020_last_all": 0.39,
            "at_2021_last_all": 1.6,
            "at_2022_last_all": -0.06,
            "at_2023_last_all": 4.48,
            "at_2024_last_all": 4.48
        },
        "latest_eps": 1.17,
        "latest_price": 27.4,
        "latest_roe": 8.23,
        "latest_gross_margin": 37.21,
        "latest_equity": 2590058,
        "latest_revenue": 262268,
        "latest_gross_profit": 97597,
        "latest_net_income": 63216,
        "latest_debt_ratio": 53.7,
        "latest_current_ratio": 116.03,
        "latest_account_receivable_turnover_ratio": 12.67,
        "latest_inventory_turnover_ratio": 0.52,
        "latest_reinvestment_rate": -36.22,
        "latest_research_to_sale_ratio": null
    },
    "eps_dividends": {
        "1995": {
            "cash": 0,
            "stock": 2,
            "eps": 0
        },
        "1996": {
            "cash": 0,
            "stock": 2.5,
            "eps": 0
        },
        "1997": {
            "cash": 0,
            "stock": 3.5,
            "eps": 0
        },
        "1998": {
            "cash": 0,
            "stock": 2.5,
            "eps": 0
        },
        "1999": {
            "cash": 1.5,
            "stock": 1,
            "eps": 0
        },
        "2000": {
            "cash": 1,
            "stock": 1,
            "eps": 0
        },
        "2001": {
            "cash": 1,
            "stock": 0,
            "eps": 1.35
        },
        "2002": {
            "cash": 1.2,
            "stock": 0,
            "eps": 1.27
        },
        "2003": {
            "cash": 0.3,
            "stock": 0,
            "eps": 1.41
        },
        "2004": {
            "cash": 0,
            "stock": 0,
            "eps": 1.22
        },
        "2005": {
            "cash": 1.1,
            "stock": 0,
            "eps": 1.56
        },
        "2006": {
            "cash": 1.5,
            "stock": 0,
            "eps": 1.36
        },
        "2007": {
            "cash": 1.2,
            "stock": 0,
            "eps": 1.52
        },
        "2008": {
            "cash": 1.2,
            "stock": 0,
            "eps": 1.24
        },
        "2009": {
            "cash": 1,
            "stock": 0,
            "eps": 0.68
        },
        "2010": {
            "cash": 0,
            "stock": 0,
            "eps": 0.84
        },
        "2011": {
            "cash": 1.8,
            "stock": 0,
            "eps": 0.68
        },
        "2012": {
            "cash": 0,
            "stock": 0,
            "eps": 0.72
        },
        "2013": {
            "cash": 1,
            "stock": 0,
            "eps": 0.57
        },
        "2014": {
            "cash": 0.7,
            "stock": 0,
            "eps": 0.98
        },
        "2015": {
            "cash": 0.7,
            "stock": 0,
            "eps": 0.46
        },
        "2016": {
            "cash": 0,
            "stock": 0,
            "eps": 0.21
        },
        "2017": {
            "cash": 0.5,
            "stock": 0,
            "eps": 0.15
        },
        "2018": {
            "cash": 0,
            "stock": 0,
            "eps": 0.51
        },
        "2019": {
            "cash": 0,
            "stock": 0,
            "eps": 0.64
        },
        "2020": {
            "cash": 0.7,
            "stock": 0,
            "eps": 0.65
        },
        "2021": {
            "cash": 0.5,
            "stock": 0,
            "eps": 0.81
        },
        "2022": {
            "cash": 0.5,
            "stock": 0,
            "eps": 0.54
        },
        "2023": {
            "cash": 0.34,
            "stock": 0,
            "eps": 1.17
        }
    },
    "dividends": {
        "1995-05-24": {
            "cash": 0,
            "stock": 2
        },
        "1996-05-15": {
            "cash": 0,
            "stock": 2.5
        },
        "1997-05-28": {
            "cash": 0,
            "stock": 3.5
        },
        "1998-06-12": {
            "cash": 0,
            "stock": 2.5
        },
        "1999-05-25": {
            "cash": 1.5,
            "stock": 1
        },
        "2000-06-13": {
            "cash": 1,
            "stock": 1
        },
        "2001-05-21": {
            "cash": 1,
            "stock": 0
        },
        "2002-06-05": {
            "cash": 1.2,
            "stock": 0
        },
        "2003-06-06": {
            "cash": 0.3,
            "stock": 0
        },
        "2005-03-17": {
            "cash": 1.1,
            "stock": 0
        },
        "2006-03-16": {
            "cash": 1.5,
            "stock": 0
        },
        "2007-04-20": {
            "cash": 1.2,
            "stock": 0
        },
        "2008-04-23": {
            "cash": 1.2,
            "stock": 0
        },
        "2009-03-20": {
            "cash": 1,
            "stock": 0
        },
        "2011-01-01": {
            "cash": 1,
            "stock": 0
        },
        "2011-03-21": {
            "cash": 0.8,
            "stock": 0
        },
        "2013-03-28": {
            "cash": 1,
            "stock": 0
        },
        "2014-06-04": {
            "cash": 0.7,
            "stock": 0
        },
        "2015-07-15": {
            "cash": 0.7,
            "stock": 0
        },
        "2017-07-12": {
            "cash": 0.5,
            "stock": 0
        },
        "2020-05-20": {
            "cash": 0.7,
            "stock": 0
        },
        "2021-05-20": {
            "cash": 0.5,
            "stock": 0
        },
        "2022-05-09": {
            "cash": 0.5,
            "stock": 0
        },
        "2023-11-08": {
            "cash": 0.34,
            "stock": 0
        }
    },
    "prices": {
        "200101": "34.62",
        "200102": "34.69",
        "200103": "34.20",
        "200104": "37.35",
        "200105": "39.76",
        "200106": "39.04",
        "200107": "39.56",
        "200108": "38.78",
        "200109": "38.80",
        "200110": "36.75",
        "200111": "36.13",
        "200112": "38.55",
        "200201": "39.65",
        "200202": "37.28",
        "200203": "35.32",
        "200204": "34.17",
        "200205": "31.68",
        "200206": "29.62",
        "200207": "28.60",
        "200208": "26.03",
        "200209": "22.76",
        "200210": "23.62",
        "200211": "25.94",
        "200212": "33.20",
        "200301": "31.30",
        "200302": "28.59",
        "200303": "26.79",
        "200304": "24.50",
        "200305": "21.11",
        "200306": "21.94",
        "200307": "21.16",
        "200308": "20.07",
        "200309": "19.96",
        "200310": "19.64",
        "200311": "19.91",
        "200312": "22.33",
        "200401": "22.80",
        "200402": "24.09",
        "200403": "26.91",
        "200404": "24.25",
        "200405": "21.71",
        "200406": "20.10",
        "200407": "19.69",
        "200408": "20.18",
        "200409": "21.36",
        "200410": "22.13",
        "200411": "24.21",
        "200412": "28.11",
        "200501": "28.29",
        "200502": "22.48",
        "200503": "21.94",
        "200504": "21.19",
        "200505": "22.34",
        "200506": "24.04",
        "200507": "30.40",
        "200508": "36.72",
        "200509": "27.33",
        "200510": "24.01",
        "200511": "25.31",
        "200512": "30.61",
        "200601": "34.23",
        "200602": "26.17",
        "200603": "25.40",
        "200604": "27.21",
        "200605": "28.66",
        "200606": "26.79",
        "200607": "25.99",
        "200608": "25.11",
        "200609": "25.33",
        "200610": "26.70",
        "200611": "26.58",
        "200612": "28.45",
        "200701": "29.57",
        "200702": "28.42",
        "200703": "26.31",
        "200704": "26.38",
        "200705": "26.01",
        "200706": "27.13",
        "200707": "33.38",
        "200708": "26.07",
        "200709": "25.48",
        "200710": "27.57",
        "200711": "27.32",
        "200712": "27.40",
        "200801": "28.98",
        "200802": "30.89",
        "200803": "34.53",
        "200804": "33.52",
        "200805": "33.92",
        "200806": "30.14",
        "200807": "25.89",
        "200808": "23.77",
        "200809": "19.77",
        "200810": "16.00",
        "200811": "17.41",
        "200812": "26.16",
        "200901": "24.42",
        "200902": "21.17",
        "200903": "22.57",
        "200904": "23.16",
        "200905": "25.83",
        "200906": "23.69",
        "200907": "23.35",
        "200908": "22.54",
        "200909": "22.68",
        "200910": "23.61",
        "200911": "24.55",
        "200912": "25.01",
        "201001": "24.20",
        "201002": "20.98",
        "201003": "22.19",
        "201004": "23.30",
        "201005": "21.59",
        "201006": "21.59",
        "201007": "23.40",
        "201008": "27.25",
        "201009": "26.80",
        "201010": "27.60",
        "201011": "28.18",
        "201012": "27.85",
        "201101": "28.48",
        "201102": "25.18",
        "201103": "22.65",
        "201104": "23.17",
        "201105": "24.42",
        "201106": "25.06",
        "201107": "27.18",
        "201108": "26.69",
        "201109": "23.20",
        "201110": "23.98",
        "201111": "26.70",
        "201112": "28.73",
        "201201": "25.08",
        "201202": "24.62",
        "201203": "25.21",
        "201204": "23.61",
        "201205": "23.16",
        "201206": "22.63",
        "201207": "23.00",
        "201208": "23.89",
        "201209": "25.19",
        "201210": "26.16",
        "201211": "26.98",
        "201212": "34.72",
        "201301": "32.90",
        "201302": "29.90",
        "201303": "27.61",
        "201304": "27.26",
        "201305": "29.50",
        "201306": "29.96",
        "201307": "29.36",
        "201308": "29.09",
        "201309": "29.61",
        "201310": "31.87",
        "201311": "33.88",
        "201312": "36.83",
        "201401": "36.10",
        "201402": "30.71",
        "201403": "32.48",
        "201404": "32.86",
        "201405": "32.07",
        "201406": "35.75",
        "201407": "39.10",
        "201408": "38.61",
        "201409": "39.42",
        "201410": "37.42",
        "201411": "35.93",
        "201412": "36.91",
        "201501": "37.64",
        "201502": "37.79",
        "201503": "37.59",
        "201504": "39.48",
        "201505": "38.82",
        "201506": "30.51",
        "201507": "29.84",
        "201508": "27.09",
        "201509": "24.45",
        "201510": "26.13",
        "201511": "29.25",
        "201512": "29.14",
        "201601": "23.11",
        "201602": "23.36",
        "201603": "23.64",
        "201604": "22.67",
        "201605": "23.12",
        "201606": "23.13",
        "201607": "22.93",
        "201608": "23.36",
        "201609": "23.31",
        "201610": "23.06",
        "201611": "25.20",
        "201612": "33.04",
        "201701": "30.85",
        "201702": "26.98",
        "201703": "26.36",
        "201704": "27.35",
        "201705": "27.41",
        "201706": "27.85",
        "201707": "27.78",
        "201708": "27.70",
        "201709": "27.95",
        "201710": "28.00",
        "201711": "28.28",
        "201712": "28.11",
        "201801": "27.26",
        "201802": "27.01",
        "201803": "27.26",
        "201804": "26.85",
        "201805": "26.76",
        "201806": "27.31",
        "201807": "28.15",
        "201808": "28.43",
        "201809": "29.91",
        "201810": "27.09",
        "201811": "26.72",
        "201812": "26.64",
        "201901": "26.46",
        "201902": "27.11",
        "201903": "26.75",
        "201904": "26.85",
        "201905": "26.36",
        "201906": "27.20",
        "201907": "26.97",
        "201908": "26.52",
        "201909": "27.22",
        "201910": "26.97",
        "201911": "26.74",
        "201912": "33.36",
        "202001": "38.51",
        "202002": "31.71",
        "202003": "29.33",
        "202004": "30.35",
        "202005": "31.55",
        "202006": "32.67",
        "202007": "33.06",
        "202008": "31.67",
        "202009": "31.45",
        "202010": "31.98",
        "202011": "34.50",
        "202012": "40.61",
        "202101": "46.82",
        "202102": "34.78",
        "202103": "32.92",
        "202104": "33.26",
        "202105": "32.15",
        "202106": "32.96",
        "202107": "32.99",
        "202108": "32.79",
        "202109": "33.91",
        "202110": "33.91",
        "202111": "34.69",
        "202112": "36.93",
        "202201": "33.60",
        "202202": "31.29",
        "202203": "31.00",
        "202204": "32.61",
        "202205": "32.88",
        "202206": "31.49",
        "202207": "30.84",
        "202208": "30.87",
        "202209": "30.75",
        "202210": "31.14",
        "202211": "33.81",
        "202212": "31.48",
        "202301": "29.85",
        "202302": "29.70",
        "202303": "30.27",
        "202304": "29.80",
        "202305": "29.79",
        "202306": "30.52",
        "202307": "29.86",
        "202308": "28.88",
        "202309": "27.58",
        "202310": "27.34",
        "202311": "28.12",
        "202312": "28.09",
        "202401": "26.72",
        "202402": "27.75",
        "202403": "27.45",
        "202404": "無"
    },
    "quarters": {
        "20011": {
            "year_quarter": 20011,
            "year": 2001,
            "quarter": 1,
            "eps": 0.48,
            "eps_growth_year": -20,
            "eps_4q": 0.88,
            "eps_4q_growth_year": -39.49,
            "roe": 3.77,
            "roe_4q": 3.77,
            "gross_profit": 173329,
            "gross_margin": 25.14,
            "gross_margin_4q_avg": 25.14,
            "net_income": 101054,
            "net_income_4q": null,
            "revenue": 689475,
            "revenue_4q": null,
            "common_shares": 2087250,
            "book_valuer_per_share": 13.08,
            "book_valuer_per_share_4q_avg": 13.08,
            "equity": 2730438,
            "current_ratio": 174.26,
            "debt_ratio": 46.94,
            "inventory_turnover_ratio": 14.03,
            "account_receivable_turnover_ratio": null,
            "reinvestment_rate": null,
            "research_to_sale_ratio": null,
            "price_fair": 0,
            "eps_avg_yearly": 0,
            "eps_latest_yearly": 0,
            "eps_growth_yearly": 0
        },
        "20012": {
            "year_quarter": 20012,
            "year": 2001,
            "quarter": 2,
            "eps": 0.57,
            "eps_growth_year": 18.75,
            "eps_4q": 0.98,
            "eps_4q_growth_year": -29.23,
            "roe": 4.42,
            "roe_4q": 8.19,
            "gross_profit": 147794,
            "gross_margin": 26.09,
            "gross_margin_4q_avg": 25.62,
            "net_income": 118468,
            "net_income_4q": null,
            "revenue": 566573,
            "revenue_4q": null,
            "common_shares": 2087250,
            "book_valuer_per_share": 12.57,
            "book_valuer_per_share_4q_avg": 12.83,
            "equity": 2624470,
            "current_ratio": 142.57,
            "debt_ratio": 49.65,
            "inventory_turnover_ratio": 11.23,
            "account_receivable_turnover_ratio": null,
            "reinvestment_rate": null,
            "research_to_sale_ratio": null,
            "price_fair": 0,
            "eps_avg_yearly": 0,
            "eps_latest_yearly": 0,
            "eps_growth_yearly": 0
        },
        "20013": {
            "year_quarter": 20013,
            "year": 2001,
            "quarter": 3,
            "eps": -0.08,
            "eps_growth_year": -300,
            "eps_4q": 0.86,
            "eps_4q_growth_year": -39.94,
            "roe": -0.62,
            "roe_4q": 7.57,
            "gross_profit": 149379,
            "gross_margin": 26.15,
            "gross_margin_4q_avg": 25.79,
            "net_income": -16067,
            "net_income_4q": null,
            "revenue": 571137,
            "revenue_4q": null,
            "common_shares": 2087250,
            "book_valuer_per_share": 12.4,
            "book_valuer_per_share_4q_avg": 12.68,
            "equity": 2587230,
            "current_ratio": 262.58,
            "debt_ratio": 52.82,
            "inventory_turnover_ratio": 11.16,
            "account_receivable_turnover_ratio": null,
            "reinvestment_rate": null,
            "research_to_sale_ratio": null,
            "price_fair": 0,
            "eps_avg_yearly": 0,
            "eps_latest_yearly": 0,
            "eps_growth_yearly": 0
        },
        "20014": {
            "year_quarter": 20014,
            "year": 2001,
            "quarter": 4,
            "eps": 0.38,
            "eps_growth_year": null,
            "eps_4q": 1.34,
            "eps_4q_growth_year": 42.94,
            "roe": 4.06,
            "roe_4q": 11.629999999999999,
            "gross_profit": 170815,
            "gross_margin": 24.56,
            "gross_margin_4q_avg": 25.49,
            "net_income": 80230,
            "net_income_4q": null,
            "revenue": 695477,
            "revenue_4q": null,
            "common_shares": 2087250,
            "book_valuer_per_share": 6.55,
            "book_valuer_per_share_4q_avg": 11.15,
            "equity": 1366287,
            "current_ratio": 305.9,
            "debt_ratio": 68.25,
            "inventory_turnover_ratio": 14.11,
            "account_receivable_turnover_ratio": null,
            "reinvestment_rate": null,
            "research_to_sale_ratio": null,
            "price_fair": 0,
            "eps_avg_yearly": 0,
            "eps_latest_yearly": 0,
            "eps_growth_yearly": 0
        },
        "20021": {
            "year_quarter": 20021,
            "year": 2002,
            "quarter": 1,
            "eps": 0.48,
            "eps_growth_year": 0,
            "eps_4q": 1.53,
            "eps_4q_growth_year": 74.15,
            "roe": 5.94,
            "roe_4q": 13.8,
            "gross_profit": 156791,
            "gross_margin": 24.54,
            "gross_margin_4q_avg": 25.34,
            "net_income": 83648,
            "net_income_4q": null,
            "revenue": 638908,
            "revenue_4q": null,
            "common_shares": 2087250,
            "book_valuer_per_share": 6.95,
            "book_valuer_per_share_4q_avg": 9.62,
            "equity": 1450996,
            "current_ratio": 172.75,
            "debt_ratio": 63.26,
            "inventory_turnover_ratio": 12.72,
            "account_receivable_turnover_ratio": null,
            "reinvestment_rate": null,
            "research_to_sale_ratio": null,
            "price_fair": 67.2,
            "eps_avg_yearly": 1.92,
            "eps_latest_yearly": 1.92,
            "eps_growth_yearly": 105.26
        },
        "20022": {
            "year_quarter": 20022,
            "year": 2002,
            "quarter": 2,
            "eps": 0.28,
            "eps_growth_year": -50.88,
            "eps_4q": 1.12,
            "eps_4q_growth_year": 14.75,
            "roe": 3.65,
            "roe_4q": 13.03,
            "gross_profit": 130895,
            "gross_margin": 24.5,
            "gross_margin_4q_avg": 24.94,
            "net_income": 49019,
            "net_income_4q": null,
            "revenue": 534276,
            "revenue_4q": null,
            "common_shares": 2087250,
            "book_valuer_per_share": 5.93,
            "book_valuer_per_share_4q_avg": 7.96,
            "equity": 1236888,
            "current_ratio": 97.34,
            "debt_ratio": 68.23,
            "inventory_turnover_ratio": 11.44,
            "account_receivable_turnover_ratio": null,
            "reinvestment_rate": null,
            "research_to_sale_ratio": null,
            "price_fair": 4.56,
            "eps_avg_yearly": 1.52,
            "eps_latest_yearly": 1.12,
            "eps_growth_yearly": -30.7
        },
        "20023": {
            "year_quarter": 20023,
            "year": 2002,
            "quarter": 3,
            "eps": 0.11,
            "eps_growth_year": null,
            "eps_4q": 1.28,
            "eps_4q_growth_year": 48.52,
            "roe": 1.6,
            "roe_4q": 15.25,
            "gross_profit": 131712,
            "gross_margin": 24.92,
            "gross_margin_4q_avg": 24.63,
            "net_income": 20005,
            "net_income_4q": null,
            "revenue": 528630,
            "revenue_4q": null,
            "common_shares": 2087250,
            "book_valuer_per_share": 6.07,
            "book_valuer_per_share_4q_avg": 6.38,
            "equity": 1266979,
            "current_ratio": 98.1,
            "debt_ratio": 64.71,
            "inventory_turnover_ratio": 11.31,
            "account_receivable_turnover_ratio": null,
            "reinvestment_rate": null,
            "research_to_sale_ratio": null,
            "price_fair": 3.48,
            "eps_avg_yearly": 1.16,
            "eps_latest_yearly": 0.44,
            "eps_growth_yearly": -101.42
        },
        "20024": {
            "year_quarter": 20024,
            "year": 2002,
            "quarter": 4,
            "eps": 0.4,
            "eps_growth_year": 5.26,
            "eps_4q": 1.27,
            "eps_4q_growth_year": -5.82,
            "roe": 5.34,
            "roe_4q": 16.53,
            "gross_profit": 152950,
            "gross_margin": 23.72,
            "gross_margin_4q_avg": 24.42,
            "net_income": 70562,
            "net_income_4q": null,
            "revenue": 644857,
            "revenue_4q": null,
            "common_shares": 2087250,
            "book_valuer_per_share": 6.59,
            "book_valuer_per_share_4q_avg": 6.39,
            "equity": 1374979,
            "current_ratio": 144.45,
            "debt_ratio": 62.9,
            "inventory_turnover_ratio": 13.3,
            "account_receivable_turnover_ratio": null,
            "reinvestment_rate": -40.33,
            "research_to_sale_ratio": null,
            "price_fair": 44.45,
            "eps_avg_yearly": 1.27,
            "eps_latest_yearly": 1.6,
            "eps_growth_yearly": 187.57
        },
        "20031": {
            "year_quarter": 20031,
            "year": 2003,
            "quarter": 1,
            "eps": 0.33,
            "eps_growth_year": -31.25,
            "eps_4q": 1.12,
            "eps_4q_growth_year": -26.43,
            "roe": 4.13,
            "roe_4q": 14.719999999999999,
            "gross_profit": 148554,
            "gross_margin": 24.71,
            "gross_margin_4q_avg": 24.46,
            "net_income": 58005,
            "net_income_4q": null,
            "revenue": 601085,
            "revenue_4q": null,
            "common_shares": 2087250,
            "book_valuer_per_share": 6.85,
            "book_valuer_per_share_4q_avg": 6.36,
            "equity": 1430652,
            "current_ratio": 140.42,
            "debt_ratio": 61.83,
            "inventory_turnover_ratio": 12.56,
            "account_receivable_turnover_ratio": null,
            "reinvestment_rate": -40.78,
            "research_to_sale_ratio": null,
            "price_fair": 44.8,
            "eps_avg_yearly": 1.28,
            "eps_latest_yearly": 1.32,
            "eps_growth_yearly": 136.06
        },
        "20032": {
            "year_quarter": 20032,
            "year": 2003,
            "quarter": 2,
            "eps": 0.33,
            "eps_growth_year": 17.86,
            "eps_4q": 1.18,
            "eps_4q_growth_year": 4.53,
            "roe": 4.08,
            "roe_4q": 15.15,
            "gross_profit": 120006,
            "gross_margin": 25.31,
            "gross_margin_4q_avg": 24.67,
            "net_income": 58003,
            "net_income_4q": null,
            "revenue": 474142,
            "revenue_4q": null,
            "common_shares": 2087250,
            "book_valuer_per_share": 6.78,
            "book_valuer_per_share_4q_avg": 6.57,
            "equity": 1415575,
            "current_ratio": 140.55,
            "debt_ratio": 62.33,
            "inventory_turnover_ratio": 10.34,
            "account_receivable_turnover_ratio": null,
            "reinvestment_rate": -39.84,
            "research_to_sale_ratio": null,
            "price_fair": 45.03,
            "eps_avg_yearly": 1.29,
            "eps_latest_yearly": 1.32,
            "eps_growth_yearly": 113.38
        },
        "20033": {
            "year_quarter": 20033,
            "year": 2003,
            "quarter": 3,
            "eps": 0.35,
            "eps_growth_year": 218.18,
            "eps_4q": 1.43,
            "eps_4q_growth_year": 11.38,
            "roe": 4.18,
            "roe_4q": 17.73,
            "gross_profit": 133709,
            "gross_margin": 24.58,
            "gross_margin_4q_avg": 24.58,
            "net_income": 60665,
            "net_income_4q": null,
            "revenue": 543987,
            "revenue_4q": null,
            "common_shares": 2087250,
            "book_valuer_per_share": 7.13,
            "book_valuer_per_share_4q_avg": 6.84,
            "equity": 1487562,
            "current_ratio": 28.58,
            "debt_ratio": 59.71,
            "inventory_turnover_ratio": 11.32,
            "account_receivable_turnover_ratio": null,
            "reinvestment_rate": -25.53,
            "research_to_sale_ratio": null,
            "price_fair": 45.6,
            "eps_avg_yearly": 1.3,
            "eps_latest_yearly": 1.4,
            "eps_growth_yearly": 100.65
        },
        "20034": {
            "year_quarter": 20034,
            "year": 2003,
            "quarter": 4,
            "eps": 0.4,
            "eps_growth_year": 0,
            "eps_4q": 1.4,
            "eps_4q_growth_year": 10.68,
            "roe": 4.64,
            "roe_4q": 17.03,
            "gross_profit": 166464,
            "gross_margin": 23.1,
            "gross_margin_4q_avg": 24.43,
            "net_income": 70630,
            "net_income_4q": null,
            "revenue": 720616,
            "revenue_4q": null,
            "common_shares": 2087250,
            "book_valuer_per_share": 7.46,
            "book_valuer_per_share_4q_avg": 7.06,
            "equity": 1556123,
            "current_ratio": 43.68,
            "debt_ratio": 59.04,
            "inventory_turnover_ratio": 14.07,
            "account_receivable_turnover_ratio": null,
            "reinvestment_rate": -24.22,
            "research_to_sale_ratio": null,
            "price_fair": 46.9,
            "eps_avg_yearly": 1.34,
            "eps_latest_yearly": 1.6,
            "eps_growth_yearly": 95.21
        },
        "20041": {
            "year_quarter": 20041,
            "year": 2004,
            "quarter": 1,
            "eps": 0.54,
            "eps_growth_year": 63.64,
            "eps_4q": 1.62,
            "eps_4q_growth_year": 43.77,
            "roe": 5.87,
            "roe_4q": 18.77,
            "gross_profit": 153827,
            "gross_margin": 24.4,
            "gross_margin_4q_avg": 24.35,
            "net_income": 94986,
            "net_income_4q": null,
            "revenue": 630511,
            "revenue_4q": null,
            "common_shares": 2087250,
            "book_valuer_per_share": 8.04,
            "book_valuer_per_share_4q_avg": 7.35,
            "equity": 1677612,
            "current_ratio": 44.76,
            "debt_ratio": 54.59,
            "inventory_turnover_ratio": 11.92,
            "account_receivable_turnover_ratio": null,
            "reinvestment_rate": -23.65,
            "research_to_sale_ratio": null,
            "price_fair": 50.09,
            "eps_avg_yearly": 1.43,
            "eps_latest_yearly": 2.16,
            "eps_growth_yearly": 100.19
        },
        "20042": {
            "year_quarter": 20042,
            "year": 2004,
            "quarter": 2,
            "eps": 0.2,
            "eps_growth_year": -39.39,
            "eps_4q": 1.52,
            "eps_4q_growth_year": 29.15,
            "roe": 2.03,
            "roe_4q": 16.72,
            "gross_profit": 139746,
            "gross_margin": 24.39,
            "gross_margin_4q_avg": 24.12,
            "net_income": 34339,
            "net_income_4q": null,
            "revenue": 572917,
            "revenue_4q": null,
            "common_shares": 2087250,
            "book_valuer_per_share": 8.2,
            "book_valuer_per_share_4q_avg": 7.71,
            "equity": 1711951,
            "current_ratio": 47.25,
            "debt_ratio": 53.69,
            "inventory_turnover_ratio": 10.02,
            "account_receivable_turnover_ratio": null,
            "reinvestment_rate": -24.56,
            "research_to_sale_ratio": null,
            "price_fair": 47.88,
            "eps_avg_yearly": 1.37,
            "eps_latest_yearly": 0.8,
            "eps_growth_yearly": 64.98
        },
        "20043": {
            "year_quarter": 20043,
            "year": 2004,
            "quarter": 3,
            "eps": 0.23,
            "eps_growth_year": -34.29,
            "eps_4q": 1.39,
            "eps_4q_growth_year": -2.31,
            "roe": 2.28,
            "roe_4q": 14.82,
            "gross_profit": 140166,
            "gross_margin": 26.24,
            "gross_margin_4q_avg": 24.53,
            "net_income": 39529,
            "net_income_4q": null,
            "revenue": 534127,
            "revenue_4q": null,
            "common_shares": 2087250,
            "book_valuer_per_share": 8.39,
            "book_valuer_per_share_4q_avg": 8.02,
            "equity": 1751480,
            "current_ratio": 42.96,
            "debt_ratio": 51.56,
            "inventory_turnover_ratio": 7.25,
            "account_receivable_turnover_ratio": null,
            "reinvestment_rate": -20.54,
            "research_to_sale_ratio": null,
            "price_fair": 46.45,
            "eps_avg_yearly": 1.33,
            "eps_latest_yearly": 0.92,
            "eps_growth_yearly": 64.53
        },
        "20044": {
            "year_quarter": 20044,
            "year": 2004,
            "quarter": 4,
            "eps": 0.25,
            "eps_growth_year": -37.5,
            "eps_4q": 1.22,
            "eps_4q_growth_year": -13.21,
            "roe": 2.47,
            "roe_4q": 12.649999999999999,
            "gross_profit": 183585,
            "gross_margin": 24.3,
            "gross_margin_4q_avg": 24.83,
            "net_income": 43718,
            "net_income_4q": null,
            "revenue": 755438,
            "revenue_4q": null,
            "common_shares": 2087250,
            "book_valuer_per_share": 8.6,
            "book_valuer_per_share_4q_avg": 8.31,
            "equity": 1795477,
            "current_ratio": 49.84,
            "debt_ratio": 50.72,
            "inventory_turnover_ratio": 9.69,
            "account_receivable_turnover_ratio": null,
            "reinvestment_rate": -16.83,
            "research_to_sale_ratio": null,
            "price_fair": 45.5,
            "eps_avg_yearly": 1.3,
            "eps_latest_yearly": 1,
            "eps_growth_yearly": 62.05
        },
        "20051": {
            "year_quarter": 20051,
            "year": 2005,
            "quarter": 1,
            "eps": 0.56,
            "eps_growth_year": 3.7,
            "eps_4q": 1.23,
            "eps_4q_growth_year": -23.6,
            "roe": 5.22,
            "roe_4q": 11.999999999999998,
            "gross_profit": 176643,
            "gross_margin": 25.75,
            "gross_margin_4q_avg": 25.17,
            "net_income": 97594,
            "net_income_4q": null,
            "revenue": 685869,
            "revenue_4q": null,
            "common_shares": 2087250,
            "book_valuer_per_share": 9.3,
            "book_valuer_per_share_4q_avg": 8.62,
            "equity": 1941337,
            "current_ratio": 44.76,
            "debt_ratio": 46.27,
            "inventory_turnover_ratio": 9.18,
            "account_receivable_turnover_ratio": null,
            "reinvestment_rate": -17.87,
            "research_to_sale_ratio": null,
            "price_fair": 48.03,
            "eps_avg_yearly": 1.37,
            "eps_latest_yearly": 2.24,
            "eps_growth_yearly": 95.43
        },
        "20052": {
            "year_quarter": 20052,
            "year": 2005,
            "quarter": 2,
            "eps": 0.42,
            "eps_growth_year": 110,
            "eps_4q": 1.46,
            "eps_4q_growth_year": -3.7,
            "roe": 3.88,
            "roe_4q": 13.85,
            "gross_profit": 152766,
            "gross_margin": 26.49,
            "gross_margin_4q_avg": 25.7,
            "net_income": 72910,
            "net_income_4q": null,
            "revenue": 576785,
            "revenue_4q": null,
            "common_shares": 2087250,
            "book_valuer_per_share": 8.68,
            "book_valuer_per_share_4q_avg": 8.74,
            "equity": 1812209,
            "current_ratio": 39.26,
            "debt_ratio": 49.15,
            "inventory_turnover_ratio": 7.57,
            "account_receivable_turnover_ratio": null,
            "reinvestment_rate": -18.83,
            "research_to_sale_ratio": null,
            "price_fair": 48.8,
            "eps_avg_yearly": 1.39,
            "eps_latest_yearly": 1.68,
            "eps_growth_yearly": 81.47
        },
        "20053": {
            "year_quarter": 20053,
            "year": 2005,
            "quarter": 3,
            "eps": 0.3,
            "eps_growth_year": 30.43,
            "eps_4q": 1.5,
            "eps_4q_growth_year": 8,
            "roe": 2.9,
            "roe_4q": 14.47,
            "gross_profit": 146506,
            "gross_margin": 26.86,
            "gross_margin_4q_avg": 25.85,
            "net_income": 53340,
            "net_income_4q": null,
            "revenue": 545536,
            "revenue_4q": null,
            "common_shares": 2087250,
            "book_valuer_per_share": 8.94,
            "book_valuer_per_share_4q_avg": 8.88,
            "equity": 1865549,
            "current_ratio": 39.97,
            "debt_ratio": 46.75,
            "inventory_turnover_ratio": 6.63,
            "account_receivable_turnover_ratio": null,
            "reinvestment_rate": -18.07,
            "research_to_sale_ratio": null,
            "price_fair": 48.35,
            "eps_avg_yearly": 1.38,
            "eps_latest_yearly": 1.2,
            "eps_growth_yearly": 68.42
        },
        "20054": {
            "year_quarter": 20054,
            "year": 2005,
            "quarter": 4,
            "eps": 0.28,
            "eps_growth_year": 12,
            "eps_4q": 1.57,
            "eps_4q_growth_year": 29.17,
            "roe": 2.57,
            "roe_4q": 14.57,
            "gross_profit": 176830,
            "gross_margin": 23.74,
            "gross_margin_4q_avg": 25.71,
            "net_income": 48579,
            "net_income_4q": null,
            "revenue": 744731,
            "revenue_4q": null,
            "common_shares": 2087250,
            "book_valuer_per_share": 9.17,
            "book_valuer_per_share_4q_avg": 9.02,
            "equity": 1914227,
            "current_ratio": 56.6,
            "debt_ratio": 44.49,
            "inventory_turnover_ratio": 9.98,
            "account_receivable_turnover_ratio": null,
            "reinvestment_rate": -18.69,
            "research_to_sale_ratio": null,
            "price_fair": 47.78,
            "eps_avg_yearly": 1.37,
            "eps_latest_yearly": 1.12,
            "eps_growth_yearly": 62.48
        },
        "20061": {
            "year_quarter": 20061,
            "year": 2006,
            "quarter": 1,
            "eps": 0.48,
            "eps_growth_year": -14.29,
            "eps_4q": 1.47,
            "eps_4q_growth_year": 19.4,
            "roe": 4.31,
            "roe_4q": 13.66,
            "gross_profit": 160259,
            "gross_margin": 26.05,
            "gross_margin_4q_avg": 25.79,
            "net_income": 84399,
            "net_income_4q": null,
            "revenue": 615143,
            "revenue_4q": null,
            "common_shares": 2087250,
            "book_valuer_per_share": 9.61,
            "book_valuer_per_share_4q_avg": 9.1,
            "equity": 2005331,
            "current_ratio": 44.64,
            "debt_ratio": 41.15,
            "inventory_turnover_ratio": 8.92,
            "account_receivable_turnover_ratio": null,
            "reinvestment_rate": -18.41,
            "research_to_sale_ratio": null,
            "price_fair": 47.78,
            "eps_avg_yearly": 1.37,
            "eps_latest_yearly": 1.92,
            "eps_growth_yearly": 73.76
        },
        "20062": {
            "year_quarter": 20062,
            "year": 2006,
            "quarter": 2,
            "eps": 0.23,
            "eps_growth_year": -45.24,
            "eps_4q": 1.31,
            "eps_4q_growth_year": -10.62,
            "roe": 2.11,
            "roe_4q": 11.89,
            "gross_profit": 139148,
            "gross_margin": 26.29,
            "gross_margin_4q_avg": 25.74,
            "net_income": 39807,
            "net_income_4q": null,
            "revenue": 529240,
            "revenue_4q": null,
            "common_shares": 2087250,
            "book_valuer_per_share": 8.46,
            "book_valuer_per_share_4q_avg": 9.05,
            "equity": 1766687,
            "current_ratio": 35.15,
            "debt_ratio": 46.68,
            "inventory_turnover_ratio": 7.62,
            "account_receivable_turnover_ratio": null,
            "reinvestment_rate": -18.04,
            "research_to_sale_ratio": null,
            "price_fair": 47.34,
            "eps_avg_yearly": 1.35,
            "eps_latest_yearly": 0.92,
            "eps_growth_yearly": 71.15
        },
        "20063": {
            "year_quarter": 20063,
            "year": 2006,
            "quarter": 3,
            "eps": 0.37,
            "eps_growth_year": 23.33,
            "eps_4q": 1.35,
            "eps_4q_growth_year": -10.19,
            "roe": 3.62,
            "roe_4q": 12.61,
            "gross_profit": 138199,
            "gross_margin": 27.86,
            "gross_margin_4q_avg": 25.99,
            "net_income": 65132,
            "net_income_4q": null,
            "revenue": 496106,
            "revenue_4q": null,
            "common_shares": 2087250,
            "book_valuer_per_share": 8.76,
            "book_valuer_per_share_4q_avg": 9,
            "equity": 1828084,
            "current_ratio": 45.05,
            "debt_ratio": 45.71,
            "inventory_turnover_ratio": 6.96,
            "account_receivable_turnover_ratio": null,
            "reinvestment_rate": -17.22,
            "research_to_sale_ratio": null,
            "price_fair": 49.61,
            "eps_avg_yearly": 1.42,
            "eps_latest_yearly": 1.48,
            "eps_growth_yearly": 101.55
        },
        "20064": {
            "year_quarter": 20064,
            "year": 2006,
            "quarter": 4,
            "eps": 0.28,
            "eps_growth_year": 0,
            "eps_4q": 1.37,
            "eps_4q_growth_year": -12.99,
            "roe": 2.62,
            "roe_4q": 12.66,
            "gross_profit": 155539,
            "gross_margin": 22.91,
            "gross_margin_4q_avg": 25.78,
            "net_income": 48808,
            "net_income_4q": null,
            "revenue": 678942,
            "revenue_4q": null,
            "common_shares": 2087250,
            "book_valuer_per_share": 9.09,
            "book_valuer_per_share_4q_avg": 8.98,
            "equity": 1897696,
            "current_ratio": 72.71,
            "debt_ratio": 42.81,
            "inventory_turnover_ratio": 10.77,
            "account_receivable_turnover_ratio": null,
            "reinvestment_rate": -17.19,
            "research_to_sale_ratio": null,
            "price_fair": 48.56,
            "eps_avg_yearly": 1.39,
            "eps_latest_yearly": 1.12,
            "eps_growth_yearly": 29.56
        },
        "20071": {
            "year_quarter": 20071,
            "year": 2007,
            "quarter": 1,
            "eps": 0.39,
            "eps_growth_year": -18.75,
            "eps_4q": 1.27,
            "eps_4q_growth_year": -13.6,
            "roe": 3.5,
            "roe_4q": 11.85,
            "gross_profit": 138345,
            "gross_margin": 24.65,
            "gross_margin_4q_avg": 25.43,
            "net_income": 67842,
            "net_income_4q": null,
            "revenue": 561138,
            "revenue_4q": null,
            "common_shares": 2087250,
            "book_valuer_per_share": 9.49,
            "book_valuer_per_share_4q_avg": 8.95,
            "equity": 1981673,
            "current_ratio": 72.64,
            "debt_ratio": 41.97,
            "inventory_turnover_ratio": 9.32,
            "account_receivable_turnover_ratio": null,
            "reinvestment_rate": -16.99,
            "research_to_sale_ratio": null,
            "price_fair": 49.09,
            "eps_avg_yearly": 1.4,
            "eps_latest_yearly": 1.56,
            "eps_growth_yearly": 43.75
        },
        "20072": {
            "year_quarter": 20072,
            "year": 2007,
            "quarter": 2,
            "eps": 0.47,
            "eps_growth_year": 104.35,
            "eps_4q": 1.51,
            "eps_4q_growth_year": 15.77,
            "roe": 4.27,
            "roe_4q": 14.010000000000002,
            "gross_profit": 121527,
            "gross_margin": 24.82,
            "gross_margin_4q_avg": 25.06,
            "net_income": 81946,
            "net_income_4q": null,
            "revenue": 489712,
            "revenue_4q": null,
            "common_shares": 2087250,
            "book_valuer_per_share": 8.91,
            "book_valuer_per_share_4q_avg": 9.06,
            "equity": 1860106,
            "current_ratio": 56.02,
            "debt_ratio": 44.84,
            "inventory_turnover_ratio": 8.1,
            "account_receivable_turnover_ratio": null,
            "reinvestment_rate": -16.68,
            "research_to_sale_ratio": null,
            "price_fair": 50.31,
            "eps_avg_yearly": 1.44,
            "eps_latest_yearly": 1.88,
            "eps_growth_yearly": 48.88
        },
        "20073": {
            "year_quarter": 20073,
            "year": 2007,
            "quarter": 3,
            "eps": 0.4,
            "eps_growth_year": 8.11,
            "eps_4q": 1.53,
            "eps_4q_growth_year": 13.25,
            "roe": 3.71,
            "roe_4q": 14.100000000000001,
            "gross_profit": 127183,
            "gross_margin": 27.13,
            "gross_margin_4q_avg": 24.88,
            "net_income": 70264,
            "net_income_4q": null,
            "revenue": 468752,
            "revenue_4q": null,
            "common_shares": 2087250,
            "book_valuer_per_share": 9.23,
            "book_valuer_per_share_4q_avg": 9.18,
            "equity": 1925874,
            "current_ratio": 50.22,
            "debt_ratio": 41.6,
            "inventory_turnover_ratio": 6.43,
            "account_receivable_turnover_ratio": null,
            "reinvestment_rate": -16.04,
            "research_to_sale_ratio": null,
            "price_fair": 50.75,
            "eps_avg_yearly": 1.45,
            "eps_latest_yearly": 1.6,
            "eps_growth_yearly": 43.64
        },
        "20074": {
            "year_quarter": 20074,
            "year": 2007,
            "quarter": 4,
            "eps": 0.26,
            "eps_growth_year": -7.14,
            "eps_4q": 1.51,
            "eps_4q_growth_year": 10.29,
            "roe": 2.36,
            "roe_4q": 13.84,
            "gross_profit": 150684,
            "gross_margin": 21.49,
            "gross_margin_4q_avg": 24.52,
            "net_income": 45891,
            "net_income_4q": null,
            "revenue": 701312,
            "revenue_4q": null,
            "common_shares": 2087250,
            "book_valuer_per_share": 9.42,
            "book_valuer_per_share_4q_avg": 9.26,
            "equity": 1965928,
            "current_ratio": 62.21,
            "debt_ratio": 37.31,
            "inventory_turnover_ratio": 10.34,
            "account_receivable_turnover_ratio": null,
            "reinvestment_rate": -15.88,
            "research_to_sale_ratio": null,
            "price_fair": 49.53,
            "eps_avg_yearly": 1.42,
            "eps_latest_yearly": 1.04,
            "eps_growth_yearly": 31.32
        },
        "20081": {
            "year_quarter": 20081,
            "year": 2008,
            "quarter": 1,
            "eps": 0.47,
            "eps_growth_year": 20.51,
            "eps_4q": 1.6,
            "eps_4q_growth_year": 25.68,
            "roe": 4.12,
            "roe_4q": 14.46,
            "gross_profit": 140949,
            "gross_margin": 26.12,
            "gross_margin_4q_avg": 24.89,
            "net_income": 82330,
            "net_income_4q": null,
            "revenue": 539540,
            "revenue_4q": null,
            "common_shares": 2087250,
            "book_valuer_per_share": 9.74,
            "book_valuer_per_share_4q_avg": 9.33,
            "equity": 2032079,
            "current_ratio": 72.42,
            "debt_ratio": 36.83,
            "inventory_turnover_ratio": 7.73,
            "account_receivable_turnover_ratio": null,
            "reinvestment_rate": -15.94,
            "research_to_sale_ratio": null,
            "price_fair": 48.91,
            "eps_avg_yearly": 1.4,
            "eps_latest_yearly": 1.88,
            "eps_growth_yearly": 42.76
        },
        "20082": {
            "year_quarter": 20082,
            "year": 2008,
            "quarter": 2,
            "eps": 0.34,
            "eps_growth_year": -27.66,
            "eps_4q": 1.47,
            "eps_4q_growth_year": -2.69,
            "roe": 3.06,
            "roe_4q": 13.25,
            "gross_profit": 120559,
            "gross_margin": 26.35,
            "gross_margin_4q_avg": 25.27,
            "net_income": 59606,
            "net_income_4q": null,
            "revenue": 457601,
            "revenue_4q": null,
            "common_shares": 2087250,
            "book_valuer_per_share": 8.92,
            "book_valuer_per_share_4q_avg": 9.33,
            "equity": 1861255,
            "current_ratio": 58.34,
            "debt_ratio": 40.2,
            "inventory_turnover_ratio": 6.3,
            "account_receivable_turnover_ratio": null,
            "reinvestment_rate": -14.99,
            "research_to_sale_ratio": null,
            "price_fair": 50.14,
            "eps_avg_yearly": 1.43,
            "eps_latest_yearly": 1.36,
            "eps_growth_yearly": 51.59
        },
        "20083": {
            "year_quarter": 20083,
            "year": 2008,
            "quarter": 3,
            "eps": 0.34,
            "eps_growth_year": -15,
            "eps_4q": 1.42,
            "eps_4q_growth_year": -7.31,
            "roe": 3.15,
            "roe_4q": 12.69,
            "gross_profit": 109948,
            "gross_margin": 26.23,
            "gross_margin_4q_avg": 25.05,
            "net_income": 59191,
            "net_income_4q": null,
            "revenue": 419161,
            "revenue_4q": null,
            "common_shares": 2087250,
            "book_valuer_per_share": 9.08,
            "book_valuer_per_share_4q_avg": 9.29,
            "equity": 1894828,
            "current_ratio": 50.69,
            "debt_ratio": 37.2,
            "inventory_turnover_ratio": 5.15,
            "account_receivable_turnover_ratio": null,
            "reinvestment_rate": -16.58,
            "research_to_sale_ratio": null,
            "price_fair": 51.1,
            "eps_avg_yearly": 1.46,
            "eps_latest_yearly": 1.36,
            "eps_growth_yearly": 47.84
        },
        "20084": {
            "year_quarter": 20084,
            "year": 2008,
            "quarter": 4,
            "eps": 0.09,
            "eps_growth_year": -65.38,
            "eps_4q": 1.21,
            "eps_4q_growth_year": -19.63,
            "roe": 0.85,
            "roe_4q": 11.18,
            "gross_profit": 112723,
            "gross_margin": 18.96,
            "gross_margin_4q_avg": 24.42,
            "net_income": 16148,
            "net_income_4q": null,
            "revenue": 594679,
            "revenue_4q": null,
            "common_shares": 2087250,
            "book_valuer_per_share": 9.1,
            "book_valuer_per_share_4q_avg": 9.21,
            "equity": 1899673,
            "current_ratio": 49.35,
            "debt_ratio": 34.83,
            "inventory_turnover_ratio": 8.09,
            "account_receivable_turnover_ratio": 190.02,
            "reinvestment_rate": -17.38,
            "research_to_sale_ratio": null,
            "price_fair": 49.7,
            "eps_avg_yearly": 1.42,
            "eps_latest_yearly": 0.36,
            "eps_growth_yearly": 27.28
        },
        "20091": {
            "year_quarter": 20091,
            "year": 2009,
            "quarter": 1,
            "eps": 0.17,
            "eps_growth_year": -63.83,
            "eps_4q": 0.93,
            "eps_4q_growth_year": -41.96,
            "roe": 1.58,
            "roe_4q": 8.64,
            "gross_profit": 98940,
            "gross_margin": 22.17,
            "gross_margin_4q_avg": 23.43,
            "net_income": 30219,
            "net_income_4q": null,
            "revenue": 446209,
            "revenue_4q": null,
            "common_shares": 2087250,
            "book_valuer_per_share": 9.27,
            "book_valuer_per_share_4q_avg": 9.09,
            "equity": 1934172,
            "current_ratio": 57.42,
            "debt_ratio": 35.5,
            "inventory_turnover_ratio": 6.51,
            "account_receivable_turnover_ratio": 74.59,
            "reinvestment_rate": -16.22,
            "research_to_sale_ratio": null,
            "price_fair": 37.7,
            "eps_avg_yearly": 1.32,
            "eps_latest_yearly": 0.68,
            "eps_growth_yearly": 18.51
        },
        "20092": {
            "year_quarter": 20092,
            "year": 2009,
            "quarter": 2,
            "eps": 0.08,
            "eps_growth_year": -76.47,
            "eps_4q": 0.68,
            "eps_4q_growth_year": -53.73,
            "roe": 0.76,
            "roe_4q": 6.34,
            "gross_profit": 92689,
            "gross_margin": 22.42,
            "gross_margin_4q_avg": 22.45,
            "net_income": 14054,
            "net_income_4q": null,
            "revenue": 413363,
            "revenue_4q": null,
            "common_shares": 2087250,
            "book_valuer_per_share": 8.54,
            "book_valuer_per_share_4q_avg": 9,
            "equity": 1782932,
            "current_ratio": 53.68,
            "debt_ratio": 40.07,
            "inventory_turnover_ratio": 6.29,
            "account_receivable_turnover_ratio": 88.66,
            "reinvestment_rate": -15.66,
            "research_to_sale_ratio": null,
            "price_fair": 26.63,
            "eps_avg_yearly": 1.24,
            "eps_latest_yearly": 0.32,
            "eps_growth_yearly": 11.52
        },
        "20093": {
            "year_quarter": 20093,
            "year": 2009,
            "quarter": 3,
            "eps": 0.12,
            "eps_growth_year": -64.71,
            "eps_4q": 0.47,
            "eps_4q_growth_year": -66.59,
            "roe": 1.14,
            "roe_4q": 4.33,
            "gross_profit": 89529,
            "gross_margin": 23.58,
            "gross_margin_4q_avg": 21.78,
            "net_income": 20497,
            "net_income_4q": null,
            "revenue": 379739,
            "revenue_4q": null,
            "common_shares": 2087250,
            "book_valuer_per_share": 8.7,
            "book_valuer_per_share_4q_avg": 8.9,
            "equity": 1815204,
            "current_ratio": 52.79,
            "debt_ratio": 38.99,
            "inventory_turnover_ratio": 5.03,
            "account_receivable_turnover_ratio": 73.35,
            "reinvestment_rate": -10.85,
            "research_to_sale_ratio": null,
            "price_fair": 41.74,
            "eps_avg_yearly": 1.19,
            "eps_latest_yearly": 0.48,
            "eps_growth_yearly": 31.16
        },
        "20094": {
            "year_quarter": 20094,
            "year": 2009,
            "quarter": 4,
            "eps": 0.31,
            "eps_growth_year": 244.44,
            "eps_4q": 0.68,
            "eps_4q_growth_year": -43.64,
            "roe": 2.97,
            "roe_4q": 6.45,
            "gross_profit": 119002,
            "gross_margin": 18.16,
            "gross_margin_4q_avg": 21.58,
            "net_income": 54649,
            "net_income_4q": null,
            "revenue": 655247,
            "revenue_4q": null,
            "common_shares": 2087250,
            "book_valuer_per_share": 10.68,
            "book_valuer_per_share_4q_avg": 9.3,
            "equity": 1868122,
            "current_ratio": 133.12,
            "debt_ratio": 50.42,
            "inventory_turnover_ratio": 1.44,
            "account_receivable_turnover_ratio": 176.28,
            "reinvestment_rate": 140.45,
            "research_to_sale_ratio": null,
            "price_fair": 42,
            "eps_avg_yearly": 1.2,
            "eps_latest_yearly": 1.24,
            "eps_growth_yearly": 72.41
        },
        "20101": {
            "year_quarter": 20101,
            "year": 2010,
            "quarter": 1,
            "eps": 0.25,
            "eps_growth_year": 47.06,
            "eps_4q": 0.76,
            "eps_4q_growth_year": -18.62,
            "roe": 2.29,
            "roe_4q": 7.159999999999999,
            "gross_profit": 107034,
            "gross_margin": 23.39,
            "gross_margin_4q_avg": 21.89,
            "net_income": 43103,
            "net_income_4q": null,
            "revenue": 457697,
            "revenue_4q": null,
            "common_shares": 2087250,
            "book_valuer_per_share": 10.85,
            "book_valuer_per_share_4q_avg": 9.69,
            "equity": 1898589,
            "current_ratio": 131.18,
            "debt_ratio": 50.07,
            "inventory_turnover_ratio": 0.52,
            "account_receivable_turnover_ratio": 66.9,
            "reinvestment_rate": 148.1,
            "research_to_sale_ratio": null,
            "price_fair": 39.99,
            "eps_avg_yearly": 1.14,
            "eps_latest_yearly": 1,
            "eps_growth_yearly": 49.72
        },
        "20102": {
            "year_quarter": 20102,
            "year": 2010,
            "quarter": 2,
            "eps": 0.22,
            "eps_growth_year": 178.76,
            "eps_4q": 0.9,
            "eps_4q_growth_year": 31.97,
            "roe": 2.04,
            "roe_4q": 8.440000000000001,
            "gross_profit": 104796,
            "gross_margin": 23.57,
            "gross_margin_4q_avg": 22.18,
            "net_income": 39021,
            "net_income_4q": null,
            "revenue": 444616,
            "revenue_4q": null,
            "common_shares": 2087250,
            "book_valuer_per_share": 11.07,
            "book_valuer_per_share_4q_avg": 10.33,
            "equity": 1936202,
            "current_ratio": 144.86,
            "debt_ratio": 48.35,
            "inventory_turnover_ratio": 0.5,
            "account_receivable_turnover_ratio": 76.19,
            "reinvestment_rate": 136.71,
            "research_to_sale_ratio": null,
            "price_fair": 39.9,
            "eps_avg_yearly": 1.14,
            "eps_latest_yearly": 0.88,
            "eps_growth_yearly": 59.74
        },
        "20103": {
            "year_quarter": 20103,
            "year": 2010,
            "quarter": 3,
            "eps": 0.18,
            "eps_growth_year": 52.19,
            "eps_4q": 0.96,
            "eps_4q_growth_year": 103.46,
            "roe": 1.63,
            "roe_4q": 8.93,
            "gross_profit": 101522,
            "gross_margin": 24.27,
            "gross_margin_4q_avg": 22.35,
            "net_income": 31955,
            "net_income_4q": null,
            "revenue": 418224,
            "revenue_4q": null,
            "common_shares": 2087250,
            "book_valuer_per_share": 11.29,
            "book_valuer_per_share_4q_avg": 10.97,
            "equity": 1975636,
            "current_ratio": 104.94,
            "debt_ratio": 48.73,
            "inventory_turnover_ratio": 0.45,
            "account_receivable_turnover_ratio": 54.44,
            "reinvestment_rate": 88.87,
            "research_to_sale_ratio": null,
            "price_fair": 38.24,
            "eps_avg_yearly": 1.09,
            "eps_latest_yearly": 0.72,
            "eps_growth_yearly": 39.98
        },
        "20104": {
            "year_quarter": 20104,
            "year": 2010,
            "quarter": 4,
            "eps": 0.19,
            "eps_growth_year": -38.97,
            "eps_4q": 0.84,
            "eps_4q_growth_year": 23.25,
            "roe": 1.66,
            "roe_4q": 7.62,
            "gross_profit": 124095,
            "gross_margin": 17.9,
            "gross_margin_4q_avg": 22.28,
            "net_income": 33106,
            "net_income_4q": null,
            "revenue": 693177,
            "revenue_4q": null,
            "common_shares": 2087250,
            "book_valuer_per_share": 11.51,
            "book_valuer_per_share_4q_avg": 11.18,
            "equity": 2014141,
            "current_ratio": 91.36,
            "debt_ratio": 46.08,
            "inventory_turnover_ratio": 0.82,
            "account_receivable_turnover_ratio": 91.79,
            "reinvestment_rate": 91.46,
            "research_to_sale_ratio": null,
            "price_fair": 37.45,
            "eps_avg_yearly": 1.07,
            "eps_latest_yearly": 0.76,
            "eps_growth_yearly": 47.45
        },
        "20111": {
            "year_quarter": 20111,
            "year": 2011,
            "quarter": 1,
            "eps": 0.29,
            "eps_growth_year": 16,
            "eps_4q": 0.89,
            "eps_4q_growth_year": 17.59,
            "roe": 2.53,
            "roe_4q": 7.859999999999999,
            "gross_profit": 117968,
            "gross_margin": 23.48,
            "gross_margin_4q_avg": 22.31,
            "net_income": 51497,
            "net_income_4q": null,
            "revenue": 502432,
            "revenue_4q": null,
            "common_shares": 2087250,
            "book_valuer_per_share": 11.75,
            "book_valuer_per_share_4q_avg": 11.41,
            "equity": 2055545,
            "current_ratio": 97.77,
            "debt_ratio": 47.53,
            "inventory_turnover_ratio": 0.56,
            "account_receivable_turnover_ratio": 64.87,
            "reinvestment_rate": 91.94,
            "research_to_sale_ratio": null,
            "price_fair": 36.58,
            "eps_avg_yearly": 1.05,
            "eps_latest_yearly": 1.16,
            "eps_growth_yearly": 50.78
        },
        "20112": {
            "year_quarter": 20112,
            "year": 2011,
            "quarter": 2,
            "eps": 0.22,
            "eps_growth_year": 0.88,
            "eps_4q": 0.89,
            "eps_4q_growth_year": -0.86,
            "roe": 1.96,
            "roe_4q": 7.78,
            "gross_profit": 109409,
            "gross_margin": 23.03,
            "gross_margin_4q_avg": 22.17,
            "net_income": 39366,
            "net_income_4q": null,
            "revenue": 475146,
            "revenue_4q": null,
            "common_shares": 2087250,
            "book_valuer_per_share": 11.2,
            "book_valuer_per_share_4q_avg": 11.44,
            "equity": 1959239,
            "current_ratio": 95.86,
            "debt_ratio": 48.17,
            "inventory_turnover_ratio": 0.53,
            "account_receivable_turnover_ratio": 64.28,
            "reinvestment_rate": 98.48,
            "research_to_sale_ratio": null,
            "price_fair": 34.39,
            "eps_avg_yearly": 0.98,
            "eps_latest_yearly": 0.88,
            "eps_growth_yearly": 39.62
        },
        "20113": {
            "year_quarter": 20113,
            "year": 2011,
            "quarter": 3,
            "eps": 0.03,
            "eps_growth_year": -81.76,
            "eps_4q": 0.74,
            "eps_4q_growth_year": -23.07,
            "roe": 0.3,
            "roe_4q": 6.449999999999999,
            "gross_profit": 76187,
            "gross_margin": 20.02,
            "gross_margin_4q_avg": 21.11,
            "net_income": 5827,
            "net_income_4q": null,
            "revenue": 380617,
            "revenue_4q": null,
            "common_shares": 2087250,
            "book_valuer_per_share": 11.18,
            "book_valuer_per_share_4q_avg": 11.41,
            "equity": 1956557,
            "current_ratio": 93.73,
            "debt_ratio": 48.8,
            "inventory_turnover_ratio": 0.43,
            "account_receivable_turnover_ratio": 53.29,
            "reinvestment_rate": 104.09,
            "research_to_sale_ratio": null,
            "price_fair": 28.26,
            "eps_avg_yearly": 0.89,
            "eps_latest_yearly": 0.12,
            "eps_growth_yearly": 21.75
        },
        "20114": {
            "year_quarter": 20114,
            "year": 2011,
            "quarter": 4,
            "eps": 0.14,
            "eps_growth_year": -23.52,
            "eps_4q": 0.7,
            "eps_4q_growth_year": -17.1,
            "roe": 1.19,
            "roe_4q": 5.98,
            "gross_profit": 109264,
            "gross_margin": 16.42,
            "gross_margin_4q_avg": 20.74,
            "net_income": 25320,
            "net_income_4q": null,
            "revenue": 665247,
            "revenue_4q": null,
            "common_shares": 2087250,
            "book_valuer_per_share": 13.21,
            "book_valuer_per_share_4q_avg": 11.84,
            "equity": 2311220,
            "current_ratio": 103.95,
            "debt_ratio": 47.62,
            "inventory_turnover_ratio": 0.76,
            "account_receivable_turnover_ratio": 74.3,
            "reinvestment_rate": 203.23,
            "research_to_sale_ratio": null,
            "price_fair": 30.1,
            "eps_avg_yearly": 0.86,
            "eps_latest_yearly": 0.56,
            "eps_growth_yearly": 122.17
        },
        "20121": {
            "year_quarter": 20121,
            "year": 2012,
            "quarter": 1,
            "eps": 0.25,
            "eps_growth_year": -13.79,
            "eps_4q": 0.65,
            "eps_4q_growth_year": -26.66,
            "roe": 1.87,
            "roe_4q": 5.32,
            "gross_profit": 110236,
            "gross_margin": 24.18,
            "gross_margin_4q_avg": 20.91,
            "net_income": 43591,
            "net_income_4q": null,
            "revenue": 455983,
            "revenue_4q": null,
            "common_shares": 2087250,
            "book_valuer_per_share": 13.44,
            "book_valuer_per_share_4q_avg": 12.26,
            "equity": 2351555,
            "current_ratio": 103.58,
            "debt_ratio": 47.03,
            "inventory_turnover_ratio": 0.47,
            "account_receivable_turnover_ratio": 32.34,
            "reinvestment_rate": 200.89,
            "research_to_sale_ratio": null,
            "price_fair": 28.18,
            "eps_avg_yearly": 0.81,
            "eps_latest_yearly": 1,
            "eps_growth_yearly": 121.62
        },
        "20122": {
            "year_quarter": 20122,
            "year": 2012,
            "quarter": 2,
            "eps": 0.07,
            "eps_growth_year": -68.85,
            "eps_4q": 0.5,
            "eps_4q_growth_year": -44.2,
            "roe": 0.54,
            "roe_4q": 3.9,
            "gross_profit": 104351,
            "gross_margin": 23.55,
            "gross_margin_4q_avg": 21.04,
            "net_income": 12263,
            "net_income_4q": null,
            "revenue": 443020,
            "revenue_4q": null,
            "common_shares": 2087250,
            "book_valuer_per_share": 12.49,
            "book_valuer_per_share_4q_avg": 12.58,
            "equity": 2185639,
            "current_ratio": 75.43,
            "debt_ratio": 51.48,
            "inventory_turnover_ratio": 0.43,
            "account_receivable_turnover_ratio": 31.44,
            "reinvestment_rate": 218.14,
            "research_to_sale_ratio": null,
            "price_fair": 25.81,
            "eps_avg_yearly": 0.74,
            "eps_latest_yearly": 0.28,
            "eps_growth_yearly": 110.53
        },
        "20123": {
            "year_quarter": 20123,
            "year": 2012,
            "quarter": 3,
            "eps": 0.18,
            "eps_growth_year": 429.51,
            "eps_4q": 0.64,
            "eps_4q_growth_year": -13.69,
            "roe": 1.4,
            "roe_4q": 5,
            "gross_profit": 100898,
            "gross_margin": 26.09,
            "gross_margin_4q_avg": 22.56,
            "net_income": 30855,
            "net_income_4q": null,
            "revenue": 386757,
            "revenue_4q": null,
            "common_shares": 2087250,
            "book_valuer_per_share": 12.72,
            "book_valuer_per_share_4q_avg": 12.97,
            "equity": 2228033,
            "current_ratio": 91.89,
            "debt_ratio": 52.86,
            "inventory_turnover_ratio": 0.34,
            "account_receivable_turnover_ratio": 26.69,
            "reinvestment_rate": 226.62,
            "research_to_sale_ratio": null,
            "price_fair": 24.41,
            "eps_avg_yearly": 0.7,
            "eps_latest_yearly": 0.72,
            "eps_growth_yearly": 149.82
        },
        "20124": {
            "year_quarter": 20124,
            "year": 2012,
            "quarter": 4,
            "eps": 0.22,
            "eps_growth_year": 54.65,
            "eps_4q": 0.72,
            "eps_4q_growth_year": 3.16,
            "roe": 1.72,
            "roe_4q": 5.53,
            "gross_profit": 112696,
            "gross_margin": 17.92,
            "gross_margin_4q_avg": 22.94,
            "net_income": 38759,
            "net_income_4q": null,
            "revenue": 629016,
            "revenue_4q": null,
            "common_shares": 2087250,
            "book_valuer_per_share": 13,
            "book_valuer_per_share_4q_avg": 12.91,
            "equity": 2276612,
            "current_ratio": 90.75,
            "debt_ratio": 50.52,
            "inventory_turnover_ratio": 0.58,
            "account_receivable_turnover_ratio": 31.5,
            "reinvestment_rate": 217.81,
            "research_to_sale_ratio": null,
            "price_fair": 25.55,
            "eps_avg_yearly": 0.73,
            "eps_latest_yearly": 0.88,
            "eps_growth_yearly": 173.76
        },
        "20131": {
            "year_quarter": 20131,
            "year": 2013,
            "quarter": 1,
            "eps": 0.2,
            "eps_growth_year": -20,
            "eps_4q": 0.67,
            "eps_4q_growth_year": 3.16,
            "roe": 1.52,
            "roe_4q": 5.180000000000001,
            "gross_profit": 104118,
            "gross_margin": 73.46,
            "gross_margin_4q_avg": 35.26,
            "net_income": 34898,
            "net_income_4q": null,
            "revenue": 141743,
            "revenue_4q": null,
            "common_shares": 2087250,
            "book_valuer_per_share": 13.22,
            "book_valuer_per_share_4q_avg": 12.86,
            "equity": 2315950,
            "current_ratio": 86.03,
            "debt_ratio": 51.59,
            "inventory_turnover_ratio": 0.04,
            "account_receivable_turnover_ratio": 5.8,
            "reinvestment_rate": 57.33,
            "research_to_sale_ratio": null,
            "price_fair": 25.81,
            "eps_avg_yearly": 0.74,
            "eps_latest_yearly": 0.8,
            "eps_growth_yearly": 149.26
        },
        "20132": {
            "year_quarter": 20132,
            "year": 2013,
            "quarter": 2,
            "eps": 0.14,
            "eps_growth_year": 99.76,
            "eps_4q": 0.74,
            "eps_4q_growth_year": 49.46,
            "roe": 1.12,
            "roe_4q": 5.76,
            "gross_profit": 97408,
            "gross_margin": 59.64,
            "gross_margin_4q_avg": 44.28,
            "net_income": 25031,
            "net_income_4q": null,
            "revenue": 163328,
            "revenue_4q": null,
            "common_shares": 2087250,
            "book_valuer_per_share": 12.38,
            "book_valuer_per_share_4q_avg": 12.83,
            "equity": 2168408,
            "current_ratio": 82.96,
            "debt_ratio": 55.35,
            "inventory_turnover_ratio": 0.07,
            "account_receivable_turnover_ratio": 7.6,
            "reinvestment_rate": 55.52,
            "research_to_sale_ratio": null,
            "price_fair": 26.34,
            "eps_avg_yearly": 0.75,
            "eps_latest_yearly": 0.56,
            "eps_growth_yearly": 155
        },
        "20133": {
            "year_quarter": 20133,
            "year": 2013,
            "quarter": 3,
            "eps": 0.12,
            "eps_growth_year": -31.95,
            "eps_4q": 0.68,
            "eps_4q_growth_year": 6.85,
            "roe": 0.94,
            "roe_4q": 5.3,
            "gross_profit": 96580,
            "gross_margin": 71.64,
            "gross_margin_4q_avg": 55.67,
            "net_income": 20524,
            "net_income_4q": null,
            "revenue": 134816,
            "revenue_4q": null,
            "common_shares": 2087250,
            "book_valuer_per_share": 12.5,
            "book_valuer_per_share_4q_avg": 12.78,
            "equity": 2186719,
            "current_ratio": 80.59,
            "debt_ratio": 57.65,
            "inventory_turnover_ratio": 0.04,
            "account_receivable_turnover_ratio": 8.02,
            "reinvestment_rate": 49.77,
            "research_to_sale_ratio": null,
            "price_fair": 26.34,
            "eps_avg_yearly": 0.75,
            "eps_latest_yearly": 0.48,
            "eps_growth_yearly": 138.93
        },
        "20134": {
            "year_quarter": 20134,
            "year": 2013,
            "quarter": 4,
            "eps": 0.11,
            "eps_growth_year": -50.52,
            "eps_4q": 0.57,
            "eps_4q_growth_year": -20.62,
            "roe": 0.88,
            "roe_4q": 4.46,
            "gross_profit": 108689,
            "gross_margin": 48.62,
            "gross_margin_4q_avg": 63.34,
            "net_income": 19376,
            "net_income_4q": null,
            "revenue": 223536,
            "revenue_4q": null,
            "common_shares": 2087250,
            "book_valuer_per_share": 12.67,
            "book_valuer_per_share_4q_avg": 12.69,
            "equity": 2216584,
            "current_ratio": 95.32,
            "debt_ratio": 57.15,
            "inventory_turnover_ratio": 0.1,
            "account_receivable_turnover_ratio": 16.38,
            "reinvestment_rate": -204.12,
            "research_to_sale_ratio": null,
            "price_fair": 24.59,
            "eps_avg_yearly": 0.7,
            "eps_latest_yearly": 0.44,
            "eps_growth_yearly": 97.26
        },
        "20141": {
            "year_quarter": 20141,
            "year": 2014,
            "quarter": 1,
            "eps": 0.33,
            "eps_growth_year": 65,
            "eps_4q": 0.7,
            "eps_4q_growth_year": 4.06,
            "roe": 2.58,
            "roe_4q": 5.5200000000000005,
            "gross_profit": 136505,
            "gross_margin": 54.79,
            "gross_margin_4q_avg": 58.67,
            "net_income": 57998,
            "net_income_4q": null,
            "revenue": 249148,
            "revenue_4q": null,
            "common_shares": 2087250,
            "book_valuer_per_share": 12.98,
            "book_valuer_per_share_4q_avg": 12.63,
            "equity": 2271236,
            "current_ratio": 92.22,
            "debt_ratio": 55.72,
            "inventory_turnover_ratio": 0.09,
            "account_receivable_turnover_ratio": 23.83,
            "reinvestment_rate": -198.78,
            "research_to_sale_ratio": null,
            "price_fair": 25.29,
            "eps_avg_yearly": 0.72,
            "eps_latest_yearly": 1.32,
            "eps_growth_yearly": 152.1
        },
        "20142": {
            "year_quarter": 20142,
            "year": 2014,
            "quarter": 2,
            "eps": 0.35,
            "eps_growth_year": 150,
            "eps_4q": 0.91,
            "eps_4q_growth_year": 22.73,
            "roe": 2.75,
            "roe_4q": 7.15,
            "gross_profit": 150452,
            "gross_margin": 40.8,
            "gross_margin_4q_avg": 53.96,
            "net_income": 61693,
            "net_income_4q": null,
            "revenue": 368776,
            "revenue_4q": null,
            "common_shares": 2087250,
            "book_valuer_per_share": 12.69,
            "book_valuer_per_share_4q_avg": 12.71,
            "equity": 2221004,
            "current_ratio": 68.04,
            "debt_ratio": 58.04,
            "inventory_turnover_ratio": 0.2,
            "account_receivable_turnover_ratio": 32.07,
            "reinvestment_rate": -169.71,
            "research_to_sale_ratio": null,
            "price_fair": 26.43,
            "eps_avg_yearly": 0.76,
            "eps_latest_yearly": 1.4,
            "eps_growth_yearly": 156.61
        },
        "20143": {
            "year_quarter": 20143,
            "year": 2014,
            "quarter": 3,
            "eps": 0.14,
            "eps_growth_year": 16.67,
            "eps_4q": 0.93,
            "eps_4q_growth_year": 35.77,
            "roe": 1.06,
            "roe_4q": 7.2700000000000005,
            "gross_profit": 95600,
            "gross_margin": 71.88,
            "gross_margin_4q_avg": 54.02,
            "net_income": 23651,
            "net_income_4q": null,
            "revenue": 132991,
            "revenue_4q": null,
            "common_shares": 2087250,
            "book_valuer_per_share": 12.85,
            "book_valuer_per_share_4q_avg": 12.8,
            "equity": 2251687,
            "current_ratio": 71.64,
            "debt_ratio": 58.37,
            "inventory_turnover_ratio": 0.04,
            "account_receivable_turnover_ratio": 15.84,
            "reinvestment_rate": -99.31,
            "research_to_sale_ratio": null,
            "price_fair": 26.08,
            "eps_avg_yearly": 0.75,
            "eps_latest_yearly": 0.56,
            "eps_growth_yearly": 146.16
        },
        "20144": {
            "year_quarter": 20144,
            "year": 2014,
            "quarter": 4,
            "eps": 0.16,
            "eps_growth_year": 40.06,
            "eps_4q": 0.97,
            "eps_4q_growth_year": 70.44,
            "roe": 1.2,
            "roe_4q": 7.59,
            "gross_profit": 112987,
            "gross_margin": 49.18,
            "gross_margin_4q_avg": 54.16,
            "net_income": 27172,
            "net_income_4q": null,
            "revenue": 229720,
            "revenue_4q": null,
            "common_shares": 2087250,
            "book_valuer_per_share": 12.98,
            "book_valuer_per_share_4q_avg": 12.88,
            "equity": 2274881,
            "current_ratio": 69.39,
            "debt_ratio": 57.46,
            "inventory_turnover_ratio": 0.11,
            "account_receivable_turnover_ratio": 28.48,
            "reinvestment_rate": -99.99,
            "research_to_sale_ratio": null,
            "price_fair": 25.81,
            "eps_avg_yearly": 0.74,
            "eps_latest_yearly": 0.64,
            "eps_growth_yearly": 148.34
        },
        "20151": {
            "year_quarter": 20151,
            "year": 2015,
            "quarter": 1,
            "eps": 0.11,
            "eps_growth_year": -66.67,
            "eps_4q": 0.75,
            "eps_4q_growth_year": 7.49,
            "roe": 0.84,
            "roe_4q": 5.85,
            "gross_profit": 102354,
            "gross_margin": 71.87,
            "gross_margin_4q_avg": 58.43,
            "net_income": 19312,
            "net_income_4q": null,
            "revenue": 142421,
            "revenue_4q": null,
            "common_shares": 2087250,
            "book_valuer_per_share": 13.12,
            "book_valuer_per_share_4q_avg": 12.91,
            "equity": 2298493,
            "current_ratio": 57.77,
            "debt_ratio": 56.78,
            "inventory_turnover_ratio": 0.04,
            "account_receivable_turnover_ratio": 16.5,
            "reinvestment_rate": -103.34,
            "research_to_sale_ratio": null,
            "price_fair": 24.24,
            "eps_avg_yearly": 0.69,
            "eps_latest_yearly": 0.44,
            "eps_growth_yearly": 127.37
        },
        "20152": {
            "year_quarter": 20152,
            "year": 2015,
            "quarter": 2,
            "eps": 0.12,
            "eps_growth_year": -65.71,
            "eps_4q": 0.52,
            "eps_4q_growth_year": -43.17,
            "roe": 0.93,
            "roe_4q": 4.029999999999999,
            "gross_profit": 100277,
            "gross_margin": 56.99,
            "gross_margin_4q_avg": 62.48,
            "net_income": 20775,
            "net_income_4q": null,
            "revenue": 175951,
            "revenue_4q": null,
            "common_shares": 2087250,
            "book_valuer_per_share": 12.44,
            "book_valuer_per_share_4q_avg": 12.85,
            "equity": 2181836,
            "current_ratio": 68.31,
            "debt_ratio": 60.22,
            "inventory_turnover_ratio": 0.07,
            "account_receivable_turnover_ratio": 20.45,
            "reinvestment_rate": -111.7,
            "research_to_sale_ratio": null,
            "price_fair": 23.36,
            "eps_avg_yearly": 0.67,
            "eps_latest_yearly": 0.48,
            "eps_growth_yearly": 135.68
        },
        "20153": {
            "year_quarter": 20153,
            "year": 2015,
            "quarter": 3,
            "eps": 0.07,
            "eps_growth_year": -50,
            "eps_4q": 0.46,
            "eps_4q_growth_year": -50.66,
            "roe": 0.6,
            "roe_4q": 3.5700000000000003,
            "gross_profit": 91192,
            "gross_margin": 62.09,
            "gross_margin_4q_avg": 60.03,
            "net_income": 13115,
            "net_income_4q": null,
            "revenue": 146880,
            "revenue_4q": null,
            "common_shares": 2087250,
            "book_valuer_per_share": 12.47,
            "book_valuer_per_share_4q_avg": 12.75,
            "equity": 2188019,
            "current_ratio": 74.98,
            "debt_ratio": 60.37,
            "inventory_turnover_ratio": 0.05,
            "account_receivable_turnover_ratio": 7.44,
            "reinvestment_rate": -117.14,
            "research_to_sale_ratio": null,
            "price_fair": 23.71,
            "eps_avg_yearly": 0.68,
            "eps_latest_yearly": 0.28,
            "eps_growth_yearly": 146.85
        },
        "20154": {
            "year_quarter": 20154,
            "year": 2015,
            "quarter": 4,
            "eps": 0.16,
            "eps_growth_year": 0.5,
            "eps_4q": 0.46,
            "eps_4q_growth_year": -52.82,
            "roe": 1.24,
            "roe_4q": 3.61,
            "gross_profit": 108241,
            "gross_margin": 52.95,
            "gross_margin_4q_avg": 60.98,
            "net_income": 27340,
            "net_income_4q": null,
            "revenue": 204425,
            "revenue_4q": null,
            "common_shares": 2087250,
            "book_valuer_per_share": 12.6,
            "book_valuer_per_share_4q_avg": 12.66,
            "equity": 2210892,
            "current_ratio": 83.69,
            "debt_ratio": 60.16,
            "inventory_turnover_ratio": 0.09,
            "account_receivable_turnover_ratio": 9.82,
            "reinvestment_rate": -237.36,
            "research_to_sale_ratio": null,
            "price_fair": 23.89,
            "eps_avg_yearly": 0.68,
            "eps_latest_yearly": 0.64,
            "eps_growth_yearly": 87.33
        },
        "20161": {
            "year_quarter": 20161,
            "year": 2016,
            "quarter": 1,
            "eps": 0.04,
            "eps_growth_year": -63.64,
            "eps_4q": 0.39,
            "eps_4q_growth_year": -47.96,
            "roe": 0.34,
            "roe_4q": 3.1100000000000003,
            "gross_profit": 97778,
            "gross_margin": 67.42,
            "gross_margin_4q_avg": 59.86,
            "net_income": 7448,
            "net_income_4q": null,
            "revenue": 145023,
            "revenue_4q": null,
            "common_shares": 2087250,
            "book_valuer_per_share": 12.63,
            "book_valuer_per_share_4q_avg": 12.54,
            "equity": 2215338,
            "current_ratio": 86.29,
            "debt_ratio": 60.36,
            "inventory_turnover_ratio": 0.04,
            "account_receivable_turnover_ratio": 13.6,
            "reinvestment_rate": -236.23,
            "research_to_sale_ratio": null,
            "price_fair": 22.05,
            "eps_avg_yearly": 0.63,
            "eps_latest_yearly": 0.16,
            "eps_growth_yearly": 48.94
        },
        "20162": {
            "year_quarter": 20162,
            "year": 2016,
            "quarter": 2,
            "eps": 0.01,
            "eps_growth_year": -91.67,
            "eps_4q": 0.29,
            "eps_4q_growth_year": -44.8,
            "roe": 0.1,
            "roe_4q": 2.2800000000000002,
            "gross_profit": 96640,
            "gross_margin": 54.28,
            "gross_margin_4q_avg": 59.19,
            "net_income": 2282,
            "net_income_4q": null,
            "revenue": 178050,
            "revenue_4q": null,
            "common_shares": 2087250,
            "book_valuer_per_share": 12.67,
            "book_valuer_per_share_4q_avg": 12.59,
            "equity": 2221903,
            "current_ratio": 54.65,
            "debt_ratio": 59.47,
            "inventory_turnover_ratio": 0.07,
            "account_receivable_turnover_ratio": 18.18,
            "reinvestment_rate": -258.31,
            "research_to_sale_ratio": null,
            "price_fair": 21.53,
            "eps_avg_yearly": 0.62,
            "eps_latest_yearly": 0.04,
            "eps_growth_yearly": 48.19
        },
        "20163": {
            "year_quarter": 20163,
            "year": 2016,
            "quarter": 3,
            "eps": 0.16,
            "eps_growth_year": 128.57,
            "eps_4q": 0.37,
            "eps_4q_growth_year": -19.97,
            "roe": 1.22,
            "roe_4q": 2.9000000000000004,
            "gross_profit": 90314,
            "gross_margin": 70.5,
            "gross_margin_4q_avg": 61.29,
            "net_income": 27252,
            "net_income_4q": null,
            "revenue": 128100,
            "revenue_4q": null,
            "common_shares": 2087250,
            "book_valuer_per_share": 12.86,
            "book_valuer_per_share_4q_avg": 12.69,
            "equity": 2254985,
            "current_ratio": 59.83,
            "debt_ratio": 59.89,
            "inventory_turnover_ratio": 0.03,
            "account_receivable_turnover_ratio": 12.33,
            "reinvestment_rate": -258.88,
            "research_to_sale_ratio": null,
            "price_fair": 21.35,
            "eps_avg_yearly": 0.61,
            "eps_latest_yearly": 0.64,
            "eps_growth_yearly": 383.9
        },
        "20164": {
            "year_quarter": 20164,
            "year": 2016,
            "quarter": 4,
            "eps": -0,
            "eps_growth_year": -101.52,
            "eps_4q": 0.21,
            "eps_4q_growth_year": -54.6,
            "roe": -0.02,
            "roe_4q": 1.6400000000000001,
            "gross_profit": 109471,
            "gross_margin": 51.02,
            "gross_margin_4q_avg": 60.81,
            "net_income": -416,
            "net_income_4q": null,
            "revenue": 214583,
            "revenue_4q": null,
            "common_shares": 2087250,
            "book_valuer_per_share": 12.9,
            "book_valuer_per_share_4q_avg": 12.77,
            "equity": 2263557,
            "current_ratio": 61.19,
            "debt_ratio": 59.72,
            "inventory_turnover_ratio": 0.09,
            "account_receivable_turnover_ratio": 13.25,
            "reinvestment_rate": -288.46,
            "research_to_sale_ratio": null,
            "price_fair": 20.72,
            "eps_avg_yearly": 0.59,
            "eps_latest_yearly": 0.64,
            "eps_growth_yearly": 403.57
        },
        "20171": {
            "year_quarter": 20171,
            "year": 2017,
            "quarter": 1,
            "eps": 0.09,
            "eps_growth_year": 125,
            "eps_4q": 0.25,
            "eps_4q_growth_year": -35.17,
            "roe": 0.68,
            "roe_4q": 1.98,
            "gross_profit": 82824,
            "gross_margin": 76.94,
            "gross_margin_4q_avg": 63.19,
            "net_income": 15403,
            "net_income_4q": null,
            "revenue": 107652,
            "revenue_4q": null,
            "common_shares": 2087250,
            "book_valuer_per_share": 12.94,
            "book_valuer_per_share_4q_avg": 12.84,
            "equity": 2269884,
            "current_ratio": 61.14,
            "debt_ratio": 59.83,
            "inventory_turnover_ratio": 0.02,
            "account_receivable_turnover_ratio": 4.84,
            "reinvestment_rate": -84.68,
            "research_to_sale_ratio": null,
            "price_fair": 20.2,
            "eps_avg_yearly": 0.58,
            "eps_latest_yearly": 0.64,
            "eps_growth_yearly": 434.99
        },
        "20172": {
            "year_quarter": 20172,
            "year": 2017,
            "quarter": 2,
            "eps": 0.16,
            "eps_growth_year": 1500,
            "eps_4q": 0.4,
            "eps_4q_growth_year": 39.68,
            "roe": 1.24,
            "roe_4q": 3.12,
            "gross_profit": 53127,
            "gross_margin": 82.92,
            "gross_margin_4q_avg": 70.35,
            "net_income": 27861,
            "net_income_4q": null,
            "revenue": 64069,
            "revenue_4q": null,
            "common_shares": 2087250,
            "book_valuer_per_share": 12.64,
            "book_valuer_per_share_4q_avg": 12.84,
            "equity": 2216430,
            "current_ratio": 57.43,
            "debt_ratio": 61.98,
            "inventory_turnover_ratio": 0.01,
            "account_receivable_turnover_ratio": 4.32,
            "reinvestment_rate": -54.83,
            "research_to_sale_ratio": null,
            "price_fair": 20.4,
            "eps_avg_yearly": 0.58,
            "eps_latest_yearly": 0.64,
            "eps_growth_yearly": 465.79
        },
        "20173": {
            "year_quarter": 20173,
            "year": 2017,
            "quarter": 3,
            "eps": 0.08,
            "eps_growth_year": -50,
            "eps_4q": 0.33,
            "eps_4q_growth_year": -10.9,
            "roe": 0.65,
            "roe_4q": 2.5500000000000003,
            "gross_profit": 46970,
            "gross_margin": 88.8,
            "gross_margin_4q_avg": 74.92,
            "net_income": 14466,
            "net_income_4q": null,
            "revenue": 52896,
            "revenue_4q": null,
            "common_shares": 2087250,
            "book_valuer_per_share": 12.69,
            "book_valuer_per_share_4q_avg": 12.79,
            "equity": 2225069,
            "current_ratio": 107.59,
            "debt_ratio": 61.65,
            "inventory_turnover_ratio": 0,
            "account_receivable_turnover_ratio": 9.83,
            "reinvestment_rate": -70.15,
            "research_to_sale_ratio": null,
            "price_fair": 20,
            "eps_avg_yearly": 0.57,
            "eps_latest_yearly": 0.32,
            "eps_growth_yearly": 455.58
        },
        "20174": {
            "year_quarter": 20174,
            "year": 2017,
            "quarter": 4,
            "eps": -0.18,
            "eps_growth_year": null,
            "eps_4q": 0.15,
            "eps_4q_growth_year": -29,
            "roe": -1.44,
            "roe_4q": 1.1300000000000001,
            "gross_profit": 51379,
            "gross_margin": 89.46,
            "gross_margin_4q_avg": 84.53,
            "net_income": -31767,
            "net_income_4q": null,
            "revenue": 57432,
            "revenue_4q": null,
            "common_shares": 2087250,
            "book_valuer_per_share": 12.53,
            "book_valuer_per_share_4q_avg": 12.7,
            "equity": 2197279,
            "current_ratio": 104.76,
            "debt_ratio": 61.97,
            "inventory_turnover_ratio": 0.01,
            "account_receivable_turnover_ratio": 9.81,
            "reinvestment_rate": -70.57,
            "research_to_sale_ratio": null,
            "price_fair": 20.35,
            "eps_avg_yearly": 0.58,
            "eps_latest_yearly": 0.32,
            "eps_growth_yearly": 493.19
        },
        "20181": {
            "year_quarter": 20181,
            "year": 2018,
            "quarter": 1,
            "eps": 0.18,
            "eps_growth_year": 100,
            "eps_4q": 0.24,
            "eps_4q_growth_year": -4.81,
            "roe": 1.44,
            "roe_4q": 1.8900000000000001,
            "gross_profit": 76258,
            "gross_margin": 62.7,
            "gross_margin_4q_avg": 80.97,
            "net_income": 31818,
            "net_income_4q": null,
            "revenue": 121629,
            "revenue_4q": null,
            "common_shares": 2087250,
            "book_valuer_per_share": 12.74,
            "book_valuer_per_share_4q_avg": 12.65,
            "equity": 2233955,
            "current_ratio": 79.19,
            "debt_ratio": 62.36,
            "inventory_turnover_ratio": 0.04,
            "account_receivable_turnover_ratio": 20.27,
            "reinvestment_rate": -51.92,
            "research_to_sale_ratio": null,
            "price_fair": 18.2,
            "eps_avg_yearly": 0.52,
            "eps_latest_yearly": 0.32,
            "eps_growth_yearly": 467.62
        },
        "20182": {
            "year_quarter": 20182,
            "year": 2018,
            "quarter": 2,
            "eps": 0.16,
            "eps_growth_year": 0,
            "eps_4q": 0.24,
            "eps_4q_growth_year": -38.82,
            "roe": 1.26,
            "roe_4q": 1.9100000000000001,
            "gross_profit": 59814,
            "gross_margin": 60.24,
            "gross_margin_4q_avg": 75.3,
            "net_income": 28367,
            "net_income_4q": null,
            "revenue": 99287,
            "revenue_4q": null,
            "common_shares": 2087250,
            "book_valuer_per_share": 12.9,
            "book_valuer_per_share_4q_avg": 12.72,
            "equity": 2263470,
            "current_ratio": 106.95,
            "debt_ratio": 63.06,
            "inventory_turnover_ratio": 0.03,
            "account_receivable_turnover_ratio": 19.26,
            "reinvestment_rate": -12.92,
            "research_to_sale_ratio": null,
            "price_fair": 15.98,
            "eps_avg_yearly": 0.46,
            "eps_latest_yearly": 0.64,
            "eps_growth_yearly": 461.9
        },
        "20183": {
            "year_quarter": 20183,
            "year": 2018,
            "quarter": 3,
            "eps": 0.08,
            "eps_growth_year": 0,
            "eps_4q": 0.24,
            "eps_4q_growth_year": -25.14,
            "roe": 0.64,
            "roe_4q": 1.9,
            "gross_profit": 59635,
            "gross_margin": 76.58,
            "gross_margin_4q_avg": 72.25,
            "net_income": 14490,
            "net_income_4q": null,
            "revenue": 77875,
            "revenue_4q": null,
            "common_shares": 2087250,
            "book_valuer_per_share": 13,
            "book_valuer_per_share_4q_avg": 12.79,
            "equity": 2280740,
            "current_ratio": 78.6,
            "debt_ratio": 65.64,
            "inventory_turnover_ratio": 0.02,
            "account_receivable_turnover_ratio": 7.35,
            "reinvestment_rate": 213.01,
            "research_to_sale_ratio": null,
            "price_fair": 15.28,
            "eps_avg_yearly": 0.44,
            "eps_latest_yearly": 0.32,
            "eps_growth_yearly": 465.23
        },
        "20184": {
            "year_quarter": 20184,
            "year": 2018,
            "quarter": 4,
            "eps": 0.09,
            "eps_growth_year": null,
            "eps_4q": 0.51,
            "eps_4q_growth_year": 247.05,
            "roe": 0.68,
            "roe_4q": 4.02,
            "gross_profit": 102791,
            "gross_margin": 74.87,
            "gross_margin_4q_avg": 68.6,
            "net_income": 15429,
            "net_income_4q": null,
            "revenue": 137295,
            "revenue_4q": null,
            "common_shares": 2087250,
            "book_valuer_per_share": 12.83,
            "book_valuer_per_share_4q_avg": 12.87,
            "equity": 2250600,
            "current_ratio": 79.09,
            "debt_ratio": 65.88,
            "inventory_turnover_ratio": 0.03,
            "account_receivable_turnover_ratio": 7.77,
            "reinvestment_rate": 221.89,
            "research_to_sale_ratio": null,
            "price_fair": 14.47,
            "eps_avg_yearly": 0.41,
            "eps_latest_yearly": 0.36,
            "eps_growth_yearly": 464.64
        },
        "20191": {
            "year_quarter": 20191,
            "year": 2019,
            "quarter": 1,
            "eps": 0.28,
            "eps_growth_year": 55.56,
            "eps_4q": 0.61,
            "eps_4q_growth_year": 151.59,
            "roe": 2.12,
            "roe_4q": 4.7,
            "gross_profit": 85784,
            "gross_margin": 82.93,
            "gross_margin_4q_avg": 73.66,
            "net_income": 48331,
            "net_income_4q": null,
            "revenue": 103446,
            "revenue_4q": null,
            "common_shares": 2087250,
            "book_valuer_per_share": 13.14,
            "book_valuer_per_share_4q_avg": 12.97,
            "equity": 2304501,
            "current_ratio": 87.47,
            "debt_ratio": 64.67,
            "inventory_turnover_ratio": 0.02,
            "account_receivable_turnover_ratio": 6.64,
            "reinvestment_rate": 196.12,
            "research_to_sale_ratio": null,
            "price_fair": 16.45,
            "eps_avg_yearly": 0.47,
            "eps_latest_yearly": 1.12,
            "eps_growth_yearly": 545.42
        },
        "20192": {
            "year_quarter": 20192,
            "year": 2019,
            "quarter": 2,
            "eps": 0.05,
            "eps_growth_year": -68.75,
            "eps_4q": 0.5,
            "eps_4q_growth_year": 104.72,
            "roe": 0.41,
            "roe_4q": 3.8500000000000005,
            "gross_profit": 40937,
            "gross_margin": 24.51,
            "gross_margin_4q_avg": 64.72,
            "net_income": 9541,
            "net_income_4q": null,
            "revenue": 167033,
            "revenue_4q": null,
            "common_shares": 2087250,
            "book_valuer_per_share": 13.19,
            "book_valuer_per_share_4q_avg": 13.04,
            "equity": 2313559,
            "current_ratio": 91.97,
            "debt_ratio": 63.88,
            "inventory_turnover_ratio": 0.11,
            "account_receivable_turnover_ratio": 14.13,
            "reinvestment_rate": 207.55,
            "research_to_sale_ratio": null,
            "price_fair": 15.63,
            "eps_avg_yearly": 0.45,
            "eps_latest_yearly": 0.2,
            "eps_growth_yearly": 515.01
        },
        "20193": {
            "year_quarter": 20193,
            "year": 2019,
            "quarter": 3,
            "eps": 0.1,
            "eps_growth_year": 25,
            "eps_4q": 0.52,
            "eps_4q_growth_year": 112.46,
            "roe": 0.77,
            "roe_4q": 3.98,
            "gross_profit": 90131,
            "gross_margin": 66.82,
            "gross_margin_4q_avg": 62.28,
            "net_income": 17861,
            "net_income_4q": null,
            "revenue": 134890,
            "revenue_4q": null,
            "common_shares": 2087250,
            "book_valuer_per_share": 13.29,
            "book_valuer_per_share_4q_avg": 13.11,
            "equity": 2331057,
            "current_ratio": 52.92,
            "debt_ratio": 63.43,
            "inventory_turnover_ratio": 0.04,
            "account_receivable_turnover_ratio": 11.54,
            "reinvestment_rate": 231.39,
            "research_to_sale_ratio": null,
            "price_fair": 15.98,
            "eps_avg_yearly": 0.46,
            "eps_latest_yearly": 0.4,
            "eps_growth_yearly": 562.24
        },
        "20194": {
            "year_quarter": 20194,
            "year": 2019,
            "quarter": 4,
            "eps": 0.21,
            "eps_growth_year": 133.66,
            "eps_4q": 0.64,
            "eps_4q_growth_year": 24.06,
            "roe": 1.53,
            "roe_4q": 4.83,
            "gross_profit": 90766,
            "gross_margin": 42.16,
            "gross_margin_4q_avg": 54.11,
            "net_income": 36052,
            "net_income_4q": null,
            "revenue": 215274,
            "revenue_4q": null,
            "common_shares": 2087250,
            "book_valuer_per_share": 13.53,
            "book_valuer_per_share_4q_avg": 13.29,
            "equity": 2373563,
            "current_ratio": 91.78,
            "debt_ratio": 62.29,
            "inventory_turnover_ratio": 0.13,
            "account_receivable_turnover_ratio": 24.41,
            "reinvestment_rate": 227.01,
            "research_to_sale_ratio": null,
            "price_fair": 16.57,
            "eps_avg_yearly": 0.47,
            "eps_latest_yearly": 0.84,
            "eps_growth_yearly": 556.04
        },
        "20201": {
            "year_quarter": 20201,
            "year": 2020,
            "quarter": 1,
            "eps": -0.05,
            "eps_growth_year": -117.86,
            "eps_4q": 0.31,
            "eps_4q_growth_year": -48.31,
            "roe": -0.36,
            "roe_4q": 2.35,
            "gross_profit": 88303,
            "gross_margin": 70.89,
            "gross_margin_4q_avg": 51.1,
            "net_income": -8345,
            "net_income_4q": null,
            "revenue": 124560,
            "revenue_4q": null,
            "common_shares": 2087250,
            "book_valuer_per_share": 12.59,
            "book_valuer_per_share_4q_avg": 13.15,
            "equity": 2208423,
            "current_ratio": 76.96,
            "debt_ratio": 64.41,
            "inventory_turnover_ratio": 0.04,
            "account_receivable_turnover_ratio": 27.03,
            "reinvestment_rate": 230.57,
            "research_to_sale_ratio": null,
            "price_fair": 17.56,
            "eps_avg_yearly": 0.5,
            "eps_latest_yearly": 0.84,
            "eps_growth_yearly": 633.87
        },
        "20202": {
            "year_quarter": 20202,
            "year": 2020,
            "quarter": 2,
            "eps": 0.2,
            "eps_growth_year": 300,
            "eps_4q": 0.46,
            "eps_4q_growth_year": -8.46,
            "roe": 1.55,
            "roe_4q": 3.4899999999999998,
            "gross_profit": 78906,
            "gross_margin": 76.7,
            "gross_margin_4q_avg": 64.14,
            "net_income": 34797,
            "net_income_4q": null,
            "revenue": 102875,
            "revenue_4q": null,
            "common_shares": 2087250,
            "book_valuer_per_share": 12.94,
            "book_valuer_per_share_4q_avg": 13.09,
            "equity": 2269809,
            "current_ratio": 84.91,
            "debt_ratio": 63.42,
            "inventory_turnover_ratio": 0.03,
            "account_receivable_turnover_ratio": 21.97,
            "reinvestment_rate": 226.41,
            "research_to_sale_ratio": null,
            "price_fair": 19.18,
            "eps_avg_yearly": 0.55,
            "eps_latest_yearly": 0.84,
            "eps_growth_yearly": 727.25
        },
        "20203": {
            "year_quarter": 20203,
            "year": 2020,
            "quarter": 3,
            "eps": 0.21,
            "eps_growth_year": 110,
            "eps_4q": 0.57,
            "eps_4q_growth_year": 8.8,
            "roe": 1.6,
            "roe_4q": 4.32,
            "gross_profit": 102899,
            "gross_margin": 77.51,
            "gross_margin_4q_avg": 66.82,
            "net_income": 36682,
            "net_income_4q": null,
            "revenue": 132763,
            "revenue_4q": null,
            "common_shares": 2087250,
            "book_valuer_per_share": 13.14,
            "book_valuer_per_share_4q_avg": 13.05,
            "equity": 2304678,
            "current_ratio": 98.13,
            "debt_ratio": 62.89,
            "inventory_turnover_ratio": 0.03,
            "account_receivable_turnover_ratio": 21.21,
            "reinvestment_rate": 219.38,
            "research_to_sale_ratio": null,
            "price_fair": 19.88,
            "eps_avg_yearly": 0.57,
            "eps_latest_yearly": 0.84,
            "eps_growth_yearly": 129.25
        },
        "20204": {
            "year_quarter": 20204,
            "year": 2020,
            "quarter": 4,
            "eps": 0.29,
            "eps_growth_year": 41.53,
            "eps_4q": 0.65,
            "eps_4q_growth_year": 2.12,
            "roe": 2.19,
            "roe_4q": 4.9799999999999995,
            "gross_profit": 94321,
            "gross_margin": 48.56,
            "gross_margin_4q_avg": 68.42,
            "net_income": 51025,
            "net_income_4q": null,
            "revenue": 194242,
            "revenue_4q": null,
            "common_shares": 2087250,
            "book_valuer_per_share": 13.47,
            "book_valuer_per_share_4q_avg": 13.04,
            "equity": 2363033,
            "current_ratio": 100.69,
            "debt_ratio": 62.25,
            "inventory_turnover_ratio": 0.11,
            "account_receivable_turnover_ratio": 29.07,
            "reinvestment_rate": 198.52,
            "research_to_sale_ratio": null,
            "price_fair": 21.76,
            "eps_avg_yearly": 0.62,
            "eps_latest_yearly": 1.16,
            "eps_growth_yearly": 131.36
        },
        "20211": {
            "year_quarter": 20211,
            "year": 2021,
            "quarter": 1,
            "eps": 0.21,
            "eps_growth_year": null,
            "eps_4q": 0.91,
            "eps_4q_growth_year": 189.83,
            "roe": 1.61,
            "roe_4q": 6.95,
            "gross_profit": 80721,
            "gross_margin": 39.48,
            "gross_margin_4q_avg": 60.56,
            "net_income": 37217,
            "net_income_4q": null,
            "revenue": 204468,
            "revenue_4q": null,
            "common_shares": 2087250,
            "book_valuer_per_share": 12.95,
            "book_valuer_per_share_4q_avg": 13.13,
            "equity": 2270625,
            "current_ratio": 100.11,
            "debt_ratio": 63.11,
            "inventory_turnover_ratio": 0.15,
            "account_receivable_turnover_ratio": 39.2,
            "reinvestment_rate": 180.2,
            "research_to_sale_ratio": null,
            "price_fair": 22.4,
            "eps_avg_yearly": 0.64,
            "eps_latest_yearly": 0.84,
            "eps_growth_yearly": 111.21
        },
        "20212": {
            "year_quarter": 20212,
            "year": 2021,
            "quarter": 2,
            "eps": 0.12,
            "eps_growth_year": -40,
            "eps_4q": 0.83,
            "eps_4q_growth_year": 80.2,
            "roe": 0.87,
            "roe_4q": 6.27,
            "gross_profit": 73690,
            "gross_margin": 81.46,
            "gross_margin_4q_avg": 61.75,
            "net_income": 19897,
            "net_income_4q": null,
            "revenue": 90459,
            "revenue_4q": null,
            "common_shares": 2087250,
            "book_valuer_per_share": 13.14,
            "book_valuer_per_share_4q_avg": 13.18,
            "equity": 2305499,
            "current_ratio": 104.11,
            "debt_ratio": 61,
            "inventory_turnover_ratio": 0.02,
            "account_receivable_turnover_ratio": 19.71,
            "reinvestment_rate": 152.96,
            "research_to_sale_ratio": null,
            "price_fair": 21.93,
            "eps_avg_yearly": 0.63,
            "eps_latest_yearly": 0.48,
            "eps_growth_yearly": 71
        },
        "20213": {
            "year_quarter": 20213,
            "year": 2021,
            "quarter": 3,
            "eps": 0.16,
            "eps_growth_year": -23.81,
            "eps_4q": 0.78,
            "eps_4q_growth_year": 37.35,
            "roe": 1.21,
            "roe_4q": 5.880000000000001,
            "gross_profit": 77391,
            "gross_margin": 64.2,
            "gross_margin_4q_avg": 58.43,
            "net_income": 28096,
            "net_income_4q": null,
            "revenue": 120555,
            "revenue_4q": null,
            "common_shares": 2087250,
            "book_valuer_per_share": 13.31,
            "book_valuer_per_share_4q_avg": 13.22,
            "equity": 2334804,
            "current_ratio": 84.32,
            "debt_ratio": 60.55,
            "inventory_turnover_ratio": 0.06,
            "account_receivable_turnover_ratio": 20.66,
            "reinvestment_rate": 159,
            "research_to_sale_ratio": null,
            "price_fair": 22.87,
            "eps_avg_yearly": 0.65,
            "eps_latest_yearly": 0.64,
            "eps_growth_yearly": 98.78
        },
        "20214": {
            "year_quarter": 20214,
            "year": 2021,
            "quarter": 4,
            "eps": 0.32,
            "eps_growth_year": 8.74,
            "eps_4q": 0.8,
            "eps_4q_growth_year": 23.24,
            "roe": 2.35,
            "roe_4q": 6.04,
            "gross_profit": 90887,
            "gross_margin": 80.35,
            "gross_margin_4q_avg": 66.37,
            "net_income": 55485,
            "net_income_4q": null,
            "revenue": 113113,
            "revenue_4q": null,
            "common_shares": 2087250,
            "book_valuer_per_share": 13.67,
            "book_valuer_per_share_4q_avg": 13.27,
            "equity": 2396973,
            "current_ratio": 114.09,
            "debt_ratio": 60.19,
            "inventory_turnover_ratio": 0.03,
            "account_receivable_turnover_ratio": 11.2,
            "reinvestment_rate": 121.01,
            "research_to_sale_ratio": null,
            "price_fair": 24.55,
            "eps_avg_yearly": 0.7,
            "eps_latest_yearly": 1.28,
            "eps_growth_yearly": 121.95
        },
        "20221": {
            "year_quarter": 20221,
            "year": 2022,
            "quarter": 1,
            "eps": 0.05,
            "eps_growth_year": -76.19,
            "eps_4q": 0.64,
            "eps_4q_growth_year": -29.5,
            "roe": 0.39,
            "roe_4q": 4.82,
            "gross_profit": 80595,
            "gross_margin": 42.72,
            "gross_margin_4q_avg": 67.18,
            "net_income": 9125,
            "net_income_4q": null,
            "revenue": 188677,
            "revenue_4q": null,
            "common_shares": 2087250,
            "book_valuer_per_share": 13.06,
            "book_valuer_per_share_4q_avg": 13.3,
            "equity": 2291220,
            "current_ratio": 103.14,
            "debt_ratio": 60.58,
            "inventory_turnover_ratio": 0.15,
            "account_receivable_turnover_ratio": 17.39,
            "reinvestment_rate": 105.55,
            "research_to_sale_ratio": null,
            "price_fair": 23.3,
            "eps_avg_yearly": 0.67,
            "eps_latest_yearly": 0.2,
            "eps_growth_yearly": 89.13
        },
        "20222": {
            "year_quarter": 20222,
            "year": 2022,
            "quarter": 2,
            "eps": 0.09,
            "eps_growth_year": -25,
            "eps_4q": 0.62,
            "eps_4q_growth_year": -24.49,
            "roe": 0.72,
            "roe_4q": 4.67,
            "gross_profit": 85195,
            "gross_margin": 72.05,
            "gross_margin_4q_avg": 64.83,
            "net_income": 16644,
            "net_income_4q": null,
            "revenue": 118252,
            "revenue_4q": null,
            "common_shares": 2087250,
            "book_valuer_per_share": 13.21,
            "book_valuer_per_share_4q_avg": 13.31,
            "equity": 2316848,
            "current_ratio": 84.79,
            "debt_ratio": 59.95,
            "inventory_turnover_ratio": 0.05,
            "account_receivable_turnover_ratio": 15.12,
            "reinvestment_rate": 75.89,
            "research_to_sale_ratio": null,
            "price_fair": 22.6,
            "eps_avg_yearly": 0.65,
            "eps_latest_yearly": 0.36,
            "eps_growth_yearly": 115.17
        },
        "20223": {
            "year_quarter": 20223,
            "year": 2022,
            "quarter": 3,
            "eps": 0.2,
            "eps_growth_year": 25,
            "eps_4q": 0.66,
            "eps_4q_growth_year": -14.44,
            "roe": 1.51,
            "roe_4q": 4.970000000000001,
            "gross_profit": 95817,
            "gross_margin": 45.36,
            "gross_margin_4q_avg": 60.12,
            "net_income": 35307,
            "net_income_4q": null,
            "revenue": 211221,
            "revenue_4q": null,
            "common_shares": 2087250,
            "book_valuer_per_share": 13.4,
            "book_valuer_per_share_4q_avg": 13.34,
            "equity": 2350885,
            "current_ratio": 93.93,
            "debt_ratio": 58.97,
            "inventory_turnover_ratio": 0.19,
            "account_receivable_turnover_ratio": 22.35,
            "reinvestment_rate": -44.08,
            "research_to_sale_ratio": null,
            "price_fair": 23.8,
            "eps_avg_yearly": 0.68,
            "eps_latest_yearly": 0.8,
            "eps_growth_yearly": 164.37
        },
        "20224": {
            "year_quarter": 20224,
            "year": 2022,
            "quarter": 4,
            "eps": 0.2,
            "eps_growth_year": -36.35,
            "eps_4q": 0.55,
            "eps_4q_growth_year": -31.49,
            "roe": 1.49,
            "roe_4q": 4.109999999999999,
            "gross_profit": 89845,
            "gross_margin": 46.35,
            "gross_margin_4q_avg": 51.62,
            "net_income": 35319,
            "net_income_4q": null,
            "revenue": 193820,
            "revenue_4q": null,
            "common_shares": 2087250,
            "book_valuer_per_share": 13.61,
            "book_valuer_per_share_4q_avg": 13.32,
            "equity": 2387940,
            "current_ratio": 93.5,
            "debt_ratio": 58.11,
            "inventory_turnover_ratio": 0.21,
            "account_receivable_turnover_ratio": 16.73,
            "reinvestment_rate": -33.73,
            "research_to_sale_ratio": null,
            "price_fair": 24.9,
            "eps_avg_yearly": 0.71,
            "eps_latest_yearly": 0.8,
            "eps_growth_yearly": 160.8
        },
        "20231": {
            "year_quarter": 20231,
            "year": 2023,
            "quarter": 1,
            "eps": 0.32,
            "eps_growth_year": 540,
            "eps_4q": 0.82,
            "eps_4q_growth_year": 27.59,
            "roe": 2.33,
            "roe_4q": 6.05,
            "gross_profit": 99633,
            "gross_margin": 87.3,
            "gross_margin_4q_avg": 62.77,
            "net_income": 56398,
            "net_income_4q": null,
            "revenue": 114123,
            "revenue_4q": null,
            "common_shares": 2087250,
            "book_valuer_per_share": 13.94,
            "book_valuer_per_share_4q_avg": 13.54,
            "equity": 2444825,
            "current_ratio": 99.75,
            "debt_ratio": 56.88,
            "inventory_turnover_ratio": 0.03,
            "account_receivable_turnover_ratio": 11.91,
            "reinvestment_rate": -33.91,
            "research_to_sale_ratio": null,
            "price_fair": 25.3,
            "eps_avg_yearly": 0.72,
            "eps_latest_yearly": 1.28,
            "eps_growth_yearly": 117.63
        },
        "20232": {
            "year_quarter": 20232,
            "year": 2023,
            "quarter": 2,
            "eps": 0.23,
            "eps_growth_year": 155.56,
            "eps_4q": 0.95,
            "eps_4q_growth_year": 52.35,
            "roe": 1.61,
            "roe_4q": 6.94,
            "gross_profit": 97936,
            "gross_margin": 52.68,
            "gross_margin_4q_avg": 57.92,
            "net_income": 39573,
            "net_income_4q": null,
            "revenue": 185916,
            "revenue_4q": null,
            "common_shares": 2087250,
            "book_valuer_per_share": 14.17,
            "book_valuer_per_share_4q_avg": 13.78,
            "equity": 2485130,
            "current_ratio": 118.26,
            "debt_ratio": 55.96,
            "inventory_turnover_ratio": 0.21,
            "account_receivable_turnover_ratio": 25.34,
            "reinvestment_rate": -32.41,
            "research_to_sale_ratio": null,
            "price_fair": 27.1,
            "eps_avg_yearly": 0.77,
            "eps_latest_yearly": 0.92,
            "eps_growth_yearly": 133.06
        },
        "20233": {
            "year_quarter": 20233,
            "year": 2023,
            "quarter": 3,
            "eps": 0.26,
            "eps_growth_year": 30,
            "eps_4q": 1.01,
            "eps_4q_growth_year": 51.86,
            "roe": 1.83,
            "roe_4q": 7.260000000000001,
            "gross_profit": 104556,
            "gross_margin": 85.86,
            "gross_margin_4q_avg": 68.05,
            "net_income": 45722,
            "net_income_4q": null,
            "revenue": 121772,
            "revenue_4q": null,
            "common_shares": 1754030,
            "book_valuer_per_share": 14.39,
            "book_valuer_per_share_4q_avg": 14.03,
            "equity": 2524352,
            "current_ratio": 121.96,
            "debt_ratio": 55.56,
            "inventory_turnover_ratio": 0.04,
            "account_receivable_turnover_ratio": 7.67,
            "reinvestment_rate": -34.65,
            "research_to_sale_ratio": null,
            "price_fair": 28.7,
            "eps_avg_yearly": 0.82,
            "eps_latest_yearly": 1.04,
            "eps_growth_yearly": 108.21
        },
        "20234": {
            "year_quarter": 20234,
            "year": 2023,
            "quarter": 4,
            "eps": 0.36,
            "eps_growth_year": 78.99,
            "eps_4q": 1.17,
            "eps_4q_growth_year": 112.57,
            "roe": 2.47,
            "roe_4q": 8.240000000000002,
            "gross_profit": 97597,
            "gross_margin": 37.21,
            "gross_margin_4q_avg": 65.76,
            "net_income": 63216,
            "net_income_4q": null,
            "revenue": 262268,
            "revenue_4q": null,
            "common_shares": 1754030,
            "book_valuer_per_share": 14.77,
            "book_valuer_per_share_4q_avg": 14.32,
            "equity": 2590058,
            "current_ratio": 116.03,
            "debt_ratio": 53.7,
            "inventory_turnover_ratio": 0.52,
            "account_receivable_turnover_ratio": 12.67,
            "reinvestment_rate": -36.22,
            "research_to_sale_ratio": null,
            "price_fair": 30.2,
            "eps_avg_yearly": 0.86,
            "eps_latest_yearly": 1.44,
            "eps_growth_yearly": 87.77
        }
    },
    "months": {
        "2001-06": {
            "month": "2001-06",
            "price": "39.04",
            "revenue": 191785
        },
        "2001-07": {
            "month": "2001-07",
            "price": "39.56",
            "revenue": 200640
        },
        "2001-08": {
            "month": "2001-08",
            "price": "38.78",
            "revenue": 203822
        },
        "2001-09": {
            "month": "2001-09",
            "price": "38.80",
            "revenue": 166675
        },
        "2001-10": {
            "month": "2001-10",
            "price": "36.75",
            "revenue": 156948
        },
        "2001-11": {
            "month": "2001-11",
            "price": "36.13",
            "revenue": 362581
        },
        "2001-12": {
            "month": "2001-12",
            "price": "38.55",
            "revenue": 175948
        },
        "2002-01": {
            "month": "2002-01",
            "price": "39.65",
            "revenue": 199363
        },
        "2002-02": {
            "month": "2002-02",
            "price": "37.28",
            "revenue": 265240
        },
        "2002-03": {
            "month": "2002-03",
            "price": "35.32",
            "revenue": 174305
        },
        "2002-04": {
            "month": "2002-04",
            "price": "34.17",
            "revenue": 169377
        },
        "2002-05": {
            "month": "2002-05",
            "price": "31.68",
            "revenue": 191359
        },
        "2002-06": {
            "month": "2002-06",
            "price": "29.62",
            "revenue": 173540
        },
        "2002-07": {
            "month": "2002-07",
            "price": "28.60",
            "revenue": 182378
        },
        "2002-08": {
            "month": "2002-08",
            "price": "26.03",
            "revenue": 196114
        },
        "2002-09": {
            "month": "2002-09",
            "price": "22.76",
            "revenue": 150138
        },
        "2002-10": {
            "month": "2002-10",
            "price": "23.62",
            "revenue": 140451
        },
        "2002-11": {
            "month": "2002-11",
            "price": "25.94",
            "revenue": 345822
        },
        "2002-12": {
            "month": "2002-12",
            "price": "33.20",
            "revenue": 158584
        },
        "2003-01": {
            "month": "2003-01",
            "price": "31.30",
            "revenue": 248760
        },
        "2003-02": {
            "month": "2003-02",
            "price": "28.59",
            "revenue": 196255
        },
        "2003-03": {
            "month": "2003-03",
            "price": "26.79",
            "revenue": 156070
        },
        "2003-04": {
            "month": "2003-04",
            "price": "24.50",
            "revenue": 148892
        },
        "2003-05": {
            "month": "2003-05",
            "price": "21.11",
            "revenue": 145475
        },
        "2003-06": {
            "month": "2003-06",
            "price": "21.94",
            "revenue": 179774
        },
        "2003-07": {
            "month": "2003-07",
            "price": "21.16",
            "revenue": 186278
        },
        "2003-08": {
            "month": "2003-08",
            "price": "20.07",
            "revenue": 198413
        },
        "2003-09": {
            "month": "2003-09",
            "price": "19.96",
            "revenue": 159296
        },
        "2003-10": {
            "month": "2003-10",
            "price": "19.64",
            "revenue": 244792
        },
        "2003-11": {
            "month": "2003-11",
            "price": "19.91",
            "revenue": 292036
        },
        "2003-12": {
            "month": "2003-12",
            "price": "22.33",
            "revenue": 183788
        },
        "2004-01": {
            "month": "2004-01",
            "price": "22.80",
            "revenue": 290751
        },
        "2004-02": {
            "month": "2004-02",
            "price": "24.09",
            "revenue": 183039
        },
        "2004-03": {
            "month": "2004-03",
            "price": "26.91",
            "revenue": 156721
        },
        "2004-04": {
            "month": "2004-04",
            "price": "24.25",
            "revenue": 197788
        },
        "2004-05": {
            "month": "2004-05",
            "price": "21.71",
            "revenue": 205153
        },
        "2004-06": {
            "month": "2004-06",
            "price": "20.10",
            "revenue": 169976
        },
        "2004-07": {
            "month": "2004-07",
            "price": "19.69",
            "revenue": 180790
        },
        "2004-08": {
            "month": "2004-08",
            "price": "20.18",
            "revenue": 193828
        },
        "2004-09": {
            "month": "2004-09",
            "price": "21.36",
            "revenue": 159509
        },
        "2004-10": {
            "month": "2004-10",
            "price": "22.13",
            "revenue": 319332
        },
        "2004-11": {
            "month": "2004-11",
            "price": "24.21",
            "revenue": 260547
        },
        "2004-12": {
            "month": "2004-12",
            "price": "28.11",
            "revenue": 175559
        },
        "2005-01": {
            "month": "2005-01",
            "price": "28.29",
            "revenue": 247751
        },
        "2005-02": {
            "month": "2005-02",
            "price": "22.48",
            "revenue": 255075
        },
        "2005-03": {
            "month": "2005-03",
            "price": "21.94",
            "revenue": 183043
        },
        "2005-04": {
            "month": "2005-04",
            "price": "21.19",
            "revenue": 193346
        },
        "2005-05": {
            "month": "2005-05",
            "price": "22.34",
            "revenue": 203683
        },
        "2005-06": {
            "month": "2005-06",
            "price": "24.04",
            "revenue": 179755
        },
        "2005-07": {
            "month": "2005-07",
            "price": "30.40",
            "revenue": 195495
        },
        "2005-08": {
            "month": "2005-08",
            "price": "36.72",
            "revenue": 195263
        },
        "2005-09": {
            "month": "2005-09",
            "price": "27.33",
            "revenue": 154778
        },
        "2005-10": {
            "month": "2005-10",
            "price": "24.01",
            "revenue": 282443
        },
        "2005-11": {
            "month": "2005-11",
            "price": "25.31",
            "revenue": 270383
        },
        "2005-12": {
            "month": "2005-12",
            "price": "30.61",
            "revenue": 191905
        },
        "2006-01": {
            "month": "2006-01",
            "price": "34.23",
            "revenue": 261045
        },
        "2006-02": {
            "month": "2006-02",
            "price": "26.17",
            "revenue": 193799
        },
        "2006-03": {
            "month": "2006-03",
            "price": "25.40",
            "revenue": 160300
        },
        "2006-04": {
            "month": "2006-04",
            "price": "27.21",
            "revenue": 178698
        },
        "2006-05": {
            "month": "2006-05",
            "price": "28.66",
            "revenue": 190877
        },
        "2006-06": {
            "month": "2006-06",
            "price": "26.79",
            "revenue": 159664
        },
        "2006-07": {
            "month": "2006-07",
            "price": "25.99",
            "revenue": 179133
        },
        "2006-08": {
            "month": "2006-08",
            "price": "25.11",
            "revenue": 171911
        },
        "2006-09": {
            "month": "2006-09",
            "price": "25.33",
            "revenue": 145062
        },
        "2006-10": {
            "month": "2006-10",
            "price": "26.70",
            "revenue": 273493
        },
        "2006-11": {
            "month": "2006-11",
            "price": "26.58",
            "revenue": 235187
        },
        "2006-12": {
            "month": "2006-12",
            "price": "28.45",
            "revenue": 170261
        },
        "2007-01": {
            "month": "2007-01",
            "price": "29.57",
            "revenue": 176745
        },
        "2007-02": {
            "month": "2007-02",
            "price": "28.42",
            "revenue": 226662
        },
        "2007-03": {
            "month": "2007-03",
            "price": "26.31",
            "revenue": 157731
        },
        "2007-04": {
            "month": "2007-04",
            "price": "26.38",
            "revenue": 168602
        },
        "2007-05": {
            "month": "2007-05",
            "price": "26.01",
            "revenue": 171328
        },
        "2007-06": {
            "month": "2007-06",
            "price": "27.13",
            "revenue": 149781
        },
        "2007-07": {
            "month": "2007-07",
            "price": "33.38",
            "revenue": 158851
        },
        "2007-08": {
            "month": "2007-08",
            "price": "26.07",
            "revenue": 162883
        },
        "2007-09": {
            "month": "2007-09",
            "price": "25.48",
            "revenue": 147018
        },
        "2007-10": {
            "month": "2007-10",
            "price": "27.57",
            "revenue": 325212
        },
        "2007-11": {
            "month": "2007-11",
            "price": "27.32",
            "revenue": 233147
        },
        "2007-12": {
            "month": "2007-12",
            "price": "27.40",
            "revenue": 142954
        },
        "2008-01": {
            "month": "2008-01",
            "price": "28.98",
            "revenue": 181146
        },
        "2008-02": {
            "month": "2008-02",
            "price": "30.89",
            "revenue": 214106
        },
        "2008-03": {
            "month": "2008-03",
            "price": "34.53",
            "revenue": 144288
        },
        "2008-04": {
            "month": "2008-04",
            "price": "33.52",
            "revenue": 169480
        },
        "2008-05": {
            "month": "2008-05",
            "price": "33.92",
            "revenue": 156619
        },
        "2008-06": {
            "month": "2008-06",
            "price": "30.14",
            "revenue": 131502
        },
        "2008-07": {
            "month": "2008-07",
            "price": "25.89",
            "revenue": 145827
        },
        "2008-08": {
            "month": "2008-08",
            "price": "23.77",
            "revenue": 159399
        },
        "2008-09": {
            "month": "2008-09",
            "price": "19.77",
            "revenue": 113935
        },
        "2008-10": {
            "month": "2008-10",
            "price": "16.00",
            "revenue": 307457
        },
        "2008-11": {
            "month": "2008-11",
            "price": "17.41",
            "revenue": 175411
        },
        "2008-12": {
            "month": "2008-12",
            "price": "26.16",
            "revenue": 111810
        },
        "2009-01": {
            "month": "2009-01",
            "price": "24.42",
            "revenue": 194264
        },
        "2009-02": {
            "month": "2009-02",
            "price": "21.17",
            "revenue": 128020
        },
        "2009-03": {
            "month": "2009-03",
            "price": "22.57",
            "revenue": 123925
        },
        "2009-04": {
            "month": "2009-04",
            "price": "23.16",
            "revenue": 151877
        },
        "2009-05": {
            "month": "2009-05",
            "price": "25.83",
            "revenue": 146160
        },
        "2009-06": {
            "month": "2009-06",
            "price": "23.69",
            "revenue": 115327
        },
        "2009-07": {
            "month": "2009-07",
            "price": "23.35",
            "revenue": 131091
        },
        "2009-08": {
            "month": "2009-08",
            "price": "22.54",
            "revenue": 138420
        },
        "2009-09": {
            "month": "2009-09",
            "price": "22.68",
            "revenue": 110189
        },
        "2009-10": {
            "month": "2009-10",
            "price": "23.61",
            "revenue": 358226
        },
        "2009-11": {
            "month": "2009-11",
            "price": "24.55",
            "revenue": 173052
        },
        "2009-12": {
            "month": "2009-12",
            "price": "25.01",
            "revenue": 123848
        },
        "2010-01": {
            "month": "2010-01",
            "price": "24.20",
            "revenue": 153719
        },
        "2010-02": {
            "month": "2010-02",
            "price": "20.98",
            "revenue": 182383
        },
        "2010-03": {
            "month": "2010-03",
            "price": "22.19",
            "revenue": 120511
        },
        "2010-04": {
            "month": "2010-04",
            "price": "23.30",
            "revenue": 166380
        },
        "2010-05": {
            "month": "2010-05",
            "price": "21.59",
            "revenue": 149649
        },
        "2010-06": {
            "month": "2010-06",
            "price": "21.59",
            "revenue": 128462
        },
        "2010-07": {
            "month": "2010-07",
            "price": "23.40",
            "revenue": 146968
        },
        "2010-08": {
            "month": "2010-08",
            "price": "27.25",
            "revenue": 146803
        },
        "2010-09": {
            "month": "2010-09",
            "price": "26.80",
            "revenue": 123863
        },
        "2010-10": {
            "month": "2010-10",
            "price": "27.60",
            "revenue": 381472
        },
        "2010-11": {
            "month": "2010-11",
            "price": "28.18",
            "revenue": 177584
        },
        "2010-12": {
            "month": "2010-12",
            "price": "27.85",
            "revenue": 133453
        },
        "2011-01": {
            "month": "2011-01",
            "price": "28.48",
            "revenue": 214348
        },
        "2011-02": {
            "month": "2011-02",
            "price": "25.18",
            "revenue": 157237
        },
        "2011-03": {
            "month": "2011-03",
            "price": "22.65",
            "revenue": 129838
        },
        "2011-04": {
            "month": "2011-04",
            "price": "23.17",
            "revenue": 190836
        },
        "2011-05": {
            "month": "2011-05",
            "price": "24.42",
            "revenue": 150936
        },
        "2011-06": {
            "month": "2011-06",
            "price": "25.06",
            "revenue": 132050
        },
        "2011-07": {
            "month": "2011-07",
            "price": "27.18",
            "revenue": 134633
        },
        "2011-08": {
            "month": "2011-08",
            "price": "26.69",
            "revenue": 128441
        },
        "2011-09": {
            "month": "2011-09",
            "price": "23.20",
            "revenue": 116464
        },
        "2011-10": {
            "month": "2011-10",
            "price": "23.98",
            "revenue": 389816
        },
        "2011-11": {
            "month": "2011-11",
            "price": "26.70",
            "revenue": 140129
        },
        "2011-12": {
            "month": "2011-12",
            "price": "28.73",
            "revenue": 134403
        },
        "2012-01": {
            "month": "2012-01",
            "price": "25.08",
            "revenue": 194978
        },
        "2012-02": {
            "month": "2012-02",
            "price": "24.62",
            "revenue": 128724
        },
        "2012-03": {
            "month": "2012-03",
            "price": "25.21",
            "revenue": 131380
        },
        "2012-04": {
            "month": "2012-04",
            "price": "23.61",
            "revenue": 186208
        },
        "2012-05": {
            "month": "2012-05",
            "price": "23.16",
            "revenue": 141040
        },
        "2012-06": {
            "month": "2012-06",
            "price": "22.63",
            "revenue": 114875
        },
        "2012-07": {
            "month": "2012-07",
            "price": "23.00",
            "revenue": 131561
        },
        "2012-08": {
            "month": "2012-08",
            "price": "23.89",
            "revenue": 130480
        },
        "2012-09": {
            "month": "2012-09",
            "price": "25.19",
            "revenue": 123607
        },
        "2012-10": {
            "month": "2012-10",
            "price": "26.16",
            "revenue": 365239
        },
        "2012-11": {
            "month": "2012-11",
            "price": "26.98",
            "revenue": 133396
        },
        "2012-12": {
            "month": "2012-12",
            "price": "34.72",
            "revenue": 129632
        },
        "2013-01": {
            "month": "2013-01",
            "price": "32.90",
            "revenue": 52504
        },
        "2013-02": {
            "month": "2013-02",
            "price": "29.90",
            "revenue": 46096
        },
        "2013-03": {
            "month": "2013-03",
            "price": "27.61",
            "revenue": 43389
        },
        "2013-04": {
            "month": "2013-04",
            "price": "27.26",
            "revenue": 69812
        },
        "2013-05": {
            "month": "2013-05",
            "price": "29.50",
            "revenue": 52506
        },
        "2013-06": {
            "month": "2013-06",
            "price": "29.96",
            "revenue": 41163
        },
        "2013-07": {
            "month": "2013-07",
            "price": "29.36",
            "revenue": 43117
        },
        "2013-08": {
            "month": "2013-08",
            "price": "29.09",
            "revenue": 47068
        },
        "2013-09": {
            "month": "2013-09",
            "price": "29.61",
            "revenue": 44163
        },
        "2013-10": {
            "month": "2013-10",
            "price": "31.87",
            "revenue": 131135
        },
        "2013-11": {
            "month": "2013-11",
            "price": "33.88",
            "revenue": 49899
        },
        "2013-12": {
            "month": "2013-12",
            "price": "36.83",
            "revenue": 43556
        },
        "2014-01": {
            "month": "2014-01",
            "price": "36.10",
            "revenue": 56083
        },
        "2014-02": {
            "month": "2014-02",
            "price": "30.71",
            "revenue": 45814
        },
        "2014-03": {
            "month": "2014-03",
            "price": "32.48",
            "revenue": 147251
        },
        "2014-04": {
            "month": "2014-04",
            "price": "32.86",
            "revenue": 76838
        },
        "2014-05": {
            "month": "2014-05",
            "price": "32.07",
            "revenue": 54333
        },
        "2014-06": {
            "month": "2014-06",
            "price": "35.75",
            "revenue": 237603
        },
        "2014-07": {
            "month": "2014-07",
            "price": "39.10",
            "revenue": 42708
        },
        "2014-08": {
            "month": "2014-08",
            "price": "38.61",
            "revenue": 47657
        },
        "2014-09": {
            "month": "2014-09",
            "price": "39.42",
            "revenue": 42626
        },
        "2014-10": {
            "month": "2014-10",
            "price": "37.42",
            "revenue": 141715
        },
        "2014-11": {
            "month": "2014-11",
            "price": "35.93",
            "revenue": 45395
        },
        "2014-12": {
            "month": "2014-12",
            "price": "36.91",
            "revenue": 42475
        },
        "2015-01": {
            "month": "2015-01",
            "price": "37.64",
            "revenue": 52314
        },
        "2015-02": {
            "month": "2015-02",
            "price": "37.79",
            "revenue": 49353
        },
        "2015-03": {
            "month": "2015-03",
            "price": "37.59",
            "revenue": 40631
        },
        "2015-04": {
            "month": "2015-04",
            "price": "39.48",
            "revenue": 77110
        },
        "2015-05": {
            "month": "2015-05",
            "price": "38.82",
            "revenue": 51605
        },
        "2015-06": {
            "month": "2015-06",
            "price": "30.51",
            "revenue": 47193
        },
        "2015-07": {
            "month": "2015-07",
            "price": "29.84",
            "revenue": 40869
        },
        "2015-08": {
            "month": "2015-08",
            "price": "27.09",
            "revenue": 43749
        },
        "2015-09": {
            "month": "2015-09",
            "price": "24.45",
            "revenue": 62276
        },
        "2015-10": {
            "month": "2015-10",
            "price": "26.13",
            "revenue": 104339
        },
        "2015-11": {
            "month": "2015-11",
            "price": "29.25",
            "revenue": 53194
        },
        "2015-12": {
            "month": "2015-12",
            "price": "29.14",
            "revenue": 46931
        },
        "2016-01": {
            "month": "2016-01",
            "price": "23.11",
            "revenue": 55486
        },
        "2016-02": {
            "month": "2016-02",
            "price": "23.36",
            "revenue": 48954
        },
        "2016-03": {
            "month": "2016-03",
            "price": "23.64",
            "revenue": 40502
        },
        "2016-04": {
            "month": "2016-04",
            "price": "22.67",
            "revenue": 82573
        },
        "2016-05": {
            "month": "2016-05",
            "price": "23.12",
            "revenue": 50810
        },
        "2016-06": {
            "month": "2016-06",
            "price": "23.13",
            "revenue": 44849
        },
        "2016-07": {
            "month": "2016-07",
            "price": "22.93",
            "revenue": 43187
        },
        "2016-08": {
            "month": "2016-08",
            "price": "23.36",
            "revenue": 47583
        },
        "2016-09": {
            "month": "2016-09",
            "price": "23.31",
            "revenue": 37276
        },
        "2016-10": {
            "month": "2016-10",
            "price": "23.06",
            "revenue": 121927
        },
        "2016-11": {
            "month": "2016-11",
            "price": "25.20",
            "revenue": 46556
        },
        "2016-12": {
            "month": "2016-12",
            "price": "33.04",
            "revenue": 49003
        },
        "2017-01": {
            "month": "2017-01",
            "price": "30.85",
            "revenue": 57804
        },
        "2017-02": {
            "month": "2017-02",
            "price": "26.98",
            "revenue": 28516
        },
        "2017-03": {
            "month": "2017-03",
            "price": "26.36",
            "revenue": 21275
        },
        "2017-04": {
            "month": "2017-04",
            "price": "27.35",
            "revenue": 25292
        },
        "2017-05": {
            "month": "2017-05",
            "price": "27.41",
            "revenue": 21494
        },
        "2017-06": {
            "month": "2017-06",
            "price": "27.85",
            "revenue": 17276
        },
        "2017-07": {
            "month": "2017-07",
            "price": "27.78",
            "revenue": 18123
        },
        "2017-08": {
            "month": "2017-08",
            "price": "27.70",
            "revenue": 17086
        },
        "2017-09": {
            "month": "2017-09",
            "price": "27.95",
            "revenue": 17686
        },
        "2017-10": {
            "month": "2017-10",
            "price": "28.00",
            "revenue": 17817
        },
        "2017-11": {
            "month": "2017-11",
            "price": "28.28",
            "revenue": 21671
        },
        "2017-12": {
            "month": "2017-12",
            "price": "28.11",
            "revenue": 17944
        },
        "2018-01": {
            "month": "2018-01",
            "price": "27.26",
            "revenue": 68109
        },
        "2018-02": {
            "month": "2018-02",
            "price": "27.01",
            "revenue": 35452
        },
        "2018-03": {
            "month": "2018-03",
            "price": "27.26",
            "revenue": 18068
        },
        "2018-04": {
            "month": "2018-04",
            "price": "26.85",
            "revenue": 30593
        },
        "2018-05": {
            "month": "2018-05",
            "price": "26.76",
            "revenue": 36284
        },
        "2018-06": {
            "month": "2018-06",
            "price": "27.31",
            "revenue": 32410
        },
        "2018-07": {
            "month": "2018-07",
            "price": "28.15",
            "revenue": 18072
        },
        "2018-08": {
            "month": "2018-08",
            "price": "28.43",
            "revenue": 31367
        },
        "2018-09": {
            "month": "2018-09",
            "price": "29.91",
            "revenue": 28436
        },
        "2018-10": {
            "month": "2018-10",
            "price": "27.09",
            "revenue": 49479
        },
        "2018-11": {
            "month": "2018-11",
            "price": "26.72",
            "revenue": 45328
        },
        "2018-12": {
            "month": "2018-12",
            "price": "26.64",
            "revenue": 35590
        },
        "2019-01": {
            "month": "2019-01",
            "price": "26.46",
            "revenue": 33316
        },
        "2019-02": {
            "month": "2019-02",
            "price": "27.11",
            "revenue": 35652
        },
        "2019-03": {
            "month": "2019-03",
            "price": "26.75",
            "revenue": 34478
        },
        "2019-04": {
            "month": "2019-04",
            "price": "26.85",
            "revenue": 34299
        },
        "2019-05": {
            "month": "2019-05",
            "price": "26.36",
            "revenue": 31858
        },
        "2019-06": {
            "month": "2019-06",
            "price": "27.20",
            "revenue": 100876
        },
        "2019-07": {
            "month": "2019-07",
            "price": "26.97",
            "revenue": 41826
        },
        "2019-08": {
            "month": "2019-08",
            "price": "26.52",
            "revenue": 71518
        },
        "2019-09": {
            "month": "2019-09",
            "price": "27.22",
            "revenue": 51078
        },
        "2019-10": {
            "month": "2019-10",
            "price": "26.97",
            "revenue": 131950
        },
        "2019-11": {
            "month": "2019-11",
            "price": "26.74",
            "revenue": 35885
        },
        "2019-12": {
            "month": "2019-12",
            "price": "33.36",
            "revenue": 47441
        },
        "2020-01": {
            "month": "2020-01",
            "price": "38.51",
            "revenue": 52006
        },
        "2020-02": {
            "month": "2020-02",
            "price": "31.71",
            "revenue": 34905
        },
        "2020-03": {
            "month": "2020-03",
            "price": "29.33",
            "revenue": 37648
        },
        "2020-04": {
            "month": "2020-04",
            "price": "30.35",
            "revenue": 30852
        },
        "2020-05": {
            "month": "2020-05",
            "price": "31.55",
            "revenue": 36075
        },
        "2020-06": {
            "month": "2020-06",
            "price": "32.67",
            "revenue": 35949
        },
        "2020-07": {
            "month": "2020-07",
            "price": "33.06",
            "revenue": 46769
        },
        "2020-08": {
            "month": "2020-08",
            "price": "31.67",
            "revenue": 39518
        },
        "2020-09": {
            "month": "2020-09",
            "price": "31.45",
            "revenue": 46476
        },
        "2020-10": {
            "month": "2020-10",
            "price": "31.98",
            "revenue": 48211
        },
        "2020-11": {
            "month": "2020-11",
            "price": "34.50",
            "revenue": 76792
        },
        "2020-12": {
            "month": "2020-12",
            "price": "40.61",
            "revenue": 69239
        },
        "2021-01": {
            "month": "2021-01",
            "price": "46.82",
            "revenue": 55536
        },
        "2021-02": {
            "month": "2021-02",
            "price": "34.78",
            "revenue": 34858
        },
        "2021-03": {
            "month": "2021-03",
            "price": "32.92",
            "revenue": 114074
        },
        "2021-04": {
            "month": "2021-04",
            "price": "33.26",
            "revenue": 35169
        },
        "2021-05": {
            "month": "2021-05",
            "price": "32.15",
            "revenue": 30910
        },
        "2021-06": {
            "month": "2021-06",
            "price": "32.96",
            "revenue": 24368
        },
        "2021-07": {
            "month": "2021-07",
            "price": "32.99",
            "revenue": 27704
        },
        "2021-08": {
            "month": "2021-08",
            "price": "32.79",
            "revenue": 39030
        },
        "2021-09": {
            "month": "2021-09",
            "price": "33.91",
            "revenue": 53833
        },
        "2021-10": {
            "month": "2021-10",
            "price": "33.91",
            "revenue": 34044
        },
        "2021-11": {
            "month": "2021-11",
            "price": "34.69",
            "revenue": 41949
        },
        "2021-12": {
            "month": "2021-12",
            "price": "36.93",
            "revenue": 37120
        },
        "2022-01": {
            "month": "2022-01",
            "price": "33.60",
            "revenue": 33721
        },
        "2022-02": {
            "month": "2022-02",
            "price": "31.29",
            "revenue": 121423
        },
        "2022-03": {
            "month": "2022-03",
            "price": "31.00",
            "revenue": 33413
        },
        "2022-04": {
            "month": "2022-04",
            "price": "32.61",
            "revenue": 30991
        },
        "2022-05": {
            "month": "2022-05",
            "price": "32.88",
            "revenue": 52000
        },
        "2022-06": {
            "month": "2022-06",
            "price": "31.49",
            "revenue": 35381
        },
        "2022-07": {
            "month": "2022-07",
            "price": "30.84",
            "revenue": 38141
        },
        "2022-08": {
            "month": "2022-08",
            "price": "30.87",
            "revenue": 118810
        },
        "2022-09": {
            "month": "2022-09",
            "price": "30.75",
            "revenue": 54270
        },
        "2022-10": {
            "month": "2022-10",
            "price": "31.14",
            "revenue": 38161
        },
        "2022-11": {
            "month": "2022-11",
            "price": "33.81",
            "revenue": 38212
        },
        "2022-12": {
            "month": "2022-12",
            "price": "31.48",
            "revenue": 117447
        },
        "2023-01": {
            "month": "2023-01",
            "price": "29.85",
            "revenue": 40876
        },
        "2023-02": {
            "month": "2023-02",
            "price": "29.70",
            "revenue": 37499
        },
        "2023-03": {
            "month": "2023-03",
            "price": "30.27",
            "revenue": 35748
        },
        "2023-04": {
            "month": "2023-04",
            "price": "29.80",
            "revenue": 38621
        },
        "2023-05": {
            "month": "2023-05",
            "price": "29.79",
            "revenue": 39967
        },
        "2023-06": {
            "month": "2023-06",
            "price": "30.52",
            "revenue": 107328
        },
        "2023-07": {
            "month": "2023-07",
            "price": "29.86",
            "revenue": 41859
        },
        "2023-08": {
            "month": "2023-08",
            "price": "28.88",
            "revenue": 41083
        },
        "2023-09": {
            "month": "2023-09",
            "price": "27.58",
            "revenue": 38830
        },
        "2023-10": {
            "month": "2023-10",
            "price": "27.34",
            "revenue": 40685
        },
        "2023-11": {
            "month": "2023-11",
            "price": "28.12",
            "revenue": 181471
        },
        "2023-12": {
            "month": "2023-12",
            "price": "28.09",
            "revenue": 40111
        },
        "2024-01": {
            "month": "2024-01",
            "price": "26.72",
            "revenue": 49129
        },
        "2024-02": {
            "month": "2024-02",
            "price": "27.75",
            "revenue": 42749
        }
    }
}
