{
    "summary": {
        "stock_name": "麗嬰房",
        "stock_id": "2911",
        "category": "貿易百貨",
        "main_business": "成衣服飾製造及買賣業務<br>各種家具、鞋襪、飾品等百貨之製造及買賣業務<br>各種玩具之製造及買賣",
        "website_url": "http://www.enphants.com/c/index.php",
        "ceo": "陳仁沛",
        "pe_ratio": -2,
        "report_year_from": 2001,
        "report_year_to": 2023,
        "age": 23,
        "eps_negative_percentage": 48,
        "eps_growth_avg": {
            "last_all": -14.25,
            "last_2y": null,
            "last_4y": null,
            "last_8y": -100,
            "last_12y": -66.97,
            "last_16y": -22.46,
            "last_20y": -6.45,
            "at_2006_last_3y": 36.23,
            "at_2007_last_3y": 32,
            "at_2008_last_3y": 15.78,
            "at_2009_last_3y": 8.38,
            "at_2010_last_3y": 22.05,
            "at_2011_last_3y": 11.07,
            "at_2012_last_3y": -1.18,
            "at_2013_last_3y": -39.47,
            "at_2014_last_3y": -55.95,
            "at_2015_last_3y": -71.63,
            "at_2016_last_3y": -100,
            "at_2017_last_3y": null,
            "at_2018_last_3y": -100,
            "at_2019_last_3y": -100,
            "at_2020_last_3y": -100,
            "at_2021_last_3y": -100,
            "at_2022_last_3y": null,
            "at_2023_last_3y": null,
            "at_2024_last_3y": null,
            "at_2006_last_all": 2.17,
            "at_2007_last_all": 5.6,
            "at_2008_last_all": 5.62,
            "at_2009_last_all": 12.41,
            "at_2010_last_all": 12.11,
            "at_2011_last_all": 8.03,
            "at_2012_last_all": 2.9,
            "at_2013_last_all": -6.45,
            "at_2014_last_all": -6.45,
            "at_2015_last_all": -6.45,
            "at_2016_last_all": -6.45,
            "at_2017_last_all": -6.45,
            "at_2018_last_all": -14.25,
            "at_2019_last_all": -14.25,
            "at_2020_last_all": -14.25,
            "at_2021_last_all": -14.25,
            "at_2022_last_all": -14.25,
            "at_2023_last_all": -14.25,
            "at_2024_last_all": -14.25
        },
        "latest_eps": -3.78,
        "latest_price": 6.99,
        "latest_roe": -46.1,
        "latest_gross_margin": 39.28,
        "latest_equity": 907257,
        "latest_revenue": 883536,
        "latest_gross_profit": 347086,
        "latest_net_income": -172414,
        "latest_debt_ratio": 76.7,
        "latest_current_ratio": 90.46,
        "latest_account_receivable_turnover_ratio": 2.68,
        "latest_inventory_turnover_ratio": 0.51,
        "latest_reinvestment_rate": null,
        "latest_research_to_sale_ratio": null
    },
    "eps_dividends": {
        "1996": {
            "cash": 0.5,
            "stock": 0.5,
            "eps": 0
        },
        "1997": {
            "cash": 0.5,
            "stock": 0.5,
            "eps": 0
        },
        "1998": {
            "cash": 2,
            "stock": 2,
            "eps": 0
        },
        "1999": {
            "cash": 0.5,
            "stock": 0.5,
            "eps": 0
        },
        "2000": {
            "cash": 0,
            "stock": 0.5,
            "eps": 0
        },
        "2001": {
            "cash": 0,
            "stock": 0,
            "eps": 0.25
        },
        "2002": {
            "cash": 0.2,
            "stock": 0.5,
            "eps": -1.53
        },
        "2003": {
            "cash": 0,
            "stock": 0,
            "eps": 0.51
        },
        "2004": {
            "cash": 0,
            "stock": 0,
            "eps": 0.87
        },
        "2005": {
            "cash": 0.2,
            "stock": 0.4,
            "eps": 1.59
        },
        "2006": {
            "cash": 0.7,
            "stock": 0.3,
            "eps": 0.88
        },
        "2007": {
            "cash": 0.6,
            "stock": 0,
            "eps": 1.05
        },
        "2008": {
            "cash": 0.2,
            "stock": 0.6,
            "eps": 1.11
        },
        "2009": {
            "cash": 0.2,
            "stock": 0.7,
            "eps": 1.7
        },
        "2010": {
            "cash": 0.7,
            "stock": 0.7,
            "eps": 1.87
        },
        "2011": {
            "cash": 2,
            "stock": 0.8,
            "eps": 1.41
        },
        "2012": {
            "cash": 0,
            "stock": 0,
            "eps": 0.8
        },
        "2013": {
            "cash": 0.7,
            "stock": 0,
            "eps": -0.35
        },
        "2014": {
            "cash": 0,
            "stock": 0,
            "eps": -0.5
        },
        "2015": {
            "cash": 0,
            "stock": 0,
            "eps": -0.3
        },
        "2016": {
            "cash": 0,
            "stock": 0,
            "eps": -0.1
        },
        "2017": {
            "cash": 0,
            "stock": 0,
            "eps": 2.08
        },
        "2018": {
            "cash": 0.5,
            "stock": 0,
            "eps": -0.46
        },
        "2019": {
            "cash": 0,
            "stock": 0,
            "eps": -1.85
        },
        "2020": {
            "cash": 0,
            "stock": 0,
            "eps": -1.72
        },
        "2021": {
            "cash": 0,
            "stock": 0,
            "eps": -1.32
        },
        "2022": {
            "cash": 0,
            "stock": 0,
            "eps": -3.42
        },
        "2023": {
            "cash": 0,
            "stock": 0,
            "eps": -3.11
        }
    },
    "dividends": {
        "1996-04-30": {
            "cash": 0.5,
            "stock": 0.5
        },
        "1997-04-30": {
            "cash": 0.5,
            "stock": 0.5
        },
        "1998-05-08": {
            "cash": 2,
            "stock": 2
        },
        "1999-05-28": {
            "cash": 0.5,
            "stock": 0.5
        },
        "2000-05-26": {
            "cash": 0,
            "stock": 0.5
        },
        "2002-05-28": {
            "cash": 0.2,
            "stock": 0.5
        },
        "2005-03-17": {
            "cash": 0.2,
            "stock": 0.4
        },
        "2006-03-16": {
            "cash": 0.7,
            "stock": 0.3
        },
        "2007-06-15": {
            "cash": 0.6,
            "stock": 0
        },
        "2008-03-20": {
            "cash": 0.2,
            "stock": 0.6
        },
        "2009-03-26": {
            "cash": 0.2,
            "stock": 0.7
        },
        "2010-03-25": {
            "cash": 0.7,
            "stock": 0.7
        },
        "2011-01-01": {
            "cash": 1,
            "stock": 0.4
        },
        "2011-03-24": {
            "cash": 1,
            "stock": 0.4
        },
        "2013-03-21": {
            "cash": 0.7,
            "stock": 0
        },
        "2018-08-15": {
            "cash": 0.5,
            "stock": 0
        }
    },
    "prices": {
        "200101": "7.61",
        "200102": "8.02",
        "200103": "10.96",
        "200104": "12.09",
        "200105": "13.66",
        "200106": "14.82",
        "200107": "15.58",
        "200108": "13.69",
        "200109": "11.61",
        "200110": "10.65",
        "200111": "11.82",
        "200112": "11.89",
        "200201": "11.75",
        "200202": "11.49",
        "200203": "12.75",
        "200204": "12.94",
        "200205": "11.23",
        "200206": "10.81",
        "200207": "9.81",
        "200208": "9.40",
        "200209": "7.76",
        "200210": "7.27",
        "200211": "8.38",
        "200212": "8.67",
        "200301": "9.49",
        "200302": "8.35",
        "200303": "7.50",
        "200304": "7.04",
        "200305": "6.91",
        "200306": "7.66",
        "200307": "8.47",
        "200308": "9.68",
        "200309": "9.32",
        "200310": "9.36",
        "200311": "9.41",
        "200312": "9.11",
        "200401": "9.35",
        "200402": "13.84",
        "200403": "16.07",
        "200404": "14.81",
        "200405": "13.36",
        "200406": "12.46",
        "200407": "11.57",
        "200408": "10.75",
        "200409": "12.06",
        "200410": "12.49",
        "200411": "12.36",
        "200412": "13.82",
        "200501": "14.75",
        "200502": "14.12",
        "200503": "13.72",
        "200504": "12.98",
        "200505": "14.60",
        "200506": "16.58",
        "200507": "15.56",
        "200508": "18.86",
        "200509": "21.39",
        "200510": "20.04",
        "200511": "19.80",
        "200512": "22.28",
        "200601": "20.19",
        "200602": "19.57",
        "200603": "19.34",
        "200604": "22.11",
        "200605": "22.85",
        "200606": "25.88",
        "200607": "23.76",
        "200608": "23.43",
        "200609": "23.33",
        "200610": "24.42",
        "200611": "23.51",
        "200612": "24.28",
        "200701": "26.87",
        "200702": "26.42",
        "200703": "25.36",
        "200704": "26.00",
        "200705": "24.80",
        "200706": "25.83",
        "200707": "30.23",
        "200708": "31.30",
        "200709": "30.05",
        "200710": "29.22",
        "200711": "22.38",
        "200712": "21.88",
        "200801": "21.33",
        "200802": "20.15",
        "200803": "24.46",
        "200804": "26.56",
        "200805": "27.64",
        "200806": "24.72",
        "200807": "20.47",
        "200808": "22.32",
        "200809": "21.99",
        "200810": "15.57",
        "200811": "14.92",
        "200812": "16.28",
        "200901": "17.53",
        "200902": "16.02",
        "200903": "17.74",
        "200904": "20.94",
        "200905": "25.08",
        "200906": "23.28",
        "200907": "29.55",
        "200908": "28.26",
        "200909": "29.82",
        "200910": "31.04",
        "200911": "34.54",
        "200912": "35.28",
        "201001": "35.74",
        "201002": "30.50",
        "201003": "33.54",
        "201004": "35.83",
        "201005": "31.77",
        "201006": "33.05",
        "201007": "35.21",
        "201008": "42.57",
        "201009": "46.43",
        "201010": "46.48",
        "201011": "44.87",
        "201012": "47.05",
        "201101": "46.14",
        "201102": "40.63",
        "201103": "42.78",
        "201104": "47.14",
        "201105": "41.81",
        "201106": "38.97",
        "201107": "40.77",
        "201108": "34.32",
        "201109": "30.06",
        "201110": "29.40",
        "201111": "31.63",
        "201112": "30.13",
        "201201": "33.13",
        "201202": "36.18",
        "201203": "35.52",
        "201204": "31.83",
        "201205": "29.41",
        "201206": "26.20",
        "201207": "26.31",
        "201208": "26.10",
        "201209": "23.60",
        "201210": "22.82",
        "201211": "20.18",
        "201212": "21.64",
        "201301": "23.38",
        "201302": "23.71",
        "201303": "22.47",
        "201304": "20.92",
        "201305": "20.61",
        "201306": "18.98",
        "201307": "18.12",
        "201308": "19.94",
        "201309": "21.27",
        "201310": "21.57",
        "201311": "22.98",
        "201312": "23.18",
        "201401": "22.48",
        "201402": "21.94",
        "201403": "22.23",
        "201404": "21.18",
        "201405": "18.83",
        "201406": "18.43",
        "201407": "18.24",
        "201408": "18.17",
        "201409": "18.47",
        "201410": "17.37",
        "201411": "16.82",
        "201412": "17.12",
        "201501": "17.38",
        "201502": "16.78",
        "201503": "16.51",
        "201504": "16.67",
        "201505": "15.68",
        "201506": "13.50",
        "201507": "14.30",
        "201508": "13.53",
        "201509": "12.04",
        "201510": "14.86",
        "201511": "17.68",
        "201512": "16.16",
        "201601": "15.58",
        "201602": "15.78",
        "201603": "16.29",
        "201604": "14.75",
        "201605": "13.14",
        "201606": "13.46",
        "201607": "13.47",
        "201608": "13.44",
        "201609": "13.00",
        "201610": "12.78",
        "201611": "11.28",
        "201612": "11.38",
        "201701": "11.11",
        "201702": "11.52",
        "201703": "11.23",
        "201704": "10.88",
        "201705": "10.62",
        "201706": "10.54",
        "201707": "11.10",
        "201708": "10.79",
        "201709": "11.52",
        "201710": "11.71",
        "201711": "11.50",
        "201712": "11.74",
        "201801": "12.16",
        "201802": "11.54",
        "201803": "11.72",
        "201804": "13.57",
        "201805": "13.54",
        "201806": "12.95",
        "201807": "12.31",
        "201808": "11.30",
        "201809": "10.80",
        "201810": "9.66",
        "201811": "9.37",
        "201812": "9.70",
        "201901": "9.49",
        "201902": "9.21",
        "201903": "9.12",
        "201904": "8.84",
        "201905": "8.20",
        "201906": "7.64",
        "201907": "7.64",
        "201908": "7.04",
        "201909": "7.16",
        "201910": "7.15",
        "201911": "7.19",
        "201912": "7.47",
        "202001": "7.55",
        "202002": "7.24",
        "202003": "6.29",
        "202004": "6.02",
        "202005": "5.97",
        "202006": "6.45",
        "202007": "6.16",
        "202008": "6.04",
        "202009": "6.48",
        "202010": "6.58",
        "202011": "6.62",
        "202012": "7.45",
        "202101": "7.03",
        "202102": "6.51",
        "202103": "7.12",
        "202104": "8.01",
        "202105": "7.84",
        "202106": "8.86",
        "202107": "8.34",
        "202108": "7.51",
        "202109": "7.65",
        "202110": "7.88",
        "202111": "8.19",
        "202112": "8.10",
        "202201": "8.03",
        "202202": "7.96",
        "202203": "7.67",
        "202204": "7.49",
        "202205": "7.07",
        "202206": "6.99",
        "202207": "6.72",
        "202208": "6.66",
        "202209": "6.75",
        "202210": "6.49",
        "202211": "6.35",
        "202212": "6.97",
        "202301": "7.05",
        "202302": "7.16",
        "202303": "7.35",
        "202304": "7.18",
        "202305": "7.11",
        "202306": "7.32",
        "202307": "7.39",
        "202308": "6.99",
        "202309": "6.89",
        "202310": "6.46",
        "202311": "6.47",
        "202312": "6.64",
        "202401": "6.42",
        "202402": "6.19",
        "202403": "7.26",
        "202404": "無"
    },
    "quarters": {
        "20011": {
            "year_quarter": 20011,
            "year": 2001,
            "quarter": 1,
            "eps": 0.62,
            "eps_growth_year": 785.71,
            "eps_4q": 0.67,
            "eps_4q_growth_year": null,
            "roe": 3.93,
            "roe_4q": 3.93,
            "gross_profit": 216229,
            "gross_margin": 33.15,
            "gross_margin_4q_avg": 33.15,
            "net_income": 63920,
            "net_income_4q": null,
            "revenue": 652278,
            "revenue_4q": null,
            "common_shares": 1033662,
            "book_valuer_per_share": 16.05,
            "book_valuer_per_share_4q_avg": 16.05,
            "equity": 1659117,
            "current_ratio": 149.94,
            "debt_ratio": 45.06,
            "inventory_turnover_ratio": 0.5,
            "account_receivable_turnover_ratio": null,
            "reinvestment_rate": null,
            "research_to_sale_ratio": null,
            "price_fair": 0,
            "eps_avg_yearly": 0,
            "eps_latest_yearly": 0,
            "eps_growth_yearly": 0
        },
        "20012": {
            "year_quarter": 20012,
            "year": 2001,
            "quarter": 2,
            "eps": -0.02,
            "eps_growth_year": -112.5,
            "eps_4q": 0.49,
            "eps_4q_growth_year": 1656.91,
            "roe": -0.13,
            "roe_4q": 3.8000000000000003,
            "gross_profit": 134340,
            "gross_margin": 40.16,
            "gross_margin_4q_avg": 36.66,
            "net_income": -2088,
            "net_income_4q": null,
            "revenue": 334515,
            "revenue_4q": null,
            "common_shares": 1033662,
            "book_valuer_per_share": 16.19,
            "book_valuer_per_share_4q_avg": 16.12,
            "equity": 1673592,
            "current_ratio": 154.51,
            "debt_ratio": 43.32,
            "inventory_turnover_ratio": 0.31,
            "account_receivable_turnover_ratio": null,
            "reinvestment_rate": null,
            "research_to_sale_ratio": null,
            "price_fair": 0,
            "eps_avg_yearly": 0,
            "eps_latest_yearly": 0,
            "eps_growth_yearly": 0
        },
        "20013": {
            "year_quarter": 20013,
            "year": 2001,
            "quarter": 3,
            "eps": -0.1,
            "eps_growth_year": -200,
            "eps_4q": 0.27,
            "eps_4q_growth_year": -31.3,
            "roe": -0.64,
            "roe_4q": 3.16,
            "gross_profit": 141582,
            "gross_margin": 31.83,
            "gross_margin_4q_avg": 35.05,
            "net_income": -10713,
            "net_income_4q": null,
            "revenue": 444870,
            "revenue_4q": null,
            "common_shares": 1085345,
            "book_valuer_per_share": 15.43,
            "book_valuer_per_share_4q_avg": 15.89,
            "equity": 1675101,
            "current_ratio": 134.9,
            "debt_ratio": 47,
            "inventory_turnover_ratio": 0.43,
            "account_receivable_turnover_ratio": null,
            "reinvestment_rate": null,
            "research_to_sale_ratio": null,
            "price_fair": 0,
            "eps_avg_yearly": 0,
            "eps_latest_yearly": 0,
            "eps_growth_yearly": 0
        },
        "20014": {
            "year_quarter": 20014,
            "year": 2001,
            "quarter": 4,
            "eps": -0.25,
            "eps_growth_year": null,
            "eps_4q": 0.29,
            "eps_4q_growth_year": 134.56,
            "roe": -1.64,
            "roe_4q": 1.5200000000000005,
            "gross_profit": 186741,
            "gross_margin": 41.2,
            "gross_margin_4q_avg": 36.59,
            "net_income": -27400,
            "net_income_4q": null,
            "revenue": 453294,
            "revenue_4q": null,
            "common_shares": 1085345,
            "book_valuer_per_share": 15.13,
            "book_valuer_per_share_4q_avg": 15.7,
            "equity": 1656961,
            "current_ratio": 125.33,
            "debt_ratio": 51.39,
            "inventory_turnover_ratio": 0.28,
            "account_receivable_turnover_ratio": null,
            "reinvestment_rate": null,
            "research_to_sale_ratio": null,
            "price_fair": 0,
            "eps_avg_yearly": 0,
            "eps_latest_yearly": 0,
            "eps_growth_yearly": 0
        },
        "20021": {
            "year_quarter": 20021,
            "year": 2002,
            "quarter": 1,
            "eps": -0.11,
            "eps_growth_year": -117.74,
            "eps_4q": -0.48,
            "eps_4q_growth_year": -170.98,
            "roe": -0.74,
            "roe_4q": -3.15,
            "gross_profit": 190032,
            "gross_margin": 34.22,
            "gross_margin_4q_avg": 36.85,
            "net_income": -12043,
            "net_income_4q": null,
            "revenue": 555358,
            "revenue_4q": null,
            "common_shares": 1085345,
            "book_valuer_per_share": 14.82,
            "book_valuer_per_share_4q_avg": 15.39,
            "equity": 1608167,
            "current_ratio": 96.01,
            "debt_ratio": 44.43,
            "inventory_turnover_ratio": 0.42,
            "account_receivable_turnover_ratio": null,
            "reinvestment_rate": null,
            "research_to_sale_ratio": null,
            "price_fair": 0,
            "eps_avg_yearly": 0,
            "eps_latest_yearly": 0,
            "eps_growth_yearly": 0
        },
        "20022": {
            "year_quarter": 20022,
            "year": 2002,
            "quarter": 2,
            "eps": -0.19,
            "eps_growth_year": null,
            "eps_4q": -0.66,
            "eps_4q_growth_year": -233.87,
            "roe": -1.33,
            "roe_4q": -4.35,
            "gross_profit": 153814,
            "gross_margin": 45.6,
            "gross_margin_4q_avg": 38.21,
            "net_income": -20980,
            "net_income_4q": null,
            "revenue": 337307,
            "revenue_4q": null,
            "common_shares": 1085345,
            "book_valuer_per_share": 14.3,
            "book_valuer_per_share_4q_avg": 14.92,
            "equity": 1552183,
            "current_ratio": 73.29,
            "debt_ratio": 45.12,
            "inventory_turnover_ratio": 0.32,
            "account_receivable_turnover_ratio": null,
            "reinvestment_rate": null,
            "research_to_sale_ratio": null,
            "price_fair": 0,
            "eps_avg_yearly": 0,
            "eps_latest_yearly": 0,
            "eps_growth_yearly": 0
        },
        "20023": {
            "year_quarter": 20023,
            "year": 2002,
            "quarter": 3,
            "eps": -0.34,
            "eps_growth_year": null,
            "eps_4q": -0.87,
            "eps_4q_growth_year": -419.27,
            "roe": -2.48,
            "roe_4q": -6.1899999999999995,
            "gross_profit": 164705,
            "gross_margin": 39.36,
            "gross_margin_4q_avg": 40.1,
            "net_income": -38238,
            "net_income_4q": null,
            "revenue": 418462,
            "revenue_4q": null,
            "common_shares": 1139612,
            "book_valuer_per_share": 13.44,
            "book_valuer_per_share_4q_avg": 14.42,
            "equity": 1531835,
            "current_ratio": 73.27,
            "debt_ratio": 46.19,
            "inventory_turnover_ratio": 0.44,
            "account_receivable_turnover_ratio": null,
            "reinvestment_rate": null,
            "research_to_sale_ratio": null,
            "price_fair": 0,
            "eps_avg_yearly": 0,
            "eps_latest_yearly": 0,
            "eps_growth_yearly": 0
        },
        "20024": {
            "year_quarter": 20024,
            "year": 2002,
            "quarter": 4,
            "eps": -0.89,
            "eps_growth_year": null,
            "eps_4q": -1.39,
            "eps_4q_growth_year": -585.44,
            "roe": -6.77,
            "roe_4q": -11.32,
            "gross_profit": 205817,
            "gross_margin": 45.12,
            "gross_margin_4q_avg": 41.08,
            "net_income": -100181,
            "net_income_4q": null,
            "revenue": 456136,
            "revenue_4q": null,
            "common_shares": 1139612,
            "book_valuer_per_share": 12.56,
            "book_valuer_per_share_4q_avg": 13.78,
            "equity": 1428613,
            "current_ratio": 149.13,
            "debt_ratio": 53.16,
            "inventory_turnover_ratio": 0.32,
            "account_receivable_turnover_ratio": null,
            "reinvestment_rate": null,
            "research_to_sale_ratio": null,
            "price_fair": 0,
            "eps_avg_yearly": 0,
            "eps_latest_yearly": 0,
            "eps_growth_yearly": 0
        },
        "20031": {
            "year_quarter": 20031,
            "year": 2003,
            "quarter": 1,
            "eps": 0.14,
            "eps_growth_year": null,
            "eps_4q": -1.3,
            "eps_4q_growth_year": null,
            "roe": 1.08,
            "roe_4q": -9.5,
            "gross_profit": 189633,
            "gross_margin": 39.23,
            "gross_margin_4q_avg": 42.33,
            "net_income": 15493,
            "net_income_4q": null,
            "revenue": 483430,
            "revenue_4q": null,
            "common_shares": 1139612,
            "book_valuer_per_share": 12.69,
            "book_valuer_per_share_4q_avg": 13.25,
            "equity": 1446064,
            "current_ratio": 130.59,
            "debt_ratio": 45.99,
            "inventory_turnover_ratio": 0.4,
            "account_receivable_turnover_ratio": null,
            "reinvestment_rate": null,
            "research_to_sale_ratio": null,
            "price_fair": 0,
            "eps_avg_yearly": 0,
            "eps_latest_yearly": 0,
            "eps_growth_yearly": 0
        },
        "20032": {
            "year_quarter": 20032,
            "year": 2003,
            "quarter": 2,
            "eps": -0.03,
            "eps_growth_year": null,
            "eps_4q": -1.11,
            "eps_4q_growth_year": null,
            "roe": -0.24,
            "roe_4q": -8.41,
            "gross_profit": 175600,
            "gross_margin": 47.74,
            "gross_margin_4q_avg": 42.86,
            "net_income": -3424,
            "net_income_4q": null,
            "revenue": 367809,
            "revenue_4q": null,
            "common_shares": 1139612,
            "book_valuer_per_share": 12.69,
            "book_valuer_per_share_4q_avg": 12.85,
            "equity": 1446693,
            "current_ratio": 122.64,
            "debt_ratio": 45.77,
            "inventory_turnover_ratio": 0.37,
            "account_receivable_turnover_ratio": null,
            "reinvestment_rate": null,
            "research_to_sale_ratio": null,
            "price_fair": 0,
            "eps_avg_yearly": 0,
            "eps_latest_yearly": 0,
            "eps_growth_yearly": 0
        },
        "20033": {
            "year_quarter": 20033,
            "year": 2003,
            "quarter": 3,
            "eps": 0.12,
            "eps_growth_year": null,
            "eps_4q": -0.66,
            "eps_4q_growth_year": null,
            "roe": 0.94,
            "roe_4q": -4.989999999999999,
            "gross_profit": 195963,
            "gross_margin": 42.84,
            "gross_margin_4q_avg": 43.73,
            "net_income": 13514,
            "net_income_4q": null,
            "revenue": 457450,
            "revenue_4q": null,
            "common_shares": 1139612,
            "book_valuer_per_share": 12.67,
            "book_valuer_per_share_4q_avg": 12.65,
            "equity": 1443927,
            "current_ratio": 119.08,
            "debt_ratio": 47.91,
            "inventory_turnover_ratio": 0.46,
            "account_receivable_turnover_ratio": null,
            "reinvestment_rate": null,
            "research_to_sale_ratio": null,
            "price_fair": 0,
            "eps_avg_yearly": 0,
            "eps_latest_yearly": 0,
            "eps_growth_yearly": 0
        },
        "20034": {
            "year_quarter": 20034,
            "year": 2003,
            "quarter": 4,
            "eps": 0.28,
            "eps_growth_year": null,
            "eps_4q": 0.51,
            "eps_4q_growth_year": null,
            "roe": 2.13,
            "roe_4q": 3.91,
            "gross_profit": 249938,
            "gross_margin": 47.97,
            "gross_margin_4q_avg": 44.45,
            "net_income": 31033,
            "net_income_4q": null,
            "revenue": 521013,
            "revenue_4q": null,
            "common_shares": 1139612,
            "book_valuer_per_share": 12.87,
            "book_valuer_per_share_4q_avg": 12.73,
            "equity": 1467243,
            "current_ratio": 171.92,
            "debt_ratio": 49.53,
            "inventory_turnover_ratio": 0.35,
            "account_receivable_turnover_ratio": null,
            "reinvestment_rate": null,
            "research_to_sale_ratio": null,
            "price_fair": 39.2,
            "eps_avg_yearly": 1.12,
            "eps_latest_yearly": 1.12,
            "eps_growth_yearly": 533.33
        },
        "20041": {
            "year_quarter": 20041,
            "year": 2004,
            "quarter": 1,
            "eps": 0.38,
            "eps_growth_year": 171.43,
            "eps_4q": 0.76,
            "eps_4q_growth_year": null,
            "roe": 2.79,
            "roe_4q": 5.619999999999999,
            "gross_profit": 269188,
            "gross_margin": 48.51,
            "gross_margin_4q_avg": 46.77,
            "net_income": 41363,
            "net_income_4q": null,
            "revenue": 554949,
            "revenue_4q": null,
            "common_shares": 1139612,
            "book_valuer_per_share": 13.14,
            "book_valuer_per_share_4q_avg": 12.84,
            "equity": 1497022,
            "current_ratio": 125.05,
            "debt_ratio": 45.81,
            "inventory_turnover_ratio": 0.38,
            "account_receivable_turnover_ratio": null,
            "reinvestment_rate": null,
            "research_to_sale_ratio": null,
            "price_fair": 46.2,
            "eps_avg_yearly": 1.32,
            "eps_latest_yearly": 1.52,
            "eps_growth_yearly": 338.1
        },
        "20042": {
            "year_quarter": 20042,
            "year": 2004,
            "quarter": 2,
            "eps": 0.03,
            "eps_growth_year": null,
            "eps_4q": 0.86,
            "eps_4q_growth_year": null,
            "roe": 0.21,
            "roe_4q": 6.07,
            "gross_profit": 218312,
            "gross_margin": 51.68,
            "gross_margin_4q_avg": 47.75,
            "net_income": 3093,
            "net_income_4q": null,
            "revenue": 422437,
            "revenue_4q": null,
            "common_shares": 1139612,
            "book_valuer_per_share": 13.01,
            "book_valuer_per_share_4q_avg": 12.92,
            "equity": 1483109,
            "current_ratio": 112.12,
            "debt_ratio": 46.96,
            "inventory_turnover_ratio": 0.36,
            "account_receivable_turnover_ratio": null,
            "reinvestment_rate": null,
            "research_to_sale_ratio": null,
            "price_fair": 32.2,
            "eps_avg_yearly": 0.92,
            "eps_latest_yearly": 0.12,
            "eps_growth_yearly": 102.59
        },
        "20043": {
            "year_quarter": 20043,
            "year": 2004,
            "quarter": 3,
            "eps": 0.37,
            "eps_growth_year": 208.33,
            "eps_4q": 1.05,
            "eps_4q_growth_year": null,
            "roe": 2.72,
            "roe_4q": 7.8500000000000005,
            "gross_profit": 252507,
            "gross_margin": 47.4,
            "gross_margin_4q_avg": 48.89,
            "net_income": 40904,
            "net_income_4q": null,
            "revenue": 532755,
            "revenue_4q": null,
            "common_shares": 1139612,
            "book_valuer_per_share": 13.42,
            "book_valuer_per_share_4q_avg": 13.11,
            "equity": 1529058,
            "current_ratio": 111.06,
            "debt_ratio": 48.14,
            "inventory_turnover_ratio": 0.44,
            "account_receivable_turnover_ratio": null,
            "reinvestment_rate": null,
            "research_to_sale_ratio": null,
            "price_fair": 37.1,
            "eps_avg_yearly": 1.06,
            "eps_latest_yearly": 1.48,
            "eps_growth_yearly": 1210.28
        },
        "20044": {
            "year_quarter": 20044,
            "year": 2004,
            "quarter": 4,
            "eps": 0.09,
            "eps_growth_year": -67.86,
            "eps_4q": 0.84,
            "eps_4q_growth_year": 65.29,
            "roe": 0.67,
            "roe_4q": 6.390000000000001,
            "gross_profit": 298864,
            "gross_margin": 48.08,
            "gross_margin_4q_avg": 48.92,
            "net_income": 10184,
            "net_income_4q": null,
            "revenue": 621617,
            "revenue_4q": null,
            "common_shares": 1139612,
            "book_valuer_per_share": 13.28,
            "book_valuer_per_share_4q_avg": 13.21,
            "equity": 1515040,
            "current_ratio": 110.9,
            "debt_ratio": 53.23,
            "inventory_turnover_ratio": 0.38,
            "account_receivable_turnover_ratio": null,
            "reinvestment_rate": 534.75,
            "research_to_sale_ratio": null,
            "price_fair": 32.2,
            "eps_avg_yearly": 0.92,
            "eps_latest_yearly": 0.36,
            "eps_growth_yearly": 907.68
        },
        "20051": {
            "year_quarter": 20051,
            "year": 2005,
            "quarter": 1,
            "eps": 0.45,
            "eps_growth_year": 18.42,
            "eps_4q": 0.94,
            "eps_4q_growth_year": 24.29,
            "roe": 3.21,
            "roe_4q": 6.81,
            "gross_profit": 325405,
            "gross_margin": 49.02,
            "gross_margin_4q_avg": 49.05,
            "net_income": 49570,
            "net_income_4q": null,
            "revenue": 663789,
            "revenue_4q": null,
            "common_shares": 1139612,
            "book_valuer_per_share": 13.77,
            "book_valuer_per_share_4q_avg": 13.37,
            "equity": 1569678,
            "current_ratio": 117.38,
            "debt_ratio": 47.29,
            "inventory_turnover_ratio": 0.41,
            "account_receivable_turnover_ratio": null,
            "reinvestment_rate": null,
            "research_to_sale_ratio": null,
            "price_fair": 37.33,
            "eps_avg_yearly": 1.07,
            "eps_latest_yearly": 1.8,
            "eps_growth_yearly": 1023.07
        },
        "20052": {
            "year_quarter": 20052,
            "year": 2005,
            "quarter": 2,
            "eps": 0.2,
            "eps_growth_year": 566.67,
            "eps_4q": 1.05,
            "eps_4q_growth_year": 21.52,
            "roe": 1.5,
            "roe_4q": 8.1,
            "gross_profit": 230949,
            "gross_margin": 50.86,
            "gross_margin_4q_avg": 48.84,
            "net_income": 23712,
            "net_income_4q": null,
            "revenue": 454099,
            "revenue_4q": null,
            "common_shares": 1139612,
            "book_valuer_per_share": 13.9,
            "book_valuer_per_share_4q_avg": 13.59,
            "equity": 1583941,
            "current_ratio": 119.61,
            "debt_ratio": 43.91,
            "inventory_turnover_ratio": 0.36,
            "account_receivable_turnover_ratio": null,
            "reinvestment_rate": 615.64,
            "research_to_sale_ratio": null,
            "price_fair": 36,
            "eps_avg_yearly": 1.03,
            "eps_latest_yearly": 0.8,
            "eps_growth_yearly": 845.17
        },
        "20053": {
            "year_quarter": 20053,
            "year": 2005,
            "quarter": 3,
            "eps": 0.31,
            "eps_growth_year": -16.22,
            "eps_4q": 1.01,
            "eps_4q_growth_year": -3.8,
            "roe": 2.26,
            "roe_4q": 7.64,
            "gross_profit": 245926,
            "gross_margin": 44.08,
            "gross_margin_4q_avg": 48.01,
            "net_income": 36816,
            "net_income_4q": null,
            "revenue": 557887,
            "revenue_4q": null,
            "common_shares": 1185196,
            "book_valuer_per_share": 14.13,
            "book_valuer_per_share_4q_avg": 13.77,
            "equity": 1674269,
            "current_ratio": 116.06,
            "debt_ratio": 45.27,
            "inventory_turnover_ratio": 0.45,
            "account_receivable_turnover_ratio": null,
            "reinvestment_rate": 125.3,
            "research_to_sale_ratio": null,
            "price_fair": 36.93,
            "eps_avg_yearly": 1.06,
            "eps_latest_yearly": 1.24,
            "eps_growth_yearly": 767.02
        },
        "20054": {
            "year_quarter": 20054,
            "year": 2005,
            "quarter": 4,
            "eps": 0.63,
            "eps_growth_year": 600,
            "eps_4q": 1.57,
            "eps_4q_growth_year": 86.46,
            "roe": 4.2,
            "roe_4q": 11.17,
            "gross_profit": 329190,
            "gross_margin": 50.96,
            "gross_margin_4q_avg": 48.73,
            "net_income": 73443,
            "net_income_4q": null,
            "revenue": 646036,
            "revenue_4q": null,
            "common_shares": 1185196,
            "book_valuer_per_share": 14.73,
            "book_valuer_per_share_4q_avg": 14.13,
            "equity": 1824051,
            "current_ratio": 192.21,
            "debt_ratio": 52.34,
            "inventory_turnover_ratio": 0.29,
            "account_receivable_turnover_ratio": null,
            "reinvestment_rate": 114.72,
            "research_to_sale_ratio": null,
            "price_fair": 42.62,
            "eps_avg_yearly": 1.22,
            "eps_latest_yearly": 2.52,
            "eps_growth_yearly": 727.68
        },
        "20061": {
            "year_quarter": 20061,
            "year": 2006,
            "quarter": 1,
            "eps": 0.34,
            "eps_growth_year": -24.44,
            "eps_4q": 1.35,
            "eps_4q_growth_year": 42.92,
            "roe": 2.24,
            "roe_4q": 10.2,
            "gross_profit": 301806,
            "gross_margin": 45.28,
            "gross_margin_4q_avg": 47.8,
            "net_income": 45272,
            "net_income_4q": null,
            "revenue": 666532,
            "revenue_4q": null,
            "common_shares": 1451796,
            "book_valuer_per_share": 15.27,
            "book_valuer_per_share_4q_avg": 14.51,
            "equity": 2217270,
            "current_ratio": 167,
            "debt_ratio": 28.86,
            "inventory_turnover_ratio": 0.34,
            "account_receivable_turnover_ratio": null,
            "reinvestment_rate": 36.08,
            "research_to_sale_ratio": null,
            "price_fair": 43.12,
            "eps_avg_yearly": 1.23,
            "eps_latest_yearly": 1.36,
            "eps_growth_yearly": 636.5
        },
        "20062": {
            "year_quarter": 20062,
            "year": 2006,
            "quarter": 2,
            "eps": 0.03,
            "eps_growth_year": -85,
            "eps_4q": 1.01,
            "eps_4q_growth_year": -3.52,
            "roe": 0.22,
            "roe_4q": 8.92,
            "gross_profit": 223113,
            "gross_margin": 49.24,
            "gross_margin_4q_avg": 47.39,
            "net_income": 4751,
            "net_income_4q": null,
            "revenue": 453150,
            "revenue_4q": null,
            "common_shares": 1451796,
            "book_valuer_per_share": 14.46,
            "book_valuer_per_share_4q_avg": 14.65,
            "equity": 2099572,
            "current_ratio": 141.03,
            "debt_ratio": 31.11,
            "inventory_turnover_ratio": 0.32,
            "account_receivable_turnover_ratio": null,
            "reinvestment_rate": 36.85,
            "research_to_sale_ratio": null,
            "price_fair": 39.58,
            "eps_avg_yearly": 1.13,
            "eps_latest_yearly": 0.12,
            "eps_growth_yearly": 545.48
        },
        "20063": {
            "year_quarter": 20063,
            "year": 2006,
            "quarter": 3,
            "eps": 0.16,
            "eps_growth_year": -48.39,
            "eps_4q": 1.01,
            "eps_4q_growth_year": -0.54,
            "roe": 1.1,
            "roe_4q": 7.760000000000001,
            "gross_profit": 251024,
            "gross_margin": 44.28,
            "gross_margin_4q_avg": 47.44,
            "net_income": 23315,
            "net_income_4q": null,
            "revenue": 566876,
            "revenue_4q": null,
            "common_shares": 1495350,
            "book_valuer_per_share": 14.38,
            "book_valuer_per_share_4q_avg": 14.71,
            "equity": 2149943,
            "current_ratio": 135.32,
            "debt_ratio": 35.14,
            "inventory_turnover_ratio": 0.41,
            "account_receivable_turnover_ratio": null,
            "reinvestment_rate": 26.57,
            "research_to_sale_ratio": null,
            "price_fair": 38.15,
            "eps_avg_yearly": 1.09,
            "eps_latest_yearly": 0.64,
            "eps_growth_yearly": 644.47
        },
        "20064": {
            "year_quarter": 20064,
            "year": 2006,
            "quarter": 4,
            "eps": 0.35,
            "eps_growth_year": -44.44,
            "eps_4q": 0.85,
            "eps_4q_growth_year": -46.27,
            "roe": 2.33,
            "roe_4q": 5.890000000000001,
            "gross_profit": 287142,
            "gross_margin": 47.13,
            "gross_margin_4q_avg": 46.48,
            "net_income": 51752,
            "net_income_4q": null,
            "revenue": 609224,
            "revenue_4q": null,
            "common_shares": 1495350,
            "book_valuer_per_share": 14.73,
            "book_valuer_per_share_4q_avg": 14.71,
            "equity": 2293462,
            "current_ratio": 186.47,
            "debt_ratio": 42.53,
            "inventory_turnover_ratio": 0.26,
            "account_receivable_turnover_ratio": null,
            "reinvestment_rate": 35.88,
            "research_to_sale_ratio": null,
            "price_fair": 38.98,
            "eps_avg_yearly": 1.11,
            "eps_latest_yearly": 1.4,
            "eps_growth_yearly": 631.43
        },
        "20071": {
            "year_quarter": 20071,
            "year": 2007,
            "quarter": 1,
            "eps": 0.34,
            "eps_growth_year": 0,
            "eps_4q": 0.87,
            "eps_4q_growth_year": -35.31,
            "roe": 2.24,
            "roe_4q": 5.89,
            "gross_profit": 288729,
            "gross_margin": 44.94,
            "gross_margin_4q_avg": 46.4,
            "net_income": 51124,
            "net_income_4q": null,
            "revenue": 642454,
            "revenue_4q": null,
            "common_shares": 1495350,
            "book_valuer_per_share": 15.23,
            "book_valuer_per_share_4q_avg": 14.7,
            "equity": 2277620,
            "current_ratio": 208.96,
            "debt_ratio": 31.32,
            "inventory_turnover_ratio": 0.3,
            "account_receivable_turnover_ratio": null,
            "reinvestment_rate": 11.06,
            "research_to_sale_ratio": null,
            "price_fair": 39.6,
            "eps_avg_yearly": 1.13,
            "eps_latest_yearly": 1.36,
            "eps_growth_yearly": 585.51
        },
        "20072": {
            "year_quarter": 20072,
            "year": 2007,
            "quarter": 2,
            "eps": -0.01,
            "eps_growth_year": -133.33,
            "eps_4q": 0.84,
            "eps_4q_growth_year": -17.17,
            "roe": -0.04,
            "roe_4q": 5.630000000000001,
            "gross_profit": 209253,
            "gross_margin": 47.66,
            "gross_margin_4q_avg": 46,
            "net_income": -838,
            "net_income_4q": null,
            "revenue": 439086,
            "revenue_4q": null,
            "common_shares": 1495350,
            "book_valuer_per_share": 14.58,
            "book_valuer_per_share_4q_avg": 14.73,
            "equity": 2180020,
            "current_ratio": 168.99,
            "debt_ratio": 33.02,
            "inventory_turnover_ratio": 0.32,
            "account_receivable_turnover_ratio": null,
            "reinvestment_rate": 7.22,
            "research_to_sale_ratio": null,
            "price_fair": 39.6,
            "eps_avg_yearly": 1.13,
            "eps_latest_yearly": 1.36,
            "eps_growth_yearly": 585.51
        },
        "20073": {
            "year_quarter": 20073,
            "year": 2007,
            "quarter": 3,
            "eps": 0.15,
            "eps_growth_year": -6.25,
            "eps_4q": 0.85,
            "eps_4q_growth_year": -15.72,
            "roe": 0.97,
            "roe_4q": 5.5,
            "gross_profit": 238185,
            "gross_margin": 42.66,
            "gross_margin_4q_avg": 45.6,
            "net_income": 21899,
            "net_income_4q": null,
            "revenue": 558398,
            "revenue_4q": null,
            "common_shares": 1495350,
            "book_valuer_per_share": 15.76,
            "book_valuer_per_share_4q_avg": 15.08,
            "equity": 2357407,
            "current_ratio": 183.84,
            "debt_ratio": 32.8,
            "inventory_turnover_ratio": 0.42,
            "account_receivable_turnover_ratio": null,
            "reinvestment_rate": 3.37,
            "research_to_sale_ratio": null,
            "price_fair": 39.6,
            "eps_avg_yearly": 1.13,
            "eps_latest_yearly": 1.36,
            "eps_growth_yearly": 585.51
        },
        "20074": {
            "year_quarter": 20074,
            "year": 2007,
            "quarter": 4,
            "eps": 0.57,
            "eps_growth_year": 62.86,
            "eps_4q": 1.05,
            "eps_4q_growth_year": 24.24,
            "roe": 3.57,
            "roe_4q": 6.74,
            "gross_profit": 307558,
            "gross_margin": 47.68,
            "gross_margin_4q_avg": 45.74,
            "net_income": 85537,
            "net_income_4q": null,
            "revenue": 644982,
            "revenue_4q": null,
            "common_shares": 1495350,
            "book_valuer_per_share": 15.49,
            "book_valuer_per_share_4q_avg": 15.27,
            "equity": 2436741,
            "current_ratio": 188.83,
            "debt_ratio": 45.65,
            "inventory_turnover_ratio": 0.26,
            "account_receivable_turnover_ratio": null,
            "reinvestment_rate": 29.16,
            "research_to_sale_ratio": null,
            "price_fair": 42.5,
            "eps_avg_yearly": 1.21,
            "eps_latest_yearly": 2.28,
            "eps_growth_yearly": 627.42
        },
        "20081": {
            "year_quarter": 20081,
            "year": 2008,
            "quarter": 1,
            "eps": 0.51,
            "eps_growth_year": 50,
            "eps_4q": 1.19,
            "eps_4q_growth_year": 36.39,
            "roe": 3.14,
            "roe_4q": 7.64,
            "gross_profit": 678836,
            "gross_margin": 43.17,
            "gross_margin_4q_avg": 45.29,
            "net_income": 78082,
            "net_income_4q": null,
            "revenue": 1572319,
            "revenue_4q": null,
            "common_shares": 1495350,
            "book_valuer_per_share": 16.16,
            "book_valuer_per_share_4q_avg": 15.5,
            "equity": 2538589,
            "current_ratio": 174.54,
            "debt_ratio": 47.21,
            "inventory_turnover_ratio": 0.5,
            "account_receivable_turnover_ratio": null,
            "reinvestment_rate": 52.8,
            "research_to_sale_ratio": null,
            "price_fair": 43.8,
            "eps_avg_yearly": 1.25,
            "eps_latest_yearly": 2.04,
            "eps_growth_yearly": 614.2
        },
        "20082": {
            "year_quarter": 20082,
            "year": 2008,
            "quarter": 2,
            "eps": 0.15,
            "eps_growth_year": null,
            "eps_4q": 1.28,
            "eps_4q_growth_year": 52.31,
            "roe": 0.97,
            "roe_4q": 8.65,
            "gross_profit": 538659,
            "gross_margin": 46.85,
            "gross_margin_4q_avg": 45.09,
            "net_income": 24264,
            "net_income_4q": null,
            "revenue": 1149700,
            "revenue_4q": null,
            "common_shares": 1495350,
            "book_valuer_per_share": 15.78,
            "book_valuer_per_share_4q_avg": 15.8,
            "equity": 2479440,
            "current_ratio": 180.57,
            "debt_ratio": 42.62,
            "inventory_turnover_ratio": 0.35,
            "account_receivable_turnover_ratio": null,
            "reinvestment_rate": 49.29,
            "research_to_sale_ratio": null,
            "price_fair": 45,
            "eps_avg_yearly": 1.29,
            "eps_latest_yearly": 0.6,
            "eps_growth_yearly": 620.35
        },
        "20083": {
            "year_quarter": 20083,
            "year": 2008,
            "quarter": 3,
            "eps": 0.13,
            "eps_growth_year": -13.33,
            "eps_4q": 1.23,
            "eps_4q_growth_year": 45.07,
            "roe": 0.85,
            "roe_4q": 8.53,
            "gross_profit": 615268,
            "gross_margin": 41.15,
            "gross_margin_4q_avg": 44.71,
            "net_income": 21666,
            "net_income_4q": null,
            "revenue": 1495004,
            "revenue_4q": null,
            "common_shares": 1585071,
            "book_valuer_per_share": 15.69,
            "book_valuer_per_share_4q_avg": 15.78,
            "equity": 2607932,
            "current_ratio": 157.47,
            "debt_ratio": 51.33,
            "inventory_turnover_ratio": 0.45,
            "account_receivable_turnover_ratio": null,
            "reinvestment_rate": 64.11,
            "research_to_sale_ratio": null,
            "price_fair": 42.6,
            "eps_avg_yearly": 1.22,
            "eps_latest_yearly": 0.52,
            "eps_growth_yearly": 292.73
        },
        "20084": {
            "year_quarter": 20084,
            "year": 2008,
            "quarter": 4,
            "eps": 0.32,
            "eps_growth_year": -43.86,
            "eps_4q": 1.12,
            "eps_4q_growth_year": 6.9,
            "roe": 1.85,
            "roe_4q": 6.8100000000000005,
            "gross_profit": 728879,
            "gross_margin": 42.92,
            "gross_margin_4q_avg": 43.52,
            "net_income": 48396,
            "net_income_4q": null,
            "revenue": 1698413,
            "revenue_4q": null,
            "common_shares": 1585071,
            "book_valuer_per_share": 15.77,
            "book_valuer_per_share_4q_avg": 15.85,
            "equity": 2637190,
            "current_ratio": 177.66,
            "debt_ratio": 50.24,
            "inventory_turnover_ratio": 0.46,
            "account_receivable_turnover_ratio": 4.96,
            "reinvestment_rate": 33.73,
            "research_to_sale_ratio": null,
            "price_fair": 44.9,
            "eps_avg_yearly": 1.28,
            "eps_latest_yearly": 1.28,
            "eps_growth_yearly": 356.11
        },
        "20091": {
            "year_quarter": 20091,
            "year": 2009,
            "quarter": 1,
            "eps": 0.56,
            "eps_growth_year": 9.8,
            "eps_4q": 1.19,
            "eps_4q_growth_year": 0.24,
            "roe": 3.14,
            "roe_4q": 6.81,
            "gross_profit": 800658,
            "gross_margin": 42.33,
            "gross_margin_4q_avg": 43.31,
            "net_income": 85575,
            "net_income_4q": null,
            "revenue": 1891351,
            "revenue_4q": null,
            "common_shares": 1585071,
            "book_valuer_per_share": 17.01,
            "book_valuer_per_share_4q_avg": 16.06,
            "equity": 2817007,
            "current_ratio": 233.4,
            "debt_ratio": 49.41,
            "inventory_turnover_ratio": 0.53,
            "account_receivable_turnover_ratio": 2.75,
            "reinvestment_rate": 56.65,
            "research_to_sale_ratio": null,
            "price_fair": 46,
            "eps_avg_yearly": 1.31,
            "eps_latest_yearly": 2.24,
            "eps_growth_yearly": 263.26
        },
        "20092": {
            "year_quarter": 20092,
            "year": 2009,
            "quarter": 2,
            "eps": 0.29,
            "eps_growth_year": 93.33,
            "eps_4q": 1.26,
            "eps_4q_growth_year": -1.2,
            "roe": 1.68,
            "roe_4q": 7.52,
            "gross_profit": 647655,
            "gross_margin": 46.65,
            "gross_margin_4q_avg": 43.26,
            "net_income": 46870,
            "net_income_4q": null,
            "revenue": 1388391,
            "revenue_4q": null,
            "common_shares": 1585071,
            "book_valuer_per_share": 16.6,
            "book_valuer_per_share_4q_avg": 16.27,
            "equity": 2754243,
            "current_ratio": 285.04,
            "debt_ratio": 44.06,
            "inventory_turnover_ratio": 0.38,
            "account_receivable_turnover_ratio": 2.22,
            "reinvestment_rate": 48.47,
            "research_to_sale_ratio": null,
            "price_fair": 46.9,
            "eps_avg_yearly": 1.34,
            "eps_latest_yearly": 1.16,
            "eps_growth_yearly": 265.35
        },
        "20093": {
            "year_quarter": 20093,
            "year": 2009,
            "quarter": 3,
            "eps": 0.27,
            "eps_growth_year": 107.69,
            "eps_4q": 1.29,
            "eps_4q_growth_year": 4.41,
            "roe": 1.74,
            "roe_4q": 8.41,
            "gross_profit": 627681,
            "gross_margin": 39.19,
            "gross_margin_4q_avg": 42.77,
            "net_income": 48141,
            "net_income_4q": null,
            "revenue": 1601539,
            "revenue_4q": null,
            "common_shares": 1696026,
            "book_valuer_per_share": 15.57,
            "book_valuer_per_share_4q_avg": 16.24,
            "equity": 2764234,
            "current_ratio": 207.71,
            "debt_ratio": 51.15,
            "inventory_turnover_ratio": 0.48,
            "account_receivable_turnover_ratio": 2.5,
            "reinvestment_rate": 48.81,
            "research_to_sale_ratio": null,
            "price_fair": 46.5,
            "eps_avg_yearly": 1.33,
            "eps_latest_yearly": 1.08,
            "eps_growth_yearly": 247.67
        },
        "20094": {
            "year_quarter": 20094,
            "year": 2009,
            "quarter": 4,
            "eps": 0.58,
            "eps_growth_year": 81.25,
            "eps_4q": 1.64,
            "eps_4q_growth_year": 45.7,
            "roe": 3.6,
            "roe_4q": 10.16,
            "gross_profit": 874509,
            "gross_margin": 47.37,
            "gross_margin_4q_avg": 43.89,
            "net_income": 100454,
            "net_income_4q": null,
            "revenue": 1846259,
            "revenue_4q": null,
            "common_shares": 1696026,
            "book_valuer_per_share": 16.09,
            "book_valuer_per_share_4q_avg": 16.32,
            "equity": 2811464,
            "current_ratio": 253.47,
            "debt_ratio": 46,
            "inventory_turnover_ratio": 0.46,
            "account_receivable_turnover_ratio": 4.91,
            "reinvestment_rate": 15.95,
            "research_to_sale_ratio": null,
            "price_fair": 46,
            "eps_avg_yearly": 1.31,
            "eps_latest_yearly": 2.32,
            "eps_growth_yearly": 250.98
        },
        "20101": {
            "year_quarter": 20101,
            "year": 2010,
            "quarter": 1,
            "eps": 0.81,
            "eps_growth_year": 44.64,
            "eps_4q": 1.93,
            "eps_4q_growth_year": 62.13,
            "roe": 4.77,
            "roe_4q": 11.79,
            "gross_profit": 806171,
            "gross_margin": 39.98,
            "gross_margin_4q_avg": 43.3,
            "net_income": 137135,
            "net_income_4q": null,
            "revenue": 2016523,
            "revenue_4q": null,
            "common_shares": 1696026,
            "book_valuer_per_share": 16.83,
            "book_valuer_per_share_4q_avg": 16.27,
            "equity": 2938130,
            "current_ratio": 235.73,
            "debt_ratio": 45.09,
            "inventory_turnover_ratio": 0.62,
            "account_receivable_turnover_ratio": 2.77,
            "reinvestment_rate": 56.72,
            "research_to_sale_ratio": null,
            "price_fair": 50.7,
            "eps_avg_yearly": 1.45,
            "eps_latest_yearly": 3.24,
            "eps_growth_yearly": 275.46
        },
        "20102": {
            "year_quarter": 20102,
            "year": 2010,
            "quarter": 2,
            "eps": 0.19,
            "eps_growth_year": -36.13,
            "eps_4q": 1.74,
            "eps_4q_growth_year": 37.69,
            "roe": 1.17,
            "roe_4q": 11.28,
            "gross_profit": 618765,
            "gross_margin": 52.91,
            "gross_margin_4q_avg": 44.86,
            "net_income": 34041,
            "net_income_4q": null,
            "revenue": 1169397,
            "revenue_4q": null,
            "common_shares": 1696026,
            "book_valuer_per_share": 16.55,
            "book_valuer_per_share_4q_avg": 16.26,
            "equity": 2868833,
            "current_ratio": 246.32,
            "debt_ratio": 42.54,
            "inventory_turnover_ratio": 0.3,
            "account_receivable_turnover_ratio": 1.89,
            "reinvestment_rate": 69.26,
            "research_to_sale_ratio": null,
            "price_fair": 52.3,
            "eps_avg_yearly": 1.49,
            "eps_latest_yearly": 0.76,
            "eps_growth_yearly": 279.64
        },
        "20103": {
            "year_quarter": 20103,
            "year": 2010,
            "quarter": 3,
            "eps": 0.26,
            "eps_growth_year": -5.27,
            "eps_4q": 1.74,
            "eps_4q_growth_year": 35.26,
            "roe": 1.67,
            "roe_4q": 11.209999999999999,
            "gross_profit": 672798,
            "gross_margin": 40.38,
            "gross_margin_4q_avg": 45.16,
            "net_income": 48184,
            "net_income_4q": null,
            "revenue": 1666082,
            "revenue_4q": null,
            "common_shares": 1814748,
            "book_valuer_per_share": 15.55,
            "book_valuer_per_share_4q_avg": 16.26,
            "equity": 2884705,
            "current_ratio": 190.66,
            "debt_ratio": 50.57,
            "inventory_turnover_ratio": 0.5,
            "account_receivable_turnover_ratio": 2.92,
            "reinvestment_rate": 79.88,
            "research_to_sale_ratio": null,
            "price_fair": 53.3,
            "eps_avg_yearly": 1.52,
            "eps_latest_yearly": 1.04,
            "eps_growth_yearly": 166.36
        },
        "20104": {
            "year_quarter": 20104,
            "year": 2010,
            "quarter": 4,
            "eps": 0.61,
            "eps_growth_year": 4.35,
            "eps_4q": 1.8,
            "eps_4q_growth_year": 10.02,
            "roe": 3.88,
            "roe_4q": 11.489999999999998,
            "gross_profit": 943981,
            "gross_margin": 47.41,
            "gross_margin_4q_avg": 45.17,
            "net_income": 111525,
            "net_income_4q": null,
            "revenue": 1991048,
            "revenue_4q": null,
            "common_shares": 1814748,
            "book_valuer_per_share": 15.46,
            "book_valuer_per_share_4q_avg": 16.1,
            "equity": 2870480,
            "current_ratio": 204.46,
            "debt_ratio": 49.28,
            "inventory_turnover_ratio": 0.48,
            "account_receivable_turnover_ratio": 2.99,
            "reinvestment_rate": 54.11,
            "research_to_sale_ratio": null,
            "price_fair": 55.9,
            "eps_avg_yearly": 1.6,
            "eps_latest_yearly": 2.44,
            "eps_growth_yearly": 170.89
        },
        "20111": {
            "year_quarter": 20111,
            "year": 2011,
            "quarter": 1,
            "eps": 0.51,
            "eps_growth_year": -37.04,
            "eps_4q": 1.46,
            "eps_4q_growth_year": -24.38,
            "roe": 3.05,
            "roe_4q": 9.77,
            "gross_profit": 844815,
            "gross_margin": 42.2,
            "gross_margin_4q_avg": 45.73,
            "net_income": 97387,
            "net_income_4q": null,
            "revenue": 2001831,
            "revenue_4q": null,
            "common_shares": 1953548,
            "book_valuer_per_share": 17.68,
            "book_valuer_per_share_4q_avg": 16.31,
            "equity": 3521707,
            "current_ratio": 196.35,
            "debt_ratio": 45.06,
            "inventory_turnover_ratio": 0.54,
            "account_receivable_turnover_ratio": 2.91,
            "reinvestment_rate": 90.68,
            "research_to_sale_ratio": null,
            "price_fair": 57.6,
            "eps_avg_yearly": 1.65,
            "eps_latest_yearly": 2.04,
            "eps_growth_yearly": 167.02
        },
        "20112": {
            "year_quarter": 20112,
            "year": 2011,
            "quarter": 2,
            "eps": 0.07,
            "eps_growth_year": -64.79,
            "eps_4q": 1.3,
            "eps_4q_growth_year": -24.96,
            "roe": 0.52,
            "roe_4q": 9.12,
            "gross_profit": 725890,
            "gross_margin": 44.85,
            "gross_margin_4q_avg": 43.71,
            "net_income": 17826,
            "net_income_4q": null,
            "revenue": 1618366,
            "revenue_4q": null,
            "common_shares": 1953548,
            "book_valuer_per_share": 16.63,
            "book_valuer_per_share_4q_avg": 16.33,
            "equity": 3318791,
            "current_ratio": 181.32,
            "debt_ratio": 43.96,
            "inventory_turnover_ratio": 0.43,
            "account_receivable_turnover_ratio": 2.38,
            "reinvestment_rate": 109.31,
            "research_to_sale_ratio": null,
            "price_fair": 54.41,
            "eps_avg_yearly": 1.55,
            "eps_latest_yearly": 0.28,
            "eps_growth_yearly": 132.88
        },
        "20113": {
            "year_quarter": 20113,
            "year": 2011,
            "quarter": 3,
            "eps": 0.49,
            "eps_growth_year": 90.33,
            "eps_4q": 1.56,
            "eps_4q_growth_year": -10.21,
            "roe": 2.96,
            "roe_4q": 10.41,
            "gross_profit": 942494,
            "gross_margin": 48.34,
            "gross_margin_4q_avg": 45.7,
            "net_income": 102275,
            "net_income_4q": null,
            "revenue": 1949872,
            "revenue_4q": null,
            "common_shares": 2031690,
            "book_valuer_per_share": 17.29,
            "book_valuer_per_share_4q_avg": 16.77,
            "equity": 3588956,
            "current_ratio": 151.04,
            "debt_ratio": 54.81,
            "inventory_turnover_ratio": 0.38,
            "account_receivable_turnover_ratio": 2.56,
            "reinvestment_rate": 110.52,
            "research_to_sale_ratio": null,
            "price_fair": 55.3,
            "eps_avg_yearly": 1.58,
            "eps_latest_yearly": 1.96,
            "eps_growth_yearly": 274.58
        },
        "20114": {
            "year_quarter": 20114,
            "year": 2011,
            "quarter": 4,
            "eps": 0.34,
            "eps_growth_year": -43.7,
            "eps_4q": 1.37,
            "eps_4q_growth_year": -23.93,
            "roe": 1.93,
            "roe_4q": 8.46,
            "gross_profit": 933074,
            "gross_margin": 41.06,
            "gross_margin_4q_avg": 44.11,
            "net_income": 69536,
            "net_income_4q": null,
            "revenue": 2272266,
            "revenue_4q": null,
            "common_shares": 2031690,
            "book_valuer_per_share": 17.65,
            "book_valuer_per_share_4q_avg": 17.31,
            "equity": 3632567,
            "current_ratio": 156.68,
            "debt_ratio": 53.14,
            "inventory_turnover_ratio": 0.43,
            "account_receivable_turnover_ratio": 2.52,
            "reinvestment_rate": 106.58,
            "research_to_sale_ratio": null,
            "price_fair": 53.29,
            "eps_avg_yearly": 1.52,
            "eps_latest_yearly": 1.36,
            "eps_growth_yearly": 196.92
        },
        "20121": {
            "year_quarter": 20121,
            "year": 2012,
            "quarter": 1,
            "eps": 0.44,
            "eps_growth_year": -13.73,
            "eps_4q": 1.33,
            "eps_4q_growth_year": -9.06,
            "roe": 2.47,
            "roe_4q": 7.880000000000001,
            "gross_profit": 954890,
            "gross_margin": 41.96,
            "gross_margin_4q_avg": 44.05,
            "net_income": 90545,
            "net_income_4q": null,
            "revenue": 2275804,
            "revenue_4q": null,
            "common_shares": 2031690,
            "book_valuer_per_share": 17.87,
            "book_valuer_per_share_4q_avg": 17.36,
            "equity": 3706851,
            "current_ratio": 175.6,
            "debt_ratio": 49.24,
            "inventory_turnover_ratio": 0.46,
            "account_receivable_turnover_ratio": 2.48,
            "reinvestment_rate": 100.8,
            "research_to_sale_ratio": null,
            "price_fair": 52.68,
            "eps_avg_yearly": 1.51,
            "eps_latest_yearly": 1.76,
            "eps_growth_yearly": 206.91
        },
        "20122": {
            "year_quarter": 20122,
            "year": 2012,
            "quarter": 2,
            "eps": -0.12,
            "eps_growth_year": -291.64,
            "eps_4q": 1.09,
            "eps_4q_growth_year": -16.47,
            "roe": -0.65,
            "roe_4q": 6.71,
            "gross_profit": 756046,
            "gross_margin": 43.01,
            "gross_margin_4q_avg": 43.59,
            "net_income": -23426,
            "net_income_4q": null,
            "revenue": 1757965,
            "revenue_4q": null,
            "common_shares": 2031690,
            "book_valuer_per_share": 16.77,
            "book_valuer_per_share_4q_avg": 17.4,
            "equity": 3501535,
            "current_ratio": 169.77,
            "debt_ratio": 50.92,
            "inventory_turnover_ratio": 0.37,
            "account_receivable_turnover_ratio": 2.11,
            "reinvestment_rate": 120.42,
            "research_to_sale_ratio": null,
            "price_fair": 54.79,
            "eps_avg_yearly": 1.57,
            "eps_latest_yearly": 1.76,
            "eps_growth_yearly": 239.53
        },
        "20123": {
            "year_quarter": 20123,
            "year": 2012,
            "quarter": 3,
            "eps": 0.3,
            "eps_growth_year": -38.91,
            "eps_4q": 0.92,
            "eps_4q_growth_year": -41.22,
            "roe": 1.89,
            "roe_4q": 5.64,
            "gross_profit": 925810,
            "gross_margin": 44.1,
            "gross_margin_4q_avg": 42.53,
            "net_income": 66690,
            "net_income_4q": null,
            "revenue": 2099169,
            "revenue_4q": null,
            "common_shares": 2112958,
            "book_valuer_per_share": 16.31,
            "book_valuer_per_share_4q_avg": 17.15,
            "equity": 3545382,
            "current_ratio": 156.82,
            "debt_ratio": 57.41,
            "inventory_turnover_ratio": 0.41,
            "account_receivable_turnover_ratio": 2.35,
            "reinvestment_rate": 104.52,
            "research_to_sale_ratio": null,
            "price_fair": 57.4,
            "eps_avg_yearly": 1.64,
            "eps_latest_yearly": 1.76,
            "eps_growth_yearly": 260.45
        },
        "20124": {
            "year_quarter": 20124,
            "year": 2012,
            "quarter": 4,
            "eps": 0.18,
            "eps_growth_year": -47.52,
            "eps_4q": 0.77,
            "eps_4q_growth_year": -43.66,
            "roe": 1.11,
            "roe_4q": 4.82,
            "gross_profit": 981901,
            "gross_margin": 41.64,
            "gross_margin_4q_avg": 42.68,
            "net_income": 39695,
            "net_income_4q": null,
            "revenue": 2358280,
            "revenue_4q": null,
            "common_shares": 2112958,
            "book_valuer_per_share": 16.49,
            "book_valuer_per_share_4q_avg": 16.86,
            "equity": 3584581,
            "current_ratio": 144.14,
            "debt_ratio": 54.99,
            "inventory_turnover_ratio": 0.47,
            "account_receivable_turnover_ratio": 2.22,
            "reinvestment_rate": 130.21,
            "research_to_sale_ratio": null,
            "price_fair": 56,
            "eps_avg_yearly": 1.6,
            "eps_latest_yearly": 0.72,
            "eps_growth_yearly": 207.26
        },
        "20131": {
            "year_quarter": 20131,
            "year": 2013,
            "quarter": 1,
            "eps": 0.2,
            "eps_growth_year": -54.55,
            "eps_4q": 0.56,
            "eps_4q_growth_year": -58.11,
            "roe": 1.38,
            "roe_4q": 3.73,
            "gross_profit": 1226194,
            "gross_margin": 48.81,
            "gross_margin_4q_avg": 44.39,
            "net_income": 49582,
            "net_income_4q": null,
            "revenue": 2512028,
            "revenue_4q": null,
            "common_shares": 2112958,
            "book_valuer_per_share": 16.64,
            "book_valuer_per_share_4q_avg": 16.55,
            "equity": 3621382,
            "current_ratio": 175.36,
            "debt_ratio": 55.16,
            "inventory_turnover_ratio": 0.48,
            "account_receivable_turnover_ratio": 2.26,
            "reinvestment_rate": 145.71,
            "research_to_sale_ratio": null,
            "price_fair": 52.4,
            "eps_avg_yearly": 1.5,
            "eps_latest_yearly": 0.8,
            "eps_growth_yearly": 189
        },
        "20132": {
            "year_quarter": 20132,
            "year": 2013,
            "quarter": 2,
            "eps": -0.57,
            "eps_growth_year": null,
            "eps_4q": 0.11,
            "eps_4q_growth_year": -89.63,
            "roe": -3.44,
            "roe_4q": 0.94,
            "gross_profit": 905805,
            "gross_margin": 46.82,
            "gross_margin_4q_avg": 45.34,
            "net_income": -120563,
            "net_income_4q": null,
            "revenue": 1934648,
            "revenue_4q": null,
            "common_shares": 2112958,
            "book_valuer_per_share": 15.52,
            "book_valuer_per_share_4q_avg": 16.24,
            "equity": 3384621,
            "current_ratio": 177.36,
            "debt_ratio": 54.74,
            "inventory_turnover_ratio": 0.42,
            "account_receivable_turnover_ratio": 2.03,
            "reinvestment_rate": 182.86,
            "research_to_sale_ratio": null,
            "price_fair": 53.31,
            "eps_avg_yearly": 1.52,
            "eps_latest_yearly": 0.8,
            "eps_growth_yearly": 218.38
        },
        "20133": {
            "year_quarter": 20133,
            "year": 2013,
            "quarter": 3,
            "eps": -0.3,
            "eps_growth_year": -200.87,
            "eps_4q": -0.48,
            "eps_4q_growth_year": -152.24,
            "roe": -1.77,
            "roe_4q": -2.7199999999999998,
            "gross_profit": 1014424,
            "gross_margin": 45.99,
            "gross_margin_4q_avg": 45.82,
            "net_income": -58963,
            "net_income_4q": null,
            "revenue": 2205526,
            "revenue_4q": null,
            "common_shares": 2112958,
            "book_valuer_per_share": 15.06,
            "book_valuer_per_share_4q_avg": 15.93,
            "equity": 3293881,
            "current_ratio": 174.91,
            "debt_ratio": 60.37,
            "inventory_turnover_ratio": 0.47,
            "account_receivable_turnover_ratio": 2.46,
            "reinvestment_rate": 93.42,
            "research_to_sale_ratio": null,
            "price_fair": 54.6,
            "eps_avg_yearly": 1.56,
            "eps_latest_yearly": 0.8,
            "eps_growth_yearly": 238.88
        },
        "20134": {
            "year_quarter": 20134,
            "year": 2013,
            "quarter": 4,
            "eps": 0.32,
            "eps_growth_year": 76.83,
            "eps_4q": -0.34,
            "eps_4q_growth_year": -144.34,
            "roe": 2.13,
            "roe_4q": -1.7000000000000002,
            "gross_profit": 1355691,
            "gross_margin": 51.1,
            "gross_margin_4q_avg": 48.18,
            "net_income": 71333,
            "net_income_4q": null,
            "revenue": 2653047,
            "revenue_4q": null,
            "common_shares": 2112958,
            "book_valuer_per_share": 15.59,
            "book_valuer_per_share_4q_avg": 15.7,
            "equity": 3408364,
            "current_ratio": 190.89,
            "debt_ratio": 56.33,
            "inventory_turnover_ratio": 0.5,
            "account_receivable_turnover_ratio": 2.59,
            "reinvestment_rate": 104.99,
            "research_to_sale_ratio": null,
            "price_fair": 52.18,
            "eps_avg_yearly": 1.49,
            "eps_latest_yearly": 0.8,
            "eps_growth_yearly": 218.84
        },
        "20141": {
            "year_quarter": 20141,
            "year": 2014,
            "quarter": 1,
            "eps": -0.26,
            "eps_growth_year": -230,
            "eps_4q": -0.8,
            "eps_4q_growth_year": -244.52,
            "roe": -1.47,
            "roe_4q": -4.55,
            "gross_profit": 1140847,
            "gross_margin": 47.33,
            "gross_margin_4q_avg": 47.81,
            "net_income": -49919,
            "net_income_4q": null,
            "revenue": 2410618,
            "revenue_4q": null,
            "common_shares": 2112958,
            "book_valuer_per_share": 15.34,
            "book_valuer_per_share_4q_avg": 15.38,
            "equity": 3362258,
            "current_ratio": 189.32,
            "debt_ratio": 55.59,
            "inventory_turnover_ratio": 0.54,
            "account_receivable_turnover_ratio": 2.44,
            "reinvestment_rate": 117.41,
            "research_to_sale_ratio": null,
            "price_fair": 46.06,
            "eps_avg_yearly": 1.32,
            "eps_latest_yearly": 0.8,
            "eps_growth_yearly": 224.86
        },
        "20142": {
            "year_quarter": 20142,
            "year": 2014,
            "quarter": 2,
            "eps": -0.51,
            "eps_growth_year": null,
            "eps_4q": -0.75,
            "eps_4q_growth_year": -759.78,
            "roe": -3.26,
            "roe_4q": -4.369999999999999,
            "gross_profit": 931015,
            "gross_margin": 48.91,
            "gross_margin_4q_avg": 48.33,
            "net_income": -107083,
            "net_income_4q": null,
            "revenue": 1903549,
            "revenue_4q": null,
            "common_shares": 2112958,
            "book_valuer_per_share": 14.62,
            "book_valuer_per_share_4q_avg": 15.15,
            "equity": 3205045,
            "current_ratio": 197.07,
            "debt_ratio": 56.49,
            "inventory_turnover_ratio": 0.45,
            "account_receivable_turnover_ratio": 2.3,
            "reinvestment_rate": 100.75,
            "research_to_sale_ratio": null,
            "price_fair": 48.22,
            "eps_avg_yearly": 1.38,
            "eps_latest_yearly": 0.8,
            "eps_growth_yearly": 283.87
        },
        "20143": {
            "year_quarter": 20143,
            "year": 2014,
            "quarter": 3,
            "eps": -0.1,
            "eps_growth_year": null,
            "eps_4q": -0.55,
            "eps_4q_growth_year": null,
            "roe": -0.63,
            "roe_4q": -3.2299999999999995,
            "gross_profit": 1080331,
            "gross_margin": 48.08,
            "gross_margin_4q_avg": 48.86,
            "net_income": -20168,
            "net_income_4q": null,
            "revenue": 2246751,
            "revenue_4q": null,
            "common_shares": 2112958,
            "book_valuer_per_share": 14.79,
            "book_valuer_per_share_4q_avg": 15.09,
            "equity": 3242701,
            "current_ratio": 170.99,
            "debt_ratio": 59.89,
            "inventory_turnover_ratio": 0.48,
            "account_receivable_turnover_ratio": 2.57,
            "reinvestment_rate": 90.6,
            "research_to_sale_ratio": null,
            "price_fair": 49.7,
            "eps_avg_yearly": 1.42,
            "eps_latest_yearly": 0.8,
            "eps_growth_yearly": 300.93
        },
        "20144": {
            "year_quarter": 20144,
            "year": 2014,
            "quarter": 4,
            "eps": 0.37,
            "eps_growth_year": 15.76,
            "eps_4q": -0.5,
            "eps_4q_growth_year": null,
            "roe": 2.48,
            "roe_4q": -2.88,
            "gross_profit": 1436674,
            "gross_margin": 51.88,
            "gross_margin_4q_avg": 49.05,
            "net_income": 82906,
            "net_income_4q": null,
            "revenue": 2769009,
            "revenue_4q": null,
            "common_shares": 2112958,
            "book_valuer_per_share": 15.74,
            "book_valuer_per_share_4q_avg": 15.12,
            "equity": 3448946,
            "current_ratio": 180.99,
            "debt_ratio": 57.92,
            "inventory_turnover_ratio": 0.51,
            "account_receivable_turnover_ratio": 2.64,
            "reinvestment_rate": 109.05,
            "research_to_sale_ratio": null,
            "price_fair": 44.6,
            "eps_avg_yearly": 1.27,
            "eps_latest_yearly": 0.8,
            "eps_growth_yearly": 267
        },
        "20151": {
            "year_quarter": 20151,
            "year": 2015,
            "quarter": 1,
            "eps": 0.15,
            "eps_growth_year": null,
            "eps_4q": -0.09,
            "eps_4q_growth_year": null,
            "roe": 1.01,
            "roe_4q": -0.39999999999999947,
            "gross_profit": 1265793,
            "gross_margin": 49.44,
            "gross_margin_4q_avg": 49.58,
            "net_income": 34817,
            "net_income_4q": null,
            "revenue": 2560237,
            "revenue_4q": null,
            "common_shares": 2112958,
            "book_valuer_per_share": 15.78,
            "book_valuer_per_share_4q_avg": 15.23,
            "equity": 3461318,
            "current_ratio": 145.89,
            "debt_ratio": 56.96,
            "inventory_turnover_ratio": 0.53,
            "account_receivable_turnover_ratio": 2.3,
            "reinvestment_rate": 58.54,
            "research_to_sale_ratio": null,
            "price_fair": 37.4,
            "eps_avg_yearly": 1.07,
            "eps_latest_yearly": 0.6,
            "eps_growth_yearly": 242.39
        },
        "20152": {
            "year_quarter": 20152,
            "year": 2015,
            "quarter": 2,
            "eps": -0.51,
            "eps_growth_year": null,
            "eps_4q": -0.1,
            "eps_4q_growth_year": null,
            "roe": -3.05,
            "roe_4q": -0.19000000000000006,
            "gross_profit": 957251,
            "gross_margin": 48.2,
            "gross_margin_4q_avg": 49.4,
            "net_income": -103241,
            "net_income_4q": null,
            "revenue": 1986126,
            "revenue_4q": null,
            "common_shares": 2112958,
            "book_valuer_per_share": 15.1,
            "book_valuer_per_share_4q_avg": 15.35,
            "equity": 3303661,
            "current_ratio": 135.48,
            "debt_ratio": 54.07,
            "inventory_turnover_ratio": 0.44,
            "account_receivable_turnover_ratio": 2.07,
            "reinvestment_rate": -157.82,
            "research_to_sale_ratio": null,
            "price_fair": 42,
            "eps_avg_yearly": 1.2,
            "eps_latest_yearly": 0.6,
            "eps_growth_yearly": 340.3
        },
        "20153": {
            "year_quarter": 20153,
            "year": 2015,
            "quarter": 3,
            "eps": -0.02,
            "eps_growth_year": null,
            "eps_4q": -0.02,
            "eps_4q_growth_year": null,
            "roe": -0.19,
            "roe_4q": 0.25000000000000044,
            "gross_profit": 1005950,
            "gross_margin": 47.36,
            "gross_margin_4q_avg": 49.22,
            "net_income": -6107,
            "net_income_4q": null,
            "revenue": 2123915,
            "revenue_4q": null,
            "common_shares": 2112958,
            "book_valuer_per_share": 15.39,
            "book_valuer_per_share_4q_avg": 15.5,
            "equity": 3277441,
            "current_ratio": 128.45,
            "debt_ratio": 59.87,
            "inventory_turnover_ratio": 0.42,
            "account_receivable_turnover_ratio": 2.38,
            "reinvestment_rate": null,
            "research_to_sale_ratio": null,
            "price_fair": 3.14,
            "eps_avg_yearly": 1.05,
            "eps_latest_yearly": 0.6,
            "eps_growth_yearly": -71.64
        },
        "20154": {
            "year_quarter": 20154,
            "year": 2015,
            "quarter": 4,
            "eps": 0.08,
            "eps_growth_year": -79.07,
            "eps_4q": -0.32,
            "eps_4q_growth_year": null,
            "roe": 0.69,
            "roe_4q": -1.5399999999999998,
            "gross_profit": 1261202,
            "gross_margin": 49.22,
            "gross_margin_4q_avg": 48.56,
            "net_income": 22340,
            "net_income_4q": null,
            "revenue": 2562348,
            "revenue_4q": null,
            "common_shares": 2053778,
            "book_valuer_per_share": 14.95,
            "book_valuer_per_share_4q_avg": 15.31,
            "equity": 3182055,
            "current_ratio": 134.21,
            "debt_ratio": 59.11,
            "inventory_turnover_ratio": 0.45,
            "account_receivable_turnover_ratio": 2.64,
            "reinvestment_rate": null,
            "research_to_sale_ratio": null,
            "price_fair": 2.91,
            "eps_avg_yearly": 0.97,
            "eps_latest_yearly": 0.6,
            "eps_growth_yearly": -58.94
        },
        "20161": {
            "year_quarter": 20161,
            "year": 2016,
            "quarter": 1,
            "eps": 0.06,
            "eps_growth_year": -60,
            "eps_4q": -0.42,
            "eps_4q_growth_year": null,
            "roe": 0.54,
            "roe_4q": -2.01,
            "gross_profit": 1105179,
            "gross_margin": 47.49,
            "gross_margin_4q_avg": 48.07,
            "net_income": 17251,
            "net_income_4q": null,
            "revenue": 2327212,
            "revenue_4q": null,
            "common_shares": 2043248,
            "book_valuer_per_share": 14.97,
            "book_valuer_per_share_4q_avg": 15.1,
            "equity": 3191352,
            "current_ratio": 164.32,
            "debt_ratio": 57.7,
            "inventory_turnover_ratio": 0.47,
            "account_receivable_turnover_ratio": 2.38,
            "reinvestment_rate": null,
            "research_to_sale_ratio": null,
            "price_fair": 1.77,
            "eps_avg_yearly": 0.59,
            "eps_latest_yearly": 0.24,
            "eps_growth_yearly": -113.35
        },
        "20162": {
            "year_quarter": 20162,
            "year": 2016,
            "quarter": 2,
            "eps": -0.54,
            "eps_growth_year": null,
            "eps_4q": -0.43,
            "eps_4q_growth_year": null,
            "roe": -3.44,
            "roe_4q": -2.4,
            "gross_profit": 831210,
            "gross_margin": 46.63,
            "gross_margin_4q_avg": 47.68,
            "net_income": -107047,
            "net_income_4q": null,
            "revenue": 1782599,
            "revenue_4q": null,
            "common_shares": 2043248,
            "book_valuer_per_share": 14.17,
            "book_valuer_per_share_4q_avg": 14.87,
            "equity": 3031897,
            "current_ratio": 173.84,
            "debt_ratio": 55.07,
            "inventory_turnover_ratio": 0.4,
            "account_receivable_turnover_ratio": 2.01,
            "reinvestment_rate": null,
            "research_to_sale_ratio": null,
            "price_fair": 1.77,
            "eps_avg_yearly": 0.59,
            "eps_latest_yearly": 0.24,
            "eps_growth_yearly": -113.35
        },
        "20163": {
            "year_quarter": 20163,
            "year": 2016,
            "quarter": 3,
            "eps": -0.3,
            "eps_growth_year": null,
            "eps_4q": -0.71,
            "eps_4q_growth_year": null,
            "roe": -2,
            "roe_4q": -4.209999999999999,
            "gross_profit": 807600,
            "gross_margin": 45.14,
            "gross_margin_4q_avg": 47.12,
            "net_income": -59436,
            "net_income_4q": null,
            "revenue": 1789208,
            "revenue_4q": null,
            "common_shares": 2043248,
            "book_valuer_per_share": 13.56,
            "book_valuer_per_share_4q_avg": 14.41,
            "equity": 2908650,
            "current_ratio": 145.06,
            "debt_ratio": 59.17,
            "inventory_turnover_ratio": 0.41,
            "account_receivable_turnover_ratio": 2.27,
            "reinvestment_rate": null,
            "research_to_sale_ratio": null,
            "price_fair": 1.77,
            "eps_avg_yearly": 0.59,
            "eps_latest_yearly": 0.24,
            "eps_growth_yearly": -113.35
        },
        "20164": {
            "year_quarter": 20164,
            "year": 2016,
            "quarter": 4,
            "eps": 0.68,
            "eps_growth_year": 790.93,
            "eps_4q": -0.1,
            "eps_4q_growth_year": null,
            "roe": 4.63,
            "roe_4q": -0.27,
            "gross_profit": 1052825,
            "gross_margin": 48.2,
            "gross_margin_4q_avg": 46.87,
            "net_income": 137484,
            "net_income_4q": null,
            "revenue": 2184310,
            "revenue_4q": null,
            "common_shares": 2043248,
            "book_valuer_per_share": 14.16,
            "book_valuer_per_share_4q_avg": 14.22,
            "equity": 3030991,
            "current_ratio": 146.48,
            "debt_ratio": 56.74,
            "inventory_turnover_ratio": 0.48,
            "account_receivable_turnover_ratio": 2.67,
            "reinvestment_rate": null,
            "research_to_sale_ratio": null,
            "price_fair": 1.64,
            "eps_avg_yearly": 0.55,
            "eps_latest_yearly": 0.24,
            "eps_growth_yearly": -97.8
        },
        "20171": {
            "year_quarter": 20171,
            "year": 2017,
            "quarter": 1,
            "eps": -0.14,
            "eps_growth_year": -333.33,
            "eps_4q": -0.31,
            "eps_4q_growth_year": null,
            "roe": -0.91,
            "roe_4q": -1.7200000000000002,
            "gross_profit": 843488,
            "gross_margin": 45.72,
            "gross_margin_4q_avg": 46.42,
            "net_income": -26960,
            "net_income_4q": null,
            "revenue": 1844968,
            "revenue_4q": null,
            "common_shares": 2043248,
            "book_valuer_per_share": 13.6,
            "book_valuer_per_share_4q_avg": 13.87,
            "equity": 2914720,
            "current_ratio": 146.02,
            "debt_ratio": 54.75,
            "inventory_turnover_ratio": 0.48,
            "account_receivable_turnover_ratio": 2.39,
            "reinvestment_rate": null,
            "research_to_sale_ratio": null,
            "price_fair": 1.26,
            "eps_avg_yearly": 0.42,
            "eps_latest_yearly": 0.24,
            "eps_growth_yearly": -168.92
        },
        "20172": {
            "year_quarter": 20172,
            "year": 2017,
            "quarter": 2,
            "eps": -0.44,
            "eps_growth_year": null,
            "eps_4q": -0.2,
            "eps_4q_growth_year": null,
            "roe": -3.15,
            "roe_4q": -1.4299999999999997,
            "gross_profit": 671547,
            "gross_margin": 44.95,
            "gross_margin_4q_avg": 46,
            "net_income": -90774,
            "net_income_4q": null,
            "revenue": 1493860,
            "revenue_4q": null,
            "common_shares": 2043248,
            "book_valuer_per_share": 13.31,
            "book_valuer_per_share_4q_avg": 13.66,
            "equity": 2855855,
            "current_ratio": 166.38,
            "debt_ratio": 52.79,
            "inventory_turnover_ratio": 0.43,
            "account_receivable_turnover_ratio": 2.27,
            "reinvestment_rate": null,
            "research_to_sale_ratio": null,
            "price_fair": 1.26,
            "eps_avg_yearly": 0.42,
            "eps_latest_yearly": 0.24,
            "eps_growth_yearly": -168.92
        },
        "20173": {
            "year_quarter": 20173,
            "year": 2017,
            "quarter": 3,
            "eps": -0.48,
            "eps_growth_year": null,
            "eps_4q": -0.38,
            "eps_4q_growth_year": null,
            "roe": -3.4,
            "roe_4q": -2.83,
            "gross_profit": 627113,
            "gross_margin": 42.19,
            "gross_margin_4q_avg": 45.27,
            "net_income": -95792,
            "net_income_4q": null,
            "revenue": 1486324,
            "revenue_4q": null,
            "common_shares": 2043248,
            "book_valuer_per_share": 12.95,
            "book_valuer_per_share_4q_avg": 13.51,
            "equity": 2782175,
            "current_ratio": 141.89,
            "debt_ratio": 56.58,
            "inventory_turnover_ratio": 0.43,
            "account_receivable_turnover_ratio": 2.29,
            "reinvestment_rate": null,
            "research_to_sale_ratio": null,
            "price_fair": 1.26,
            "eps_avg_yearly": 0.42,
            "eps_latest_yearly": 0.24,
            "eps_growth_yearly": -168.92
        },
        "20174": {
            "year_quarter": 20174,
            "year": 2017,
            "quarter": 4,
            "eps": 3.14,
            "eps_growth_year": 360.25,
            "eps_4q": 2.08,
            "eps_4q_growth_year": null,
            "roe": 20.77,
            "roe_4q": 13.31,
            "gross_profit": 869285,
            "gross_margin": 43.43,
            "gross_margin_4q_avg": 44.07,
            "net_income": 642446,
            "net_income_4q": null,
            "revenue": 2001470,
            "revenue_4q": null,
            "common_shares": 2043248,
            "book_valuer_per_share": 16,
            "book_valuer_per_share_4q_avg": 13.97,
            "equity": 3404663,
            "current_ratio": 184.03,
            "debt_ratio": 47.13,
            "inventory_turnover_ratio": 0.56,
            "account_receivable_turnover_ratio": 2.72,
            "reinvestment_rate": -436.08,
            "research_to_sale_ratio": null,
            "price_fair": 1.26,
            "eps_avg_yearly": 0.42,
            "eps_latest_yearly": 0.24,
            "eps_growth_yearly": -168.92
        },
        "20181": {
            "year_quarter": 20181,
            "year": 2018,
            "quarter": 1,
            "eps": 0.1,
            "eps_growth_year": null,
            "eps_4q": 2.32,
            "eps_4q_growth_year": null,
            "roe": 0.61,
            "roe_4q": 14.83,
            "gross_profit": 763500,
            "gross_margin": 46.34,
            "gross_margin_4q_avg": 44.23,
            "net_income": 20945,
            "net_income_4q": null,
            "revenue": 1647573,
            "revenue_4q": null,
            "common_shares": 2043248,
            "book_valuer_per_share": 16.2,
            "book_valuer_per_share_4q_avg": 14.62,
            "equity": 3448572,
            "current_ratio": 170.94,
            "debt_ratio": 45.08,
            "inventory_turnover_ratio": 0.47,
            "account_receivable_turnover_ratio": 2.08,
            "reinvestment_rate": -319.6,
            "research_to_sale_ratio": null,
            "price_fair": 1.24,
            "eps_avg_yearly": 0.41,
            "eps_latest_yearly": 0.4,
            "eps_growth_yearly": -241.7
        },
        "20182": {
            "year_quarter": 20182,
            "year": 2018,
            "quarter": 2,
            "eps": -0.27,
            "eps_growth_year": null,
            "eps_4q": 2.57,
            "eps_4q_growth_year": null,
            "roe": -1.71,
            "roe_4q": 16.27,
            "gross_profit": 634239,
            "gross_margin": 45.51,
            "gross_margin_4q_avg": 44.37,
            "net_income": -56796,
            "net_income_4q": null,
            "revenue": 1393503,
            "revenue_4q": null,
            "common_shares": 1983248,
            "book_valuer_per_share": 15.44,
            "book_valuer_per_share_4q_avg": 15.15,
            "equity": 3189467,
            "current_ratio": 168.49,
            "debt_ratio": 42.94,
            "inventory_turnover_ratio": 0.42,
            "account_receivable_turnover_ratio": 2.01,
            "reinvestment_rate": -245.13,
            "research_to_sale_ratio": null,
            "price_fair": 1.24,
            "eps_avg_yearly": 0.41,
            "eps_latest_yearly": 0.4,
            "eps_growth_yearly": -241.7
        },
        "20183": {
            "year_quarter": 20183,
            "year": 2018,
            "quarter": 3,
            "eps": -0.3,
            "eps_growth_year": null,
            "eps_4q": 2.77,
            "eps_4q_growth_year": null,
            "roe": -1.92,
            "roe_4q": 17.75,
            "gross_profit": 597968,
            "gross_margin": 44.3,
            "gross_margin_4q_avg": 44.9,
            "net_income": -60061,
            "net_income_4q": null,
            "revenue": 1349953,
            "revenue_4q": null,
            "common_shares": 1983248,
            "book_valuer_per_share": 14.89,
            "book_valuer_per_share_4q_avg": 15.63,
            "equity": 3079163,
            "current_ratio": 152.87,
            "debt_ratio": 48.13,
            "inventory_turnover_ratio": 0.39,
            "account_receivable_turnover_ratio": 2.09,
            "reinvestment_rate": -281.84,
            "research_to_sale_ratio": null,
            "price_fair": 1.24,
            "eps_avg_yearly": 0.41,
            "eps_latest_yearly": 0.4,
            "eps_growth_yearly": -241.7
        },
        "20184": {
            "year_quarter": 20184,
            "year": 2018,
            "quarter": 4,
            "eps": 0.01,
            "eps_growth_year": -99.57,
            "eps_4q": -0.46,
            "eps_4q_growth_year": -122.21,
            "roe": -0.45,
            "roe_4q": -3.47,
            "gross_profit": 781017,
            "gross_margin": 44.46,
            "gross_margin_4q_avg": 45.15,
            "net_income": -13736,
            "net_income_4q": null,
            "revenue": 1756513,
            "revenue_4q": null,
            "common_shares": 1983248,
            "book_valuer_per_share": 15.08,
            "book_valuer_per_share_4q_avg": 15.4,
            "equity": 3071170,
            "current_ratio": 163.88,
            "debt_ratio": 44.98,
            "inventory_turnover_ratio": 0.48,
            "account_receivable_turnover_ratio": 2.45,
            "reinvestment_rate": -396.73,
            "research_to_sale_ratio": null,
            "price_fair": 1.24,
            "eps_avg_yearly": 0.41,
            "eps_latest_yearly": 0.4,
            "eps_growth_yearly": -241.7
        },
        "20191": {
            "year_quarter": 20191,
            "year": 2019,
            "quarter": 1,
            "eps": -0.25,
            "eps_growth_year": -350,
            "eps_4q": -0.82,
            "eps_4q_growth_year": -135.17,
            "roe": -1.97,
            "roe_4q": -6.05,
            "gross_profit": 593580,
            "gross_margin": 42.64,
            "gross_margin_4q_avg": 44.23,
            "net_income": -60165,
            "net_income_4q": null,
            "revenue": 1392167,
            "revenue_4q": null,
            "common_shares": 1963248,
            "book_valuer_per_share": 15.01,
            "book_valuer_per_share_4q_avg": 15.11,
            "equity": 3047277,
            "current_ratio": 151.8,
            "debt_ratio": 51.08,
            "inventory_turnover_ratio": 0.43,
            "account_receivable_turnover_ratio": 2.04,
            "reinvestment_rate": -564.41,
            "research_to_sale_ratio": null,
            "price_fair": 0.96,
            "eps_avg_yearly": 0.32,
            "eps_latest_yearly": 0.4,
            "eps_growth_yearly": -243.63
        },
        "20192": {
            "year_quarter": 20192,
            "year": 2019,
            "quarter": 2,
            "eps": -0.54,
            "eps_growth_year": null,
            "eps_4q": -1.08,
            "eps_4q_growth_year": -141.99,
            "roe": -4.36,
            "roe_4q": -8.7,
            "gross_profit": 479978,
            "gross_margin": 43.04,
            "gross_margin_4q_avg": 43.61,
            "net_income": -129797,
            "net_income_4q": null,
            "revenue": 1115302,
            "revenue_4q": null,
            "common_shares": 1963248,
            "book_valuer_per_share": 14.39,
            "book_valuer_per_share_4q_avg": 14.84,
            "equity": 2901995,
            "current_ratio": 151.62,
            "debt_ratio": 50.2,
            "inventory_turnover_ratio": 0.37,
            "account_receivable_turnover_ratio": 2.06,
            "reinvestment_rate": -532.83,
            "research_to_sale_ratio": null,
            "price_fair": 0.96,
            "eps_avg_yearly": 0.32,
            "eps_latest_yearly": 0.4,
            "eps_growth_yearly": -243.63
        },
        "20193": {
            "year_quarter": 20193,
            "year": 2019,
            "quarter": 3,
            "eps": -0.48,
            "eps_growth_year": null,
            "eps_4q": -1.26,
            "eps_4q_growth_year": -145.57,
            "roe": -3.75,
            "roe_4q": -10.53,
            "gross_profit": 472226,
            "gross_margin": 43.42,
            "gross_margin_4q_avg": 43.39,
            "net_income": -105664,
            "net_income_4q": null,
            "revenue": 1087694,
            "revenue_4q": null,
            "common_shares": 1963248,
            "book_valuer_per_share": 13.69,
            "book_valuer_per_share_4q_avg": 14.54,
            "equity": 2736595,
            "current_ratio": 138.4,
            "debt_ratio": 53.86,
            "inventory_turnover_ratio": 0.35,
            "account_receivable_turnover_ratio": 2.26,
            "reinvestment_rate": -1099.04,
            "research_to_sale_ratio": null,
            "price_fair": 0.96,
            "eps_avg_yearly": 0.32,
            "eps_latest_yearly": 0.4,
            "eps_growth_yearly": -243.63
        },
        "20194": {
            "year_quarter": 20194,
            "year": 2019,
            "quarter": 4,
            "eps": -0.58,
            "eps_growth_year": -4426.41,
            "eps_4q": -1.89,
            "eps_4q_growth_year": null,
            "roe": -4.33,
            "roe_4q": -14.410000000000002,
            "gross_profit": 611073,
            "gross_margin": 42.01,
            "gross_margin_4q_avg": 42.78,
            "net_income": -114935,
            "net_income_4q": null,
            "revenue": 1454587,
            "revenue_4q": null,
            "common_shares": 1963248,
            "book_valuer_per_share": 13.25,
            "book_valuer_per_share_4q_avg": 14.09,
            "equity": 2577101,
            "current_ratio": 133.81,
            "debt_ratio": 53.18,
            "inventory_turnover_ratio": 0.48,
            "account_receivable_turnover_ratio": 2.86,
            "reinvestment_rate": null,
            "research_to_sale_ratio": null,
            "price_fair": 0.96,
            "eps_avg_yearly": 0.32,
            "eps_latest_yearly": 0.4,
            "eps_growth_yearly": -243.63
        },
        "20201": {
            "year_quarter": 20201,
            "year": 2020,
            "quarter": 1,
            "eps": -0.56,
            "eps_growth_year": null,
            "eps_4q": -2.24,
            "eps_4q_growth_year": null,
            "roe": -4.36,
            "roe_4q": -16.8,
            "gross_profit": 404052,
            "gross_margin": 43.93,
            "gross_margin_4q_avg": 43.1,
            "net_income": -107881,
            "net_income_4q": null,
            "revenue": 919729,
            "revenue_4q": null,
            "common_shares": 1889418,
            "book_valuer_per_share": 12.64,
            "book_valuer_per_share_4q_avg": 13.49,
            "equity": 2367231,
            "current_ratio": 124.96,
            "debt_ratio": 53.76,
            "inventory_turnover_ratio": 0.32,
            "account_receivable_turnover_ratio": 2.12,
            "reinvestment_rate": null,
            "research_to_sale_ratio": null,
            "price_fair": 1.2,
            "eps_avg_yearly": 0.4,
            "eps_latest_yearly": 0.4,
            "eps_growth_yearly": -387.26
        },
        "20202": {
            "year_quarter": 20202,
            "year": 2020,
            "quarter": 2,
            "eps": -0.76,
            "eps_growth_year": null,
            "eps_4q": -2.44,
            "eps_4q_growth_year": null,
            "roe": -6.1,
            "roe_4q": -18.54,
            "gross_profit": 380845,
            "gross_margin": 42.57,
            "gross_margin_4q_avg": 42.98,
            "net_income": -139655,
            "net_income_4q": null,
            "revenue": 894635,
            "revenue_4q": null,
            "common_shares": 1846778,
            "book_valuer_per_share": 11.75,
            "book_valuer_per_share_4q_avg": 12.83,
            "equity": 2207858,
            "current_ratio": 122.97,
            "debt_ratio": 53.35,
            "inventory_turnover_ratio": 0.35,
            "account_receivable_turnover_ratio": 2.7,
            "reinvestment_rate": null,
            "research_to_sale_ratio": null,
            "price_fair": 1.2,
            "eps_avg_yearly": 0.4,
            "eps_latest_yearly": 0.4,
            "eps_growth_yearly": -387.26
        },
        "20203": {
            "year_quarter": 20203,
            "year": 2020,
            "quarter": 3,
            "eps": -0.2,
            "eps_growth_year": null,
            "eps_4q": -2.13,
            "eps_4q_growth_year": null,
            "roe": -1.53,
            "roe_4q": -16.32,
            "gross_profit": 439578,
            "gross_margin": 45.37,
            "gross_margin_4q_avg": 43.47,
            "net_income": -33611,
            "net_income_4q": null,
            "revenue": 968814,
            "revenue_4q": null,
            "common_shares": 1846778,
            "book_valuer_per_share": 11.66,
            "book_valuer_per_share_4q_avg": 12.33,
            "equity": 2193720,
            "current_ratio": 118.7,
            "debt_ratio": 56.33,
            "inventory_turnover_ratio": 0.36,
            "account_receivable_turnover_ratio": 2.79,
            "reinvestment_rate": null,
            "research_to_sale_ratio": null,
            "price_fair": 1.2,
            "eps_avg_yearly": 0.4,
            "eps_latest_yearly": 0.4,
            "eps_growth_yearly": -387.26
        },
        "20204": {
            "year_quarter": 20204,
            "year": 2020,
            "quarter": 4,
            "eps": -0.2,
            "eps_growth_year": null,
            "eps_4q": -1.73,
            "eps_4q_growth_year": null,
            "roe": -1.65,
            "roe_4q": -13.64,
            "gross_profit": 553096,
            "gross_margin": 44.52,
            "gross_margin_4q_avg": 44.1,
            "net_income": -36091,
            "net_income_4q": null,
            "revenue": 1242383,
            "revenue_4q": null,
            "common_shares": 1846778,
            "book_valuer_per_share": 11.6,
            "book_valuer_per_share_4q_avg": 11.91,
            "equity": 2184059,
            "current_ratio": 119.15,
            "debt_ratio": 55.06,
            "inventory_turnover_ratio": 0.47,
            "account_receivable_turnover_ratio": 3.1,
            "reinvestment_rate": null,
            "research_to_sale_ratio": null,
            "price_fair": 1.2,
            "eps_avg_yearly": 0.4,
            "eps_latest_yearly": 0.4,
            "eps_growth_yearly": -387.26
        },
        "20211": {
            "year_quarter": 20211,
            "year": 2021,
            "quarter": 1,
            "eps": -0.37,
            "eps_growth_year": null,
            "eps_4q": -1.53,
            "eps_4q_growth_year": null,
            "roe": -3.11,
            "roe_4q": -12.39,
            "gross_profit": 451377,
            "gross_margin": 46.24,
            "gross_margin_4q_avg": 44.68,
            "net_income": -66770,
            "net_income_4q": null,
            "revenue": 976139,
            "revenue_4q": null,
            "common_shares": 1846778,
            "book_valuer_per_share": 11.16,
            "book_valuer_per_share_4q_avg": 11.54,
            "equity": 2104853,
            "current_ratio": 117.88,
            "debt_ratio": 54.51,
            "inventory_turnover_ratio": 0.38,
            "account_receivable_turnover_ratio": 2.49,
            "reinvestment_rate": null,
            "research_to_sale_ratio": null,
            "price_fair": 1.2,
            "eps_avg_yearly": 0.4,
            "eps_latest_yearly": 0.4,
            "eps_growth_yearly": -387.26
        },
        "20212": {
            "year_quarter": 20212,
            "year": 2021,
            "quarter": 2,
            "eps": -0.91,
            "eps_growth_year": null,
            "eps_4q": -1.67,
            "eps_4q_growth_year": null,
            "roe": -8.44,
            "roe_4q": -14.729999999999999,
            "gross_profit": 320446,
            "gross_margin": 43.22,
            "gross_margin_4q_avg": 44.84,
            "net_income": -170331,
            "net_income_4q": null,
            "revenue": 741473,
            "revenue_4q": null,
            "common_shares": 1846778,
            "book_valuer_per_share": 10.2,
            "book_valuer_per_share_4q_avg": 11.16,
            "equity": 1930357,
            "current_ratio": 110.35,
            "debt_ratio": 57.81,
            "inventory_turnover_ratio": 0.31,
            "account_receivable_turnover_ratio": 2.45,
            "reinvestment_rate": null,
            "research_to_sale_ratio": null,
            "price_fair": 1.2,
            "eps_avg_yearly": 0.4,
            "eps_latest_yearly": 0.4,
            "eps_growth_yearly": -387.26
        },
        "20213": {
            "year_quarter": 20213,
            "year": 2021,
            "quarter": 3,
            "eps": -0.63,
            "eps_growth_year": null,
            "eps_4q": -2.1,
            "eps_4q_growth_year": null,
            "roe": -6.41,
            "roe_4q": -19.61,
            "gross_profit": 343129,
            "gross_margin": 41.4,
            "gross_margin_4q_avg": 43.85,
            "net_income": -119903,
            "net_income_4q": null,
            "revenue": 828911,
            "revenue_4q": null,
            "common_shares": 1846778,
            "book_valuer_per_share": 9.55,
            "book_valuer_per_share_4q_avg": 10.63,
            "equity": 1808011,
            "current_ratio": 103.29,
            "debt_ratio": 63.5,
            "inventory_turnover_ratio": 0.33,
            "account_receivable_turnover_ratio": 2.67,
            "reinvestment_rate": null,
            "research_to_sale_ratio": null,
            "price_fair": 1.2,
            "eps_avg_yearly": 0.4,
            "eps_latest_yearly": 0.4,
            "eps_growth_yearly": -387.26
        },
        "20214": {
            "year_quarter": 20214,
            "year": 2021,
            "quarter": 4,
            "eps": 0.59,
            "eps_growth_year": null,
            "eps_4q": -1.32,
            "eps_4q_growth_year": null,
            "roe": 5.93,
            "roe_4q": -12.03,
            "gross_profit": 515816,
            "gross_margin": 44.27,
            "gross_margin_4q_avg": 43.78,
            "net_income": 110944,
            "net_income_4q": null,
            "revenue": 1165225,
            "revenue_4q": null,
            "common_shares": 1846778,
            "book_valuer_per_share": 10.25,
            "book_valuer_per_share_4q_avg": 10.29,
            "equity": 1936858,
            "current_ratio": 123.47,
            "debt_ratio": 64.19,
            "inventory_turnover_ratio": 0.42,
            "account_receivable_turnover_ratio": 2.8,
            "reinvestment_rate": null,
            "research_to_sale_ratio": null,
            "price_fair": 1.2,
            "eps_avg_yearly": 0.4,
            "eps_latest_yearly": 0.4,
            "eps_growth_yearly": -387.26
        },
        "20221": {
            "year_quarter": 20221,
            "year": 2022,
            "quarter": 1,
            "eps": -0.56,
            "eps_growth_year": null,
            "eps_4q": -1.51,
            "eps_4q_growth_year": null,
            "roe": -5.34,
            "roe_4q": -14.26,
            "gross_profit": 408355,
            "gross_margin": 47.15,
            "gross_margin_4q_avg": 44.01,
            "net_income": -101841,
            "net_income_4q": null,
            "revenue": 866104,
            "revenue_4q": null,
            "common_shares": 1846778,
            "book_valuer_per_share": 9.92,
            "book_valuer_per_share_4q_avg": 9.98,
            "equity": 1875786,
            "current_ratio": 118.94,
            "debt_ratio": 62.95,
            "inventory_turnover_ratio": 0.3,
            "account_receivable_turnover_ratio": 2.08,
            "reinvestment_rate": null,
            "research_to_sale_ratio": null,
            "price_fair": 0,
            "eps_avg_yearly": 0,
            "eps_latest_yearly": 0,
            "eps_growth_yearly": 0
        },
        "20222": {
            "year_quarter": 20222,
            "year": 2022,
            "quarter": 2,
            "eps": -1.06,
            "eps_growth_year": null,
            "eps_4q": -1.66,
            "eps_4q_growth_year": null,
            "roe": -10.89,
            "roe_4q": -16.71,
            "gross_profit": 261000,
            "gross_margin": 40.64,
            "gross_margin_4q_avg": 43.37,
            "net_income": -192878,
            "net_income_4q": null,
            "revenue": 642286,
            "revenue_4q": null,
            "common_shares": 1846778,
            "book_valuer_per_share": 8.77,
            "book_valuer_per_share_4q_avg": 9.62,
            "equity": 1665348,
            "current_ratio": 111.35,
            "debt_ratio": 64.38,
            "inventory_turnover_ratio": 0.25,
            "account_receivable_turnover_ratio": 1.83,
            "reinvestment_rate": null,
            "research_to_sale_ratio": null,
            "price_fair": 0,
            "eps_avg_yearly": 0,
            "eps_latest_yearly": 0,
            "eps_growth_yearly": 0
        },
        "20223": {
            "year_quarter": 20223,
            "year": 2022,
            "quarter": 3,
            "eps": -0.92,
            "eps_growth_year": null,
            "eps_4q": -1.94,
            "eps_4q_growth_year": null,
            "roe": -10.64,
            "roe_4q": -20.94,
            "gross_profit": 330049,
            "gross_margin": 39.84,
            "gross_margin_4q_avg": 42.98,
            "net_income": -168630,
            "net_income_4q": null,
            "revenue": 828464,
            "revenue_4q": null,
            "common_shares": 1846778,
            "book_valuer_per_share": 7.89,
            "book_valuer_per_share_4q_avg": 9.21,
            "equity": 1502976,
            "current_ratio": 103.58,
            "debt_ratio": 67.74,
            "inventory_turnover_ratio": 0.34,
            "account_receivable_turnover_ratio": 2.35,
            "reinvestment_rate": null,
            "research_to_sale_ratio": null,
            "price_fair": 0,
            "eps_avg_yearly": 0,
            "eps_latest_yearly": 0,
            "eps_growth_yearly": 0
        },
        "20224": {
            "year_quarter": 20224,
            "year": 2022,
            "quarter": 4,
            "eps": -0.88,
            "eps_growth_year": -248.92,
            "eps_4q": -3.42,
            "eps_4q_growth_year": null,
            "roe": -11.39,
            "roe_4q": -38.260000000000005,
            "gross_profit": 375974,
            "gross_margin": 37.52,
            "gross_margin_4q_avg": 41.29,
            "net_income": -163221,
            "net_income_4q": null,
            "revenue": 1002056,
            "revenue_4q": null,
            "common_shares": 1846778,
            "book_valuer_per_share": 7.13,
            "book_valuer_per_share_4q_avg": 8.43,
            "equity": 1363227,
            "current_ratio": 98.58,
            "debt_ratio": 68.69,
            "inventory_turnover_ratio": 0.47,
            "account_receivable_turnover_ratio": 2.63,
            "reinvestment_rate": null,
            "research_to_sale_ratio": null,
            "price_fair": 0,
            "eps_avg_yearly": 0,
            "eps_latest_yearly": 0,
            "eps_growth_yearly": 0
        },
        "20231": {
            "year_quarter": 20231,
            "year": 2023,
            "quarter": 1,
            "eps": -0.54,
            "eps_growth_year": null,
            "eps_4q": -3.29,
            "eps_4q_growth_year": null,
            "roe": -7.07,
            "roe_4q": -39.99,
            "gross_profit": 335876,
            "gross_margin": 39.97,
            "gross_margin_4q_avg": 39.49,
            "net_income": -95293,
            "net_income_4q": null,
            "revenue": 840300,
            "revenue_4q": null,
            "common_shares": 1846778,
            "book_valuer_per_share": 6.58,
            "book_valuer_per_share_4q_avg": 7.59,
            "equity": 1332156,
            "current_ratio": 98.37,
            "debt_ratio": 68.86,
            "inventory_turnover_ratio": 0.43,
            "account_receivable_turnover_ratio": 2.5,
            "reinvestment_rate": null,
            "research_to_sale_ratio": null,
            "price_fair": 0,
            "eps_avg_yearly": 0,
            "eps_latest_yearly": 0,
            "eps_growth_yearly": 0
        },
        "20232": {
            "year_quarter": 20232,
            "year": 2023,
            "quarter": 2,
            "eps": -0.81,
            "eps_growth_year": null,
            "eps_4q": -3.01,
            "eps_4q_growth_year": null,
            "roe": -12.28,
            "roe_4q": -41.38,
            "gross_profit": 269917,
            "gross_margin": 38.83,
            "gross_margin_4q_avg": 39.04,
            "net_income": -153579,
            "net_income_4q": null,
            "revenue": 695054,
            "revenue_4q": null,
            "common_shares": 1946778,
            "book_valuer_per_share": 5.71,
            "book_valuer_per_share_4q_avg": 6.83,
            "equity": 1168374,
            "current_ratio": 94.92,
            "debt_ratio": 70.13,
            "inventory_turnover_ratio": 0.39,
            "account_receivable_turnover_ratio": 2.39,
            "reinvestment_rate": null,
            "research_to_sale_ratio": null,
            "price_fair": 0,
            "eps_avg_yearly": 0,
            "eps_latest_yearly": 0,
            "eps_growth_yearly": 0
        },
        "20233": {
            "year_quarter": 20233,
            "year": 2023,
            "quarter": 3,
            "eps": -0.52,
            "eps_growth_year": null,
            "eps_4q": -2.66,
            "eps_4q_growth_year": null,
            "roe": -9.06,
            "roe_4q": -39.8,
            "gross_profit": 285908,
            "gross_margin": 43.71,
            "gross_margin_4q_avg": 40.01,
            "net_income": -102021,
            "net_income_4q": null,
            "revenue": 654169,
            "revenue_4q": null,
            "common_shares": 1946778,
            "book_valuer_per_share": 5.27,
            "book_valuer_per_share_4q_avg": 6.17,
            "equity": 1083586,
            "current_ratio": 91.42,
            "debt_ratio": 73.17,
            "inventory_turnover_ratio": 0.34,
            "account_receivable_turnover_ratio": 2.15,
            "reinvestment_rate": null,
            "research_to_sale_ratio": null,
            "price_fair": 0,
            "eps_avg_yearly": 0,
            "eps_latest_yearly": 0,
            "eps_growth_yearly": 0
        },
        "20234": {
            "year_quarter": 20234,
            "year": 2023,
            "quarter": 4,
            "eps": -1.24,
            "eps_growth_year": null,
            "eps_4q": -3.78,
            "eps_4q_growth_year": null,
            "roe": -17.32,
            "roe_4q": -45.730000000000004,
            "gross_profit": 347086,
            "gross_margin": 39.28,
            "gross_margin_4q_avg": 40.45,
            "net_income": -172414,
            "net_income_4q": null,
            "revenue": 883536,
            "revenue_4q": null,
            "common_shares": 1401680,
            "book_valuer_per_share": 6.05,
            "book_valuer_per_share_4q_avg": 5.9,
            "equity": 907257,
            "current_ratio": 90.46,
            "debt_ratio": 76.7,
            "inventory_turnover_ratio": 0.51,
            "account_receivable_turnover_ratio": 2.68,
            "reinvestment_rate": null,
            "research_to_sale_ratio": null,
            "price_fair": 0,
            "eps_avg_yearly": 0,
            "eps_latest_yearly": 0,
            "eps_growth_yearly": 0
        }
    },
    "months": {
        "2001-06": {
            "month": "2001-06",
            "price": "14.82",
            "revenue": 100419
        },
        "2001-07": {
            "month": "2001-07",
            "price": "15.58",
            "revenue": 114662
        },
        "2001-08": {
            "month": "2001-08",
            "price": "13.69",
            "revenue": 168409
        },
        "2001-09": {
            "month": "2001-09",
            "price": "11.61",
            "revenue": 156713
        },
        "2001-10": {
            "month": "2001-10",
            "price": "10.65",
            "revenue": 166271
        },
        "2001-11": {
            "month": "2001-11",
            "price": "11.82",
            "revenue": 138840
        },
        "2001-12": {
            "month": "2001-12",
            "price": "11.89",
            "revenue": 143080
        },
        "2002-01": {
            "month": "2002-01",
            "price": "11.75",
            "revenue": 186592
        },
        "2002-02": {
            "month": "2002-02",
            "price": "11.49",
            "revenue": 204272
        },
        "2002-03": {
            "month": "2002-03",
            "price": "12.75",
            "revenue": 164198
        },
        "2002-04": {
            "month": "2002-04",
            "price": "12.94",
            "revenue": 112876
        },
        "2002-05": {
            "month": "2002-05",
            "price": "11.23",
            "revenue": 98198
        },
        "2002-06": {
            "month": "2002-06",
            "price": "10.81",
            "revenue": 126528
        },
        "2002-07": {
            "month": "2002-07",
            "price": "9.81",
            "revenue": 124069
        },
        "2002-08": {
            "month": "2002-08",
            "price": "9.40",
            "revenue": 146734
        },
        "2002-09": {
            "month": "2002-09",
            "price": "7.76",
            "revenue": 147660
        },
        "2002-10": {
            "month": "2002-10",
            "price": "7.27",
            "revenue": 160822
        },
        "2002-11": {
            "month": "2002-11",
            "price": "8.38",
            "revenue": 141444
        },
        "2002-12": {
            "month": "2002-12",
            "price": "8.67",
            "revenue": 153870
        },
        "2003-01": {
            "month": "2003-01",
            "price": "9.49",
            "revenue": 195574
        },
        "2003-02": {
            "month": "2003-02",
            "price": "8.35",
            "revenue": 146382
        },
        "2003-03": {
            "month": "2003-03",
            "price": "7.50",
            "revenue": 141474
        },
        "2003-04": {
            "month": "2003-04",
            "price": "7.04",
            "revenue": 130415
        },
        "2003-05": {
            "month": "2003-05",
            "price": "6.91",
            "revenue": 105124
        },
        "2003-06": {
            "month": "2003-06",
            "price": "7.66",
            "revenue": 132269
        },
        "2003-07": {
            "month": "2003-07",
            "price": "8.47",
            "revenue": 134760
        },
        "2003-08": {
            "month": "2003-08",
            "price": "9.68",
            "revenue": 164647
        },
        "2003-09": {
            "month": "2003-09",
            "price": "9.32",
            "revenue": 158042
        },
        "2003-10": {
            "month": "2003-10",
            "price": "9.36",
            "revenue": 181634
        },
        "2003-11": {
            "month": "2003-11",
            "price": "9.41",
            "revenue": 146726
        },
        "2003-12": {
            "month": "2003-12",
            "price": "9.11",
            "revenue": 192653
        },
        "2004-01": {
            "month": "2004-01",
            "price": "9.35",
            "revenue": 225514
        },
        "2004-02": {
            "month": "2004-02",
            "price": "13.84",
            "revenue": 175402
        },
        "2004-03": {
            "month": "2004-03",
            "price": "16.07",
            "revenue": 154033
        },
        "2004-04": {
            "month": "2004-04",
            "price": "14.81",
            "revenue": 145793
        },
        "2004-05": {
            "month": "2004-05",
            "price": "13.36",
            "revenue": 138651
        },
        "2004-06": {
            "month": "2004-06",
            "price": "12.46",
            "revenue": 137993
        },
        "2004-07": {
            "month": "2004-07",
            "price": "11.57",
            "revenue": 139430
        },
        "2004-08": {
            "month": "2004-08",
            "price": "10.75",
            "revenue": 186431
        },
        "2004-09": {
            "month": "2004-09",
            "price": "12.06",
            "revenue": 207198
        },
        "2004-10": {
            "month": "2004-10",
            "price": "12.49",
            "revenue": 224733
        },
        "2004-11": {
            "month": "2004-11",
            "price": "12.36",
            "revenue": 174806
        },
        "2004-12": {
            "month": "2004-12",
            "price": "13.82",
            "revenue": 221774
        },
        "2005-01": {
            "month": "2005-01",
            "price": "14.75",
            "revenue": 248751
        },
        "2005-02": {
            "month": "2005-02",
            "price": "14.12",
            "revenue": 209926
        },
        "2005-03": {
            "month": "2005-03",
            "price": "13.72",
            "revenue": 205112
        },
        "2005-04": {
            "month": "2005-04",
            "price": "12.98",
            "revenue": 176074
        },
        "2005-05": {
            "month": "2005-05",
            "price": "14.60",
            "revenue": 147685
        },
        "2005-06": {
            "month": "2005-06",
            "price": "16.58",
            "revenue": 140982
        },
        "2005-07": {
            "month": "2005-07",
            "price": "15.56",
            "revenue": 154280
        },
        "2005-08": {
            "month": "2005-08",
            "price": "18.86",
            "revenue": 218943
        },
        "2005-09": {
            "month": "2005-09",
            "price": "21.39",
            "revenue": 184664
        },
        "2005-10": {
            "month": "2005-10",
            "price": "20.04",
            "revenue": 221715
        },
        "2005-11": {
            "month": "2005-11",
            "price": "19.80",
            "revenue": 181356
        },
        "2005-12": {
            "month": "2005-12",
            "price": "22.28",
            "revenue": 242965
        },
        "2006-01": {
            "month": "2006-01",
            "price": "20.19",
            "revenue": 275449
        },
        "2006-02": {
            "month": "2006-02",
            "price": "19.57",
            "revenue": 196261
        },
        "2006-03": {
            "month": "2006-03",
            "price": "19.34",
            "revenue": 194821
        },
        "2006-04": {
            "month": "2006-04",
            "price": "22.11",
            "revenue": 158695
        },
        "2006-05": {
            "month": "2006-05",
            "price": "22.85",
            "revenue": 141555
        },
        "2006-06": {
            "month": "2006-06",
            "price": "25.88",
            "revenue": 152900
        },
        "2006-07": {
            "month": "2006-07",
            "price": "23.76",
            "revenue": 156923
        },
        "2006-08": {
            "month": "2006-08",
            "price": "23.43",
            "revenue": 189124
        },
        "2006-09": {
            "month": "2006-09",
            "price": "23.33",
            "revenue": 220829
        },
        "2006-10": {
            "month": "2006-10",
            "price": "24.42",
            "revenue": 192221
        },
        "2006-11": {
            "month": "2006-11",
            "price": "23.51",
            "revenue": 184108
        },
        "2006-12": {
            "month": "2006-12",
            "price": "24.28",
            "revenue": 232896
        },
        "2007-01": {
            "month": "2007-01",
            "price": "26.87",
            "revenue": 186729
        },
        "2007-02": {
            "month": "2007-02",
            "price": "26.42",
            "revenue": 262151
        },
        "2007-03": {
            "month": "2007-03",
            "price": "25.36",
            "revenue": 193573
        },
        "2007-04": {
            "month": "2007-04",
            "price": "26.00",
            "revenue": 148913
        },
        "2007-05": {
            "month": "2007-05",
            "price": "24.80",
            "revenue": 137385
        },
        "2007-06": {
            "month": "2007-06",
            "price": "25.83",
            "revenue": 152788
        },
        "2007-07": {
            "month": "2007-07",
            "price": "30.23",
            "revenue": 153864
        },
        "2007-08": {
            "month": "2007-08",
            "price": "31.30",
            "revenue": 189916
        },
        "2007-09": {
            "month": "2007-09",
            "price": "30.05",
            "revenue": 215408
        },
        "2007-10": {
            "month": "2007-10",
            "price": "29.22",
            "revenue": 219045
        },
        "2007-11": {
            "month": "2007-11",
            "price": "22.38",
            "revenue": 203899
        },
        "2007-12": {
            "month": "2007-12",
            "price": "21.88",
            "revenue": 221248
        },
        "2008-01": {
            "month": "2008-01",
            "price": "21.33",
            "revenue": 237056
        },
        "2008-02": {
            "month": "2008-02",
            "price": "20.15",
            "revenue": 261783
        },
        "2008-03": {
            "month": "2008-03",
            "price": "24.46",
            "revenue": 205341
        },
        "2008-04": {
            "month": "2008-04",
            "price": "26.56",
            "revenue": 162034
        },
        "2008-05": {
            "month": "2008-05",
            "price": "27.64",
            "revenue": 155843
        },
        "2008-06": {
            "month": "2008-06",
            "price": "24.72",
            "revenue": 153368
        },
        "2008-07": {
            "month": "2008-07",
            "price": "20.47",
            "revenue": 149748
        },
        "2008-08": {
            "month": "2008-08",
            "price": "22.32",
            "revenue": 193311
        },
        "2008-09": {
            "month": "2008-09",
            "price": "21.99",
            "revenue": 194348
        },
        "2008-10": {
            "month": "2008-10",
            "price": "15.57",
            "revenue": 205707
        },
        "2008-11": {
            "month": "2008-11",
            "price": "14.92",
            "revenue": 223575
        },
        "2008-12": {
            "month": "2008-12",
            "price": "16.28",
            "revenue": 191749
        },
        "2009-01": {
            "month": "2009-01",
            "price": "17.53",
            "revenue": 299148
        },
        "2009-02": {
            "month": "2009-02",
            "price": "16.02",
            "revenue": 185962
        },
        "2009-03": {
            "month": "2009-03",
            "price": "17.74",
            "revenue": 197517
        },
        "2009-04": {
            "month": "2009-04",
            "price": "20.94",
            "revenue": 152160
        },
        "2009-05": {
            "month": "2009-05",
            "price": "25.08",
            "revenue": 169651
        },
        "2009-06": {
            "month": "2009-06",
            "price": "23.28",
            "revenue": 145161
        },
        "2009-07": {
            "month": "2009-07",
            "price": "29.55",
            "revenue": 166455
        },
        "2009-08": {
            "month": "2009-08",
            "price": "28.26",
            "revenue": 174954
        },
        "2009-09": {
            "month": "2009-09",
            "price": "29.82",
            "revenue": 198288
        },
        "2009-10": {
            "month": "2009-10",
            "price": "31.04",
            "revenue": 241379
        },
        "2009-11": {
            "month": "2009-11",
            "price": "34.54",
            "revenue": 227443
        },
        "2009-12": {
            "month": "2009-12",
            "price": "35.28",
            "revenue": 209598
        },
        "2010-01": {
            "month": "2010-01",
            "price": "35.74",
            "revenue": 218643
        },
        "2010-02": {
            "month": "2010-02",
            "price": "30.50",
            "revenue": 228340
        },
        "2010-03": {
            "month": "2010-03",
            "price": "33.54",
            "revenue": 200409
        },
        "2010-04": {
            "month": "2010-04",
            "price": "35.83",
            "revenue": 152106
        },
        "2010-05": {
            "month": "2010-05",
            "price": "31.77",
            "revenue": 175736
        },
        "2010-06": {
            "month": "2010-06",
            "price": "33.05",
            "revenue": 147461
        },
        "2010-07": {
            "month": "2010-07",
            "price": "35.21",
            "revenue": 170588
        },
        "2010-08": {
            "month": "2010-08",
            "price": "42.57",
            "revenue": 182771
        },
        "2010-09": {
            "month": "2010-09",
            "price": "46.43",
            "revenue": 186934
        },
        "2010-10": {
            "month": "2010-10",
            "price": "46.48",
            "revenue": 254873
        },
        "2010-11": {
            "month": "2010-11",
            "price": "44.87",
            "revenue": 219465
        },
        "2010-12": {
            "month": "2010-12",
            "price": "47.05",
            "revenue": 222067
        },
        "2011-01": {
            "month": "2011-01",
            "price": "46.14",
            "revenue": 302347
        },
        "2011-02": {
            "month": "2011-02",
            "price": "40.63",
            "revenue": 190412
        },
        "2011-03": {
            "month": "2011-03",
            "price": "42.78",
            "revenue": 195114
        },
        "2011-04": {
            "month": "2011-04",
            "price": "47.14",
            "revenue": 200055
        },
        "2011-05": {
            "month": "2011-05",
            "price": "41.81",
            "revenue": 181797
        },
        "2011-06": {
            "month": "2011-06",
            "price": "38.97",
            "revenue": 175033
        },
        "2011-07": {
            "month": "2011-07",
            "price": "40.77",
            "revenue": 176464
        },
        "2011-08": {
            "month": "2011-08",
            "price": "34.32",
            "revenue": 199420
        },
        "2011-09": {
            "month": "2011-09",
            "price": "30.06",
            "revenue": 236837
        },
        "2011-10": {
            "month": "2011-10",
            "price": "29.40",
            "revenue": 261420
        },
        "2011-11": {
            "month": "2011-11",
            "price": "31.63",
            "revenue": 239968
        },
        "2011-12": {
            "month": "2011-12",
            "price": "30.13",
            "revenue": 249187
        },
        "2012-01": {
            "month": "2012-01",
            "price": "33.13",
            "revenue": 288476
        },
        "2012-02": {
            "month": "2012-02",
            "price": "36.18",
            "revenue": 225897
        },
        "2012-03": {
            "month": "2012-03",
            "price": "35.52",
            "revenue": 241187
        },
        "2012-04": {
            "month": "2012-04",
            "price": "31.83",
            "revenue": 199453
        },
        "2012-05": {
            "month": "2012-05",
            "price": "29.41",
            "revenue": 195098
        },
        "2012-06": {
            "month": "2012-06",
            "price": "26.20",
            "revenue": 177589
        },
        "2012-07": {
            "month": "2012-07",
            "price": "26.31",
            "revenue": 190180
        },
        "2012-08": {
            "month": "2012-08",
            "price": "26.10",
            "revenue": 208594
        },
        "2012-09": {
            "month": "2012-09",
            "price": "23.60",
            "revenue": 248913
        },
        "2012-10": {
            "month": "2012-10",
            "price": "22.82",
            "revenue": 283834
        },
        "2012-11": {
            "month": "2012-11",
            "price": "20.18",
            "revenue": 250806
        },
        "2012-12": {
            "month": "2012-12",
            "price": "21.64",
            "revenue": 245463
        },
        "2013-01": {
            "month": "2013-01",
            "price": "23.38",
            "revenue": 920660
        },
        "2013-02": {
            "month": "2013-02",
            "price": "23.71",
            "revenue": 773762
        },
        "2013-03": {
            "month": "2013-03",
            "price": "22.47",
            "revenue": 814836
        },
        "2013-04": {
            "month": "2013-04",
            "price": "20.92",
            "revenue": 691624
        },
        "2013-05": {
            "month": "2013-05",
            "price": "20.61",
            "revenue": 682382
        },
        "2013-06": {
            "month": "2013-06",
            "price": "18.98",
            "revenue": 578943
        },
        "2013-07": {
            "month": "2013-07",
            "price": "18.12",
            "revenue": 553920
        },
        "2013-08": {
            "month": "2013-08",
            "price": "19.94",
            "revenue": 742755
        },
        "2013-09": {
            "month": "2013-09",
            "price": "21.27",
            "revenue": 912705
        },
        "2013-10": {
            "month": "2013-10",
            "price": "21.57",
            "revenue": 911754
        },
        "2013-11": {
            "month": "2013-11",
            "price": "22.98",
            "revenue": 883856
        },
        "2013-12": {
            "month": "2013-12",
            "price": "23.18",
            "revenue": 859475
        },
        "2014-01": {
            "month": "2014-01",
            "price": "22.48",
            "revenue": 995225
        },
        "2014-02": {
            "month": "2014-02",
            "price": "21.94",
            "revenue": 608219
        },
        "2014-03": {
            "month": "2014-03",
            "price": "22.23",
            "revenue": 800444
        },
        "2014-04": {
            "month": "2014-04",
            "price": "21.18",
            "revenue": 657984
        },
        "2014-05": {
            "month": "2014-05",
            "price": "18.83",
            "revenue": 664607
        },
        "2014-06": {
            "month": "2014-06",
            "price": "18.43",
            "revenue": 574864
        },
        "2014-07": {
            "month": "2014-07",
            "price": "18.24",
            "revenue": 556151
        },
        "2014-08": {
            "month": "2014-08",
            "price": "18.17",
            "revenue": 781613
        },
        "2014-09": {
            "month": "2014-09",
            "price": "18.47",
            "revenue": 902102
        },
        "2014-10": {
            "month": "2014-10",
            "price": "17.37",
            "revenue": 961892
        },
        "2014-11": {
            "month": "2014-11",
            "price": "16.82",
            "revenue": 942645
        },
        "2014-12": {
            "month": "2014-12",
            "price": "17.12",
            "revenue": 875223
        },
        "2015-01": {
            "month": "2015-01",
            "price": "17.38",
            "revenue": 849514
        },
        "2015-02": {
            "month": "2015-02",
            "price": "16.78",
            "revenue": 872755
        },
        "2015-03": {
            "month": "2015-03",
            "price": "16.51",
            "revenue": 835548
        },
        "2015-04": {
            "month": "2015-04",
            "price": "16.67",
            "revenue": 728399
        },
        "2015-05": {
            "month": "2015-05",
            "price": "15.68",
            "revenue": 704109
        },
        "2015-06": {
            "month": "2015-06",
            "price": "13.50",
            "revenue": 554414
        },
        "2015-07": {
            "month": "2015-07",
            "price": "14.30",
            "revenue": 572105
        },
        "2015-08": {
            "month": "2015-08",
            "price": "13.53",
            "revenue": 689173
        },
        "2015-09": {
            "month": "2015-09",
            "price": "12.04",
            "revenue": 864430
        },
        "2015-10": {
            "month": "2015-10",
            "price": "14.86",
            "revenue": 932259
        },
        "2015-11": {
            "month": "2015-11",
            "price": "17.68",
            "revenue": 897810
        },
        "2015-12": {
            "month": "2015-12",
            "price": "16.16",
            "revenue": 731716
        },
        "2016-01": {
            "month": "2016-01",
            "price": "15.58",
            "revenue": 938260
        },
        "2016-02": {
            "month": "2016-02",
            "price": "15.78",
            "revenue": 703650
        },
        "2016-03": {
            "month": "2016-03",
            "price": "16.29",
            "revenue": 691316
        },
        "2016-04": {
            "month": "2016-04",
            "price": "14.75",
            "revenue": 696211
        },
        "2016-05": {
            "month": "2016-05",
            "price": "13.14",
            "revenue": 585803
        },
        "2016-06": {
            "month": "2016-06",
            "price": "13.46",
            "revenue": 495568
        },
        "2016-07": {
            "month": "2016-07",
            "price": "13.47",
            "revenue": 489297
        },
        "2016-08": {
            "month": "2016-08",
            "price": "13.44",
            "revenue": 587365
        },
        "2016-09": {
            "month": "2016-09",
            "price": "13.00",
            "revenue": 710309
        },
        "2016-10": {
            "month": "2016-10",
            "price": "12.78",
            "revenue": 778161
        },
        "2016-11": {
            "month": "2016-11",
            "price": "11.28",
            "revenue": 798202
        },
        "2016-12": {
            "month": "2016-12",
            "price": "11.38",
            "revenue": 611074
        },
        "2017-01": {
            "month": "2017-01",
            "price": "11.11",
            "revenue": 764804
        },
        "2017-02": {
            "month": "2017-02",
            "price": "11.52",
            "revenue": 555771
        },
        "2017-03": {
            "month": "2017-03",
            "price": "11.23",
            "revenue": 603679
        },
        "2017-04": {
            "month": "2017-04",
            "price": "10.88",
            "revenue": 558009
        },
        "2017-05": {
            "month": "2017-05",
            "price": "10.62",
            "revenue": 515934
        },
        "2017-06": {
            "month": "2017-06",
            "price": "10.54",
            "revenue": 420346
        },
        "2017-07": {
            "month": "2017-07",
            "price": "11.10",
            "revenue": 423450
        },
        "2017-08": {
            "month": "2017-08",
            "price": "10.79",
            "revenue": 512491
        },
        "2017-09": {
            "month": "2017-09",
            "price": "11.52",
            "revenue": 567956
        },
        "2017-10": {
            "month": "2017-10",
            "price": "11.71",
            "revenue": 711502
        },
        "2017-11": {
            "month": "2017-11",
            "price": "11.50",
            "revenue": 687257
        },
        "2017-12": {
            "month": "2017-12",
            "price": "11.74",
            "revenue": 582109
        },
        "2018-01": {
            "month": "2018-01",
            "price": "12.16",
            "revenue": 563060
        },
        "2018-02": {
            "month": "2018-02",
            "price": "11.54",
            "revenue": 531887
        },
        "2018-03": {
            "month": "2018-03",
            "price": "11.72",
            "revenue": 552982
        },
        "2018-04": {
            "month": "2018-04",
            "price": "13.57",
            "revenue": 506179
        },
        "2018-05": {
            "month": "2018-05",
            "price": "13.54",
            "revenue": 489978
        },
        "2018-06": {
            "month": "2018-06",
            "price": "12.95",
            "revenue": 397167
        },
        "2018-07": {
            "month": "2018-07",
            "price": "12.31",
            "revenue": 374699
        },
        "2018-08": {
            "month": "2018-08",
            "price": "11.30",
            "revenue": 438312
        },
        "2018-09": {
            "month": "2018-09",
            "price": "10.80",
            "revenue": 536781
        },
        "2018-10": {
            "month": "2018-10",
            "price": "9.66",
            "revenue": 623809
        },
        "2018-11": {
            "month": "2018-11",
            "price": "9.37",
            "revenue": 610639
        },
        "2018-12": {
            "month": "2018-12",
            "price": "9.70",
            "revenue": 521050
        },
        "2019-01": {
            "month": "2019-01",
            "price": "9.49",
            "revenue": 538937
        },
        "2019-02": {
            "month": "2019-02",
            "price": "9.21",
            "revenue": 393459
        },
        "2019-03": {
            "month": "2019-03",
            "price": "9.12",
            "revenue": 460857
        },
        "2019-04": {
            "month": "2019-04",
            "price": "8.84",
            "revenue": 409675
        },
        "2019-05": {
            "month": "2019-05",
            "price": "8.20",
            "revenue": 381683
        },
        "2019-06": {
            "month": "2019-06",
            "price": "7.64",
            "revenue": 323246
        },
        "2019-07": {
            "month": "2019-07",
            "price": "7.64",
            "revenue": 316990
        },
        "2019-08": {
            "month": "2019-08",
            "price": "7.04",
            "revenue": 346690
        },
        "2019-09": {
            "month": "2019-09",
            "price": "7.16",
            "revenue": 422441
        },
        "2019-10": {
            "month": "2019-10",
            "price": "7.15",
            "revenue": 490348
        },
        "2019-11": {
            "month": "2019-11",
            "price": "7.19",
            "revenue": 536548
        },
        "2019-12": {
            "month": "2019-12",
            "price": "7.47",
            "revenue": 430058
        },
        "2020-01": {
            "month": "2020-01",
            "price": "7.55",
            "revenue": 423514
        },
        "2020-02": {
            "month": "2020-02",
            "price": "7.24",
            "revenue": 219033
        },
        "2020-03": {
            "month": "2020-03",
            "price": "6.29",
            "revenue": 278483
        },
        "2020-04": {
            "month": "2020-04",
            "price": "6.02",
            "revenue": 280353
        },
        "2020-05": {
            "month": "2020-05",
            "price": "5.97",
            "revenue": 332536
        },
        "2020-06": {
            "month": "2020-06",
            "price": "6.45",
            "revenue": 281407
        },
        "2020-07": {
            "month": "2020-07",
            "price": "6.16",
            "revenue": 291456
        },
        "2020-08": {
            "month": "2020-08",
            "price": "6.04",
            "revenue": 307052
        },
        "2020-09": {
            "month": "2020-09",
            "price": "6.48",
            "revenue": 371767
        },
        "2020-10": {
            "month": "2020-10",
            "price": "6.58",
            "revenue": 460875
        },
        "2020-11": {
            "month": "2020-11",
            "price": "6.62",
            "revenue": 417605
        },
        "2020-12": {
            "month": "2020-12",
            "price": "7.45",
            "revenue": 366765
        },
        "2021-01": {
            "month": "2021-01",
            "price": "7.03",
            "revenue": 379679
        },
        "2021-02": {
            "month": "2021-02",
            "price": "6.51",
            "revenue": 301028
        },
        "2021-03": {
            "month": "2021-03",
            "price": "7.12",
            "revenue": 296288
        },
        "2021-04": {
            "month": "2021-04",
            "price": "8.01",
            "revenue": 296764
        },
        "2021-05": {
            "month": "2021-05",
            "price": "7.84",
            "revenue": 257519
        },
        "2021-06": {
            "month": "2021-06",
            "price": "8.86",
            "revenue": 188045
        },
        "2021-07": {
            "month": "2021-07",
            "price": "8.34",
            "revenue": 218928
        },
        "2021-08": {
            "month": "2021-08",
            "price": "7.51",
            "revenue": 307827
        },
        "2021-09": {
            "month": "2021-09",
            "price": "7.65",
            "revenue": 302338
        },
        "2021-10": {
            "month": "2021-10",
            "price": "7.88",
            "revenue": 447854
        },
        "2021-11": {
            "month": "2021-11",
            "price": "8.19",
            "revenue": 396793
        },
        "2021-12": {
            "month": "2021-12",
            "price": "8.10",
            "revenue": 337681
        },
        "2022-01": {
            "month": "2022-01",
            "price": "8.03",
            "revenue": 364774
        },
        "2022-02": {
            "month": "2022-02",
            "price": "7.96",
            "revenue": 243696
        },
        "2022-03": {
            "month": "2022-03",
            "price": "7.67",
            "revenue": 274185
        },
        "2022-04": {
            "month": "2022-04",
            "price": "7.49",
            "revenue": 217259
        },
        "2022-05": {
            "month": "2022-05",
            "price": "7.07",
            "revenue": 196287
        },
        "2022-06": {
            "month": "2022-06",
            "price": "6.99",
            "revenue": 220588
        },
        "2022-07": {
            "month": "2022-07",
            "price": "6.72",
            "revenue": 266685
        },
        "2022-08": {
            "month": "2022-08",
            "price": "6.66",
            "revenue": 274436
        },
        "2022-09": {
            "month": "2022-09",
            "price": "6.75",
            "revenue": 292403
        },
        "2022-10": {
            "month": "2022-10",
            "price": "6.49",
            "revenue": 385382
        },
        "2022-11": {
            "month": "2022-11",
            "price": "6.35",
            "revenue": 277217
        },
        "2022-12": {
            "month": "2022-12",
            "price": "6.97",
            "revenue": 345350
        },
        "2023-01": {
            "month": "2023-01",
            "price": "7.05",
            "revenue": 353319
        },
        "2023-02": {
            "month": "2023-02",
            "price": "7.16",
            "revenue": 242031
        },
        "2023-03": {
            "month": "2023-03",
            "price": "7.35",
            "revenue": 250663
        },
        "2023-04": {
            "month": "2023-04",
            "price": "7.18",
            "revenue": 255477
        },
        "2023-05": {
            "month": "2023-05",
            "price": "7.11",
            "revenue": 240127
        },
        "2023-06": {
            "month": "2023-06",
            "price": "7.32",
            "revenue": 205678
        },
        "2023-07": {
            "month": "2023-07",
            "price": "7.39",
            "revenue": 210090
        },
        "2023-08": {
            "month": "2023-08",
            "price": "6.99",
            "revenue": 218354
        },
        "2023-09": {
            "month": "2023-09",
            "price": "6.89",
            "revenue": 233045
        },
        "2023-10": {
            "month": "2023-10",
            "price": "6.46",
            "revenue": 302407
        },
        "2023-11": {
            "month": "2023-11",
            "price": "6.47",
            "revenue": 310076
        },
        "2023-12": {
            "month": "2023-12",
            "price": "6.64",
            "revenue": 275890
        },
        "2024-01": {
            "month": "2024-01",
            "price": "6.42",
            "revenue": 269303
        },
        "2024-02": {
            "month": "2024-02",
            "price": "6.19",
            "revenue": 249548
        }
    }
}
