{
    "summary": {
        "stock_name": "統一超",
        "stock_id": "2912",
        "category": "貿易百貨",
        "main_business": "超級商店之經營;煙酒.家庭用品之零售",
        "website_url": "http://www.7-11.com.tw",
        "ceo": "黃瑞典",
        "pe_ratio": 30,
        "report_year_from": 2001,
        "report_year_to": 2023,
        "age": 22,
        "eps_negative_percentage": 0,
        "eps_growth_avg": {
            "last_all": 7.15,
            "last_2y": -3.92,
            "last_4y": -15.1,
            "last_8y": 5.29,
            "last_12y": 8.03,
            "last_16y": 6.18,
            "last_20y": 7.15,
            "at_2006_last_3y": 6.68,
            "at_2007_last_3y": -2.24,
            "at_2008_last_3y": 3.19,
            "at_2009_last_3y": 0.15,
            "at_2010_last_3y": 24.03,
            "at_2011_last_3y": 8.12,
            "at_2012_last_3y": 10.64,
            "at_2013_last_3y": 14.19,
            "at_2014_last_3y": -7.54,
            "at_2015_last_3y": 7.31,
            "at_2016_last_3y": 10.37,
            "at_2017_last_3y": 30.77,
            "at_2018_last_3y": 10.73,
            "at_2019_last_3y": 13.89,
            "at_2020_last_3y": 8.33,
            "at_2021_last_3y": -20.05,
            "at_2022_last_3y": -2.1,
            "at_2023_last_3y": -2.1,
            "at_2006_last_all": 9.92,
            "at_2007_last_all": 7.43,
            "at_2008_last_all": 5.93,
            "at_2009_last_all": 5.71,
            "at_2010_last_all": 16.19,
            "at_2011_last_all": 7.71,
            "at_2012_last_all": 7.65,
            "at_2013_last_all": 8.54,
            "at_2014_last_all": 8.89,
            "at_2015_last_all": 7.59,
            "at_2016_last_all": 8.37,
            "at_2017_last_all": 14.1,
            "at_2018_last_all": 9.32,
            "at_2019_last_all": 8.99,
            "at_2020_last_all": 8.36,
            "at_2021_last_all": 7.27,
            "at_2022_last_all": 7.15,
            "at_2023_last_all": 7.15
        },
        "latest_eps": 9.55,
        "latest_price": 284.5,
        "latest_roe": 24.8,
        "latest_gross_margin": 34.24,
        "latest_equity": 48817995,
        "latest_revenue": 75474209,
        "latest_gross_profit": 25840410,
        "latest_net_income": 3254326,
        "latest_debt_ratio": 78.68,
        "latest_current_ratio": 88.24,
        "latest_account_receivable_turnover_ratio": 12.13,
        "latest_inventory_turnover_ratio": 2.36,
        "latest_reinvestment_rate": 24.89,
        "latest_research_to_sale_ratio": null
    },
    "eps_dividends": {
        "1996": {
            "cash": 0.65,
            "stock": 2.6,
            "eps": 0
        },
        "1997": {
            "cash": 0.65,
            "stock": 2.6,
            "eps": 0
        },
        "2000": {
            "cash": 1.12,
            "stock": 1.68,
            "eps": 0
        },
        "2001": {
            "cash": 1,
            "stock": 1.5,
            "eps": 2.84
        },
        "2002": {
            "cash": 1.12,
            "stock": 1.13,
            "eps": 3.49
        },
        "2003": {
            "cash": 1.78,
            "stock": 1.12,
            "eps": 4.56
        },
        "2004": {
            "cash": 2.64,
            "stock": 0.66,
            "eps": 3.43
        },
        "2005": {
            "cash": 3,
            "stock": 0,
            "eps": 3.99
        },
        "2006": {
            "cash": 3.4,
            "stock": 0,
            "eps": 4.17
        },
        "2007": {
            "cash": 3.5,
            "stock": 0,
            "eps": 3.96
        },
        "2008": {
            "cash": 3.2,
            "stock": 0,
            "eps": 3.84
        },
        "2009": {
            "cash": 2.04,
            "stock": 1.36,
            "eps": 4
        },
        "2010": {
            "cash": 3.6,
            "stock": 0,
            "eps": 19.46
        },
        "2011": {
            "cash": 9.7,
            "stock": 0,
            "eps": 6.1
        },
        "2012": {
            "cash": 0,
            "stock": 0,
            "eps": 6.53
        },
        "2013": {
            "cash": 4.85,
            "stock": 0,
            "eps": 7.73
        },
        "2014": {
            "cash": 6,
            "stock": 0,
            "eps": 8.74
        },
        "2015": {
            "cash": 7,
            "stock": 0,
            "eps": 7.93
        },
        "2016": {
            "cash": 7.2,
            "stock": 0,
            "eps": 9.46
        },
        "2017": {
            "cash": 8,
            "stock": 0,
            "eps": 29.84
        },
        "2018": {
            "cash": 25,
            "stock": 0,
            "eps": 9.82
        },
        "2019": {
            "cash": 8.8,
            "stock": 0,
            "eps": 10.15
        },
        "2020": {
            "cash": 9,
            "stock": 0,
            "eps": 9.85
        },
        "2021": {
            "cash": 9,
            "stock": 0,
            "eps": 8.52
        },
        "2022": {
            "cash": 9,
            "stock": 0,
            "eps": 8.92
        },
        "2023": {
            "cash": 9,
            "stock": 0,
            "eps": 2.71
        }
    },
    "dividends": {
        "1996-05-16": {
            "cash": 0.65,
            "stock": 2.6
        },
        "1997-05-20": {
            "cash": 0.65,
            "stock": 2.6
        },
        "2000-06-15": {
            "cash": 1.12,
            "stock": 1.68
        },
        "2001-06-12": {
            "cash": 1,
            "stock": 1.5
        },
        "2002-06-25": {
            "cash": 1.12,
            "stock": 1.13
        },
        "2003-04-01": {
            "cash": 1.78,
            "stock": 1.12
        },
        "2004-04-13": {
            "cash": 2.64,
            "stock": 0.66
        },
        "2005-03-08": {
            "cash": 3,
            "stock": 0
        },
        "2006-03-07": {
            "cash": 3.4,
            "stock": 0
        },
        "2007-03-14": {
            "cash": 3.5,
            "stock": 0
        },
        "2008-03-12": {
            "cash": 3.2,
            "stock": 0
        },
        "2009-03-19": {
            "cash": 2.04,
            "stock": 1.36
        },
        "2010-03-19": {
            "cash": 3.6,
            "stock": 0
        },
        "2011-01-01": {
            "cash": 4.8,
            "stock": 0
        },
        "2011-03-18": {
            "cash": 4.9,
            "stock": 0
        },
        "2013-03-21": {
            "cash": 4.85,
            "stock": 0
        },
        "2014-09-05": {
            "cash": 6,
            "stock": 0
        },
        "2015-09-04": {
            "cash": 7,
            "stock": 0
        },
        "2016-09-07": {
            "cash": 7.2,
            "stock": 0
        },
        "2017-09-06": {
            "cash": 8,
            "stock": 0
        },
        "2018-09-05": {
            "cash": 25,
            "stock": 0
        },
        "2019-09-04": {
            "cash": 8.8,
            "stock": 0
        },
        "2020-09-09": {
            "cash": 9,
            "stock": 0
        },
        "2021-10-13": {
            "cash": 9,
            "stock": 0
        },
        "2022-09-06": {
            "cash": 9,
            "stock": 0
        },
        "2023-02-23": {
            "cash": 9,
            "stock": 0
        }
    },
    "prices": {
        "200101": "90.78",
        "200102": "95.24",
        "200103": "94.66",
        "200104": "91.05",
        "200105": "77.98",
        "200106": "73.42",
        "200107": "77.52",
        "200108": "73.85",
        "200109": "72.44",
        "200110": "63.64",
        "200111": "61.39",
        "200112": "62.90",
        "200201": "65.57",
        "200202": "62.42",
        "200203": "64.55",
        "200204": "62.88",
        "200205": "63.32",
        "200206": "63.75",
        "200207": "61.59",
        "200208": "57.59",
        "200209": "54.52",
        "200210": "53.43",
        "200211": "54.10",
        "200212": "52.55",
        "200301": "53.89",
        "200302": "53.47",
        "200303": "46.84",
        "200304": "43.53",
        "200305": "44.63",
        "200306": "47.42",
        "200307": "45.78",
        "200308": "44.03",
        "200309": "46.56",
        "200310": "48.15",
        "200311": "54.15",
        "200312": "53.40",
        "200401": "57.87",
        "200402": "65.40",
        "200403": "63.39",
        "200404": "61.86",
        "200405": "58.31",
        "200406": "60.90",
        "200407": "59.59",
        "200408": "53.25",
        "200409": "52.05",
        "200410": "49.80",
        "200411": "49.31",
        "200412": "49.52",
        "200501": "50.55",
        "200502": "51.73",
        "200503": "53.93",
        "200504": "56.01",
        "200505": "58.18",
        "200506": "61.84",
        "200507": "62.35",
        "200508": "60.72",
        "200509": "60.03",
        "200510": "61.76",
        "200511": "61.97",
        "200512": "65.06",
        "200601": "72.89",
        "200602": "72.53",
        "200603": "68.17",
        "200604": "74.10",
        "200605": "72.76",
        "200606": "70.26",
        "200607": "69.56",
        "200608": "68.28",
        "200609": "70.26",
        "200610": "72.07",
        "200611": "75.16",
        "200612": "78.92",
        "200701": "75.86",
        "200702": "77.98",
        "200703": "78.42",
        "200704": "83.74",
        "200705": "87.91",
        "200706": "92.76",
        "200707": "93.01",
        "200708": "84.50",
        "200709": "88.86",
        "200710": "91.48",
        "200711": "87.14",
        "200712": "85.35",
        "200801": "88.65",
        "200802": "95.93",
        "200803": "105.70",
        "200804": "106.45",
        "200805": "106.43",
        "200806": "108.14",
        "200807": "96.96",
        "200808": "93.04",
        "200809": "88.94",
        "200810": "79.13",
        "200811": "80.64",
        "200812": "78.24",
        "200901": "77.29",
        "200902": "76.54",
        "200903": "75.14",
        "200904": "77.75",
        "200905": "85.10",
        "200906": "83.00",
        "200907": "83.83",
        "200908": "79.01",
        "200909": "78.17",
        "200910": "76.30",
        "200911": "76.34",
        "200912": "75.48",
        "201001": "75.36",
        "201002": "74.26",
        "201003": "76.62",
        "201004": "83.32",
        "201005": "87.87",
        "201006": "93.98",
        "201007": "99.79",
        "201008": "110.75",
        "201009": "124.90",
        "201010": "126.69",
        "201011": "123.32",
        "201012": "131.85",
        "201101": "127.88",
        "201102": "122.82",
        "201103": "129.74",
        "201104": "140.47",
        "201105": "158.83",
        "201106": "158.60",
        "201107": "180.81",
        "201108": "177.48",
        "201109": "174.43",
        "201110": "170.58",
        "201111": "160.25",
        "201112": "162.64",
        "201201": "165.90",
        "201202": "155.98",
        "201203": "159.07",
        "201204": "159.40",
        "201205": "157.77",
        "201206": "155.19",
        "201207": "157.20",
        "201208": "163.89",
        "201209": "157.62",
        "201210": "150.64",
        "201211": "148.98",
        "201212": "156.40",
        "201301": "160.18",
        "201302": "162.69",
        "201303": "163.14",
        "201304": "177.78",
        "201305": "188.77",
        "201306": "186.66",
        "201307": "211.33",
        "201308": "211.14",
        "201309": "209.78",
        "201310": "211.84",
        "201311": "206.48",
        "201312": "206.80",
        "201401": "199.11",
        "201402": "190.15",
        "201403": "202.17",
        "201404": "219.86",
        "201405": "230.05",
        "201406": "235.52",
        "201407": "239.34",
        "201408": "225.98",
        "201409": "221.31",
        "201410": "224.07",
        "201411": "230.08",
        "201412": "237.85",
        "201501": "238.00",
        "201502": "249.46",
        "201503": "246.07",
        "201504": "227.15",
        "201505": "223.35",
        "201506": "215.45",
        "201507": "216.25",
        "201508": "217.93",
        "201509": "206.48",
        "201510": "217.64",
        "201511": "212.36",
        "201512": "204.00",
        "201601": "205.71",
        "201602": "223.69",
        "201603": "226.46",
        "201604": "231.82",
        "201605": "235.38",
        "201606": "246.43",
        "201607": "255.72",
        "201608": "254.20",
        "201609": "251.95",
        "201610": "245.08",
        "201611": "239.27",
        "201612": "232.86",
        "201701": "230.28",
        "201702": "227.50",
        "201703": "237.33",
        "201704": "258.39",
        "201705": "270.05",
        "201706": "273.22",
        "201707": "273.70",
        "201708": "252.48",
        "201709": "251.77",
        "201710": "264.26",
        "201711": "281.27",
        "201712": "277.86",
        "201801": "286.86",
        "201802": "284.42",
        "201803": "293.83",
        "201804": "298.72",
        "201805": "302.66",
        "201806": "324.92",
        "201807": "346.82",
        "201808": "316.91",
        "201809": "346.45",
        "201810": "338.59",
        "201811": "323.48",
        "201812": "313.60",
        "201901": "315.93",
        "201902": "316.54",
        "201903": "297.88",
        "201904": "288.88",
        "201905": "301.41",
        "201906": "303.08",
        "201907": "303.20",
        "201908": "290.88",
        "201909": "293.89",
        "201910": "295.12",
        "201911": "308.48",
        "201912": "305.45",
        "202001": "305.93",
        "202002": "303.11",
        "202003": "284.27",
        "202004": "289.85",
        "202005": "301.58",
        "202006": "297.35",
        "202007": "290.46",
        "202008": "274.02",
        "202009": "263.91",
        "202010": "268.97",
        "202011": "267.50",
        "202012": "266.11",
        "202101": "268.48",
        "202102": "267.15",
        "202103": "275.02",
        "202104": "273.82",
        "202105": "267.05",
        "202106": "263.14",
        "202107": "263.80",
        "202108": "285.59",
        "202109": "277.30",
        "202110": "283.58",
        "202111": "285.52",
        "202112": "274.27",
        "202201": "270.67",
        "202202": "262.80",
        "202203": "262.07",
        "202204": "269.03",
        "202205": "269.26",
        "202206": "266.38",
        "202207": "283.38",
        "202208": "277.11",
        "202209": "278.69",
        "202210": "273.05",
        "202211": "264.95",
        "202212": "270.43",
        "202301": "271.88",
        "202302": "268.64",
        "202303": "268.83",
        "202304": "270.24",
        "202305": "283.77",
        "202306": "283.80"
    },
    "quarters": {
        "20011": {
            "year_quarter": 20011,
            "year": 2001,
            "quarter": 1,
            "eps": 0.53,
            "eps_growth_year": -39.77,
            "eps_4q": 2.74,
            "eps_4q_growth_year": -25.22,
            "roe": 3.58,
            "roe_4q": 3.58,
            "gross_profit": 4315454,
            "gross_margin": 29.13,
            "gross_margin_4q_avg": 29.13,
            "net_income": 319409,
            "revenue": 14812438,
            "common_shares": 6031735,
            "book_valuer_per_share": 15.04,
            "book_valuer_per_share_4q_avg": 15.04,
            "equity": 9069384,
            "current_ratio": 75.26,
            "debt_ratio": 48.71,
            "inventory_turnover_ratio": 5.26,
            "account_receivable_turnover_ratio": null,
            "reinvestment_rate": null,
            "research_to_sale_ratio": null,
            "price_fair": 0,
            "eps_avg_yearly": 0,
            "eps_latest_yearly": 0,
            "eps_growth_yearly": 0
        },
        "20012": {
            "year_quarter": 20012,
            "year": 2001,
            "quarter": 2,
            "eps": 0.93,
            "eps_growth_year": 16.25,
            "eps_4q": 2.85,
            "eps_4q_growth_year": -2.83,
            "roe": 6.22,
            "roe_4q": 9.8,
            "gross_profit": 4855877,
            "gross_margin": 30.03,
            "gross_margin_4q_avg": 29.58,
            "net_income": 562815,
            "revenue": 16171568,
            "common_shares": 6031735,
            "book_valuer_per_share": 14.94,
            "book_valuer_per_share_4q_avg": 14.99,
            "equity": 9014231,
            "current_ratio": 85.87,
            "debt_ratio": 55.89,
            "inventory_turnover_ratio": 5.5,
            "account_receivable_turnover_ratio": null,
            "reinvestment_rate": null,
            "research_to_sale_ratio": null,
            "price_fair": 0,
            "eps_avg_yearly": 0,
            "eps_latest_yearly": 0,
            "eps_growth_yearly": 0
        },
        "20013": {
            "year_quarter": 20013,
            "year": 2001,
            "quarter": 3,
            "eps": 0.76,
            "eps_growth_year": -1.3,
            "eps_4q": 2.57,
            "eps_4q_growth_year": -12.16,
            "roe": 5.71,
            "roe_4q": 15.51,
            "gross_profit": 5230553,
            "gross_margin": 29.85,
            "gross_margin_4q_avg": 29.67,
            "net_income": 530093,
            "revenue": 17521394,
            "common_shares": 6936495,
            "book_valuer_per_share": 13.76,
            "book_valuer_per_share_4q_avg": 14.58,
            "equity": 9544125,
            "current_ratio": 78.18,
            "debt_ratio": 54.7,
            "inventory_turnover_ratio": 5.99,
            "account_receivable_turnover_ratio": null,
            "reinvestment_rate": null,
            "research_to_sale_ratio": null,
            "price_fair": 0,
            "eps_avg_yearly": 0,
            "eps_latest_yearly": 0,
            "eps_growth_yearly": 0
        },
        "20014": {
            "year_quarter": 20014,
            "year": 2001,
            "quarter": 4,
            "eps": 0.62,
            "eps_growth_year": -1.59,
            "eps_4q": 2.65,
            "eps_4q_growth_year": -10.21,
            "roe": 4.27,
            "roe_4q": 19.78,
            "gross_profit": 4835626,
            "gross_margin": 29.7,
            "gross_margin_4q_avg": 29.68,
            "net_income": 430431,
            "revenue": 16282524,
            "common_shares": 6936495,
            "book_valuer_per_share": 14.39,
            "book_valuer_per_share_4q_avg": 14.53,
            "equity": 10600014,
            "current_ratio": 87.88,
            "debt_ratio": 57.02,
            "inventory_turnover_ratio": 5.07,
            "account_receivable_turnover_ratio": null,
            "reinvestment_rate": null,
            "research_to_sale_ratio": null,
            "price_fair": 0,
            "eps_avg_yearly": 0,
            "eps_latest_yearly": 0,
            "eps_growth_yearly": 0
        },
        "20021": {
            "year_quarter": 20021,
            "year": 2002,
            "quarter": 1,
            "eps": 0.56,
            "eps_growth_year": 5.66,
            "eps_4q": 2.75,
            "eps_4q_growth_year": 0.32,
            "roe": 3.72,
            "roe_4q": 19.919999999999998,
            "gross_profit": 4734821,
            "gross_margin": 28.55,
            "gross_margin_4q_avg": 29.53,
            "net_income": 390348,
            "revenue": 16586282,
            "common_shares": 6936495,
            "book_valuer_per_share": 14.95,
            "book_valuer_per_share_4q_avg": 14.51,
            "equity": 10370094,
            "current_ratio": 86.36,
            "debt_ratio": 52.33,
            "inventory_turnover_ratio": 5.55,
            "account_receivable_turnover_ratio": null,
            "reinvestment_rate": null,
            "research_to_sale_ratio": null,
            "price_fair": 6.72,
            "eps_avg_yearly": 2.24,
            "eps_latest_yearly": 2.24,
            "eps_growth_yearly": -38.71
        },
        "20022": {
            "year_quarter": 20022,
            "year": 2002,
            "quarter": 2,
            "eps": 0.85,
            "eps_growth_year": -8.6,
            "eps_4q": 2.79,
            "eps_4q_growth_year": -2.38,
            "roe": 5.8,
            "roe_4q": 19.5,
            "gross_profit": 5464980,
            "gross_margin": 29.76,
            "gross_margin_4q_avg": 29.47,
            "net_income": 592834,
            "revenue": 18363819,
            "common_shares": 6936495,
            "book_valuer_per_share": 14.51,
            "book_valuer_per_share_4q_avg": 14.4,
            "equity": 10061569,
            "current_ratio": 82.42,
            "debt_ratio": 56.04,
            "inventory_turnover_ratio": 7.29,
            "account_receivable_turnover_ratio": null,
            "reinvestment_rate": null,
            "research_to_sale_ratio": null,
            "price_fair": 98.7,
            "eps_avg_yearly": 2.82,
            "eps_latest_yearly": 3.4,
            "eps_growth_yearly": 84.22
        },
        "20023": {
            "year_quarter": 20023,
            "year": 2002,
            "quarter": 3,
            "eps": 0.89,
            "eps_growth_year": 17.11,
            "eps_4q": 2.71,
            "eps_4q_growth_year": 5.49,
            "roe": 6.62,
            "roe_4q": 20.41,
            "gross_profit": 5735662,
            "gross_margin": 29.59,
            "gross_margin_4q_avg": 29.4,
            "net_income": 690721,
            "revenue": 19386276,
            "common_shares": 7720319,
            "book_valuer_per_share": 14,
            "book_valuer_per_share_4q_avg": 14.46,
            "equity": 10807105,
            "current_ratio": 64.3,
            "debt_ratio": 47.99,
            "inventory_turnover_ratio": 7.76,
            "account_receivable_turnover_ratio": null,
            "reinvestment_rate": null,
            "research_to_sale_ratio": null,
            "price_fair": 107.33,
            "eps_avg_yearly": 3.07,
            "eps_latest_yearly": 3.56,
            "eps_growth_yearly": 62.42
        },
        "20024": {
            "year_quarter": 20024,
            "year": 2002,
            "quarter": 4,
            "eps": 1.19,
            "eps_growth_year": 91.94,
            "eps_4q": 3.36,
            "eps_4q_growth_year": 26.54,
            "roe": 7.88,
            "roe_4q": 24.02,
            "gross_profit": 5393226,
            "gross_margin": 30.51,
            "gross_margin_4q_avg": 29.6,
            "net_income": 918437,
            "revenue": 17678384,
            "common_shares": 7720319,
            "book_valuer_per_share": 15.17,
            "book_valuer_per_share_4q_avg": 14.66,
            "equity": 12488608,
            "current_ratio": 53.64,
            "debt_ratio": 57.02,
            "inventory_turnover_ratio": 6.35,
            "account_receivable_turnover_ratio": null,
            "reinvestment_rate": 50.66,
            "research_to_sale_ratio": null,
            "price_fair": 122.15,
            "eps_avg_yearly": 3.49,
            "eps_latest_yearly": 4.76,
            "eps_growth_yearly": 80.52
        },
        "20031": {
            "year_quarter": 20031,
            "year": 2003,
            "quarter": 1,
            "eps": 0.57,
            "eps_growth_year": 1.79,
            "eps_4q": 3.44,
            "eps_4q_growth_year": 25.38,
            "roe": 3.56,
            "roe_4q": 23.86,
            "gross_profit": 5042421,
            "gross_margin": 28.4,
            "gross_margin_4q_avg": 29.57,
            "net_income": 436991,
            "revenue": 17757535,
            "common_shares": 7720319,
            "book_valuer_per_share": 15.65,
            "book_valuer_per_share_4q_avg": 14.83,
            "equity": 12083878,
            "current_ratio": 46.15,
            "debt_ratio": 52.52,
            "inventory_turnover_ratio": 6.53,
            "account_receivable_turnover_ratio": null,
            "reinvestment_rate": 14.53,
            "research_to_sale_ratio": null,
            "price_fair": 106.33,
            "eps_avg_yearly": 3.25,
            "eps_latest_yearly": 2.28,
            "eps_growth_yearly": 22.74
        },
        "20032": {
            "year_quarter": 20032,
            "year": 2003,
            "quarter": 2,
            "eps": 2.1,
            "eps_growth_year": 147.06,
            "eps_4q": 4.75,
            "eps_4q_growth_year": 70.48,
            "roe": 13.33,
            "roe_4q": 31.39,
            "gross_profit": 5667632,
            "gross_margin": 29.34,
            "gross_margin_4q_avg": 29.46,
            "net_income": 1620863,
            "revenue": 19315677,
            "common_shares": 7720319,
            "book_valuer_per_share": 15.85,
            "book_valuer_per_share_4q_avg": 15.17,
            "equity": 12234546,
            "current_ratio": 50.86,
            "debt_ratio": 53.36,
            "inventory_turnover_ratio": 7.53,
            "account_receivable_turnover_ratio": null,
            "reinvestment_rate": 11.2,
            "research_to_sale_ratio": null,
            "price_fair": 143.73,
            "eps_avg_yearly": 4.11,
            "eps_latest_yearly": 8.4,
            "eps_growth_yearly": 197.89
        },
        "20033": {
            "year_quarter": 20033,
            "year": 2003,
            "quarter": 3,
            "eps": 1.3,
            "eps_growth_year": 46.07,
            "eps_4q": 4.77,
            "eps_4q_growth_year": 76.1,
            "roe": 8.72,
            "roe_4q": 33.49,
            "gross_profit": 6612464,
            "gross_margin": 30.89,
            "gross_margin_4q_avg": 29.79,
            "net_income": 1113503,
            "revenue": 21407211,
            "common_shares": 8584995,
            "book_valuer_per_share": 15.5,
            "book_valuer_per_share_4q_avg": 15.54,
            "equity": 13305704,
            "current_ratio": 60.62,
            "debt_ratio": 50.51,
            "inventory_turnover_ratio": 7.92,
            "account_receivable_turnover_ratio": null,
            "reinvestment_rate": 8.83,
            "research_to_sale_ratio": null,
            "price_fair": 149.2,
            "eps_avg_yearly": 4.26,
            "eps_latest_yearly": 5.2,
            "eps_growth_yearly": 147.86
        },
        "20034": {
            "year_quarter": 20034,
            "year": 2003,
            "quarter": 4,
            "eps": 0.59,
            "eps_growth_year": -50.42,
            "eps_4q": 4.26,
            "eps_4q_growth_year": 26.74,
            "roe": 3.68,
            "roe_4q": 29.29,
            "gross_profit": 6049427,
            "gross_margin": 31.21,
            "gross_margin_4q_avg": 29.96,
            "net_income": 510249,
            "revenue": 19381193,
            "common_shares": 8584995,
            "book_valuer_per_share": 16.08,
            "book_valuer_per_share_4q_avg": 15.77,
            "equity": 14395594,
            "current_ratio": 66.7,
            "debt_ratio": 54.92,
            "inventory_turnover_ratio": 6.06,
            "account_receivable_turnover_ratio": null,
            "reinvestment_rate": 37.43,
            "research_to_sale_ratio": null,
            "price_fair": 140.88,
            "eps_avg_yearly": 4.03,
            "eps_latest_yearly": 2.36,
            "eps_growth_yearly": 102.07
        },
        "20041": {
            "year_quarter": 20041,
            "year": 2004,
            "quarter": 1,
            "eps": 0.74,
            "eps_growth_year": 29.82,
            "eps_4q": 4.53,
            "eps_4q_growth_year": 31.73,
            "roe": 4.39,
            "roe_4q": 30.119999999999997,
            "gross_profit": 5649166,
            "gross_margin": 28.93,
            "gross_margin_4q_avg": 30.09,
            "net_income": 632763,
            "revenue": 19528654,
            "common_shares": 8584995,
            "book_valuer_per_share": 16.77,
            "book_valuer_per_share_4q_avg": 16.05,
            "equity": 14401149,
            "current_ratio": 60.04,
            "debt_ratio": 48.33,
            "inventory_turnover_ratio": 6.21,
            "account_receivable_turnover_ratio": null,
            "reinvestment_rate": 12.77,
            "research_to_sale_ratio": null,
            "price_fair": 136.73,
            "eps_avg_yearly": 3.91,
            "eps_latest_yearly": 2.96,
            "eps_growth_yearly": 102.02
        },
        "20042": {
            "year_quarter": 20042,
            "year": 2004,
            "quarter": 2,
            "eps": 0.93,
            "eps_growth_year": -55.71,
            "eps_4q": 3.54,
            "eps_4q_growth_year": -25.39,
            "roe": 5.89,
            "roe_4q": 22.68,
            "gross_profit": 6127354,
            "gross_margin": 30.33,
            "gross_margin_4q_avg": 30.34,
            "net_income": 802559,
            "revenue": 20199265,
            "common_shares": 8584995,
            "book_valuer_per_share": 14.96,
            "book_valuer_per_share_4q_avg": 15.83,
            "equity": 12845688,
            "current_ratio": 47.13,
            "debt_ratio": 56.15,
            "inventory_turnover_ratio": 7.21,
            "account_receivable_turnover_ratio": null,
            "reinvestment_rate": 15.2,
            "research_to_sale_ratio": null,
            "price_fair": 136.08,
            "eps_avg_yearly": 3.89,
            "eps_latest_yearly": 3.72,
            "eps_growth_yearly": 102.09
        },
        "20043": {
            "year_quarter": 20043,
            "year": 2004,
            "quarter": 3,
            "eps": 0.93,
            "eps_growth_year": -28.46,
            "eps_4q": 3.06,
            "eps_4q_growth_year": -35.91,
            "roe": 6.4,
            "roe_4q": 20.36,
            "gross_profit": 6566099,
            "gross_margin": 30.62,
            "gross_margin_4q_avg": 30.27,
            "net_income": 849506,
            "revenue": 21443575,
            "common_shares": 9151604,
            "book_valuer_per_share": 14.96,
            "book_valuer_per_share_4q_avg": 15.69,
            "equity": 13695193,
            "current_ratio": 56.65,
            "debt_ratio": 52.61,
            "inventory_turnover_ratio": 7.26,
            "account_receivable_turnover_ratio": null,
            "reinvestment_rate": 15.62,
            "research_to_sale_ratio": null,
            "price_fair": 135.55,
            "eps_avg_yearly": 3.87,
            "eps_latest_yearly": 3.72,
            "eps_growth_yearly": 92.81
        },
        "20044": {
            "year_quarter": 20044,
            "year": 2004,
            "quarter": 4,
            "eps": 0.83,
            "eps_growth_year": 40.68,
            "eps_4q": 3.32,
            "eps_4q_growth_year": -22.08,
            "roe": 5.32,
            "roe_4q": 22,
            "gross_profit": 6216638,
            "gross_margin": 31.44,
            "gross_margin_4q_avg": 30.33,
            "net_income": 762569,
            "revenue": 19771605,
            "common_shares": 9151604,
            "book_valuer_per_share": 15.7,
            "book_valuer_per_share_4q_avg": 15.6,
            "equity": 14991428,
            "current_ratio": 53.9,
            "debt_ratio": 55.8,
            "inventory_turnover_ratio": 5.43,
            "account_receivable_turnover_ratio": null,
            "reinvestment_rate": 52.69,
            "research_to_sale_ratio": null,
            "price_fair": 133.93,
            "eps_avg_yearly": 3.83,
            "eps_latest_yearly": 3.32,
            "eps_growth_yearly": 81.49
        },
        "20051": {
            "year_quarter": 20051,
            "year": 2005,
            "quarter": 1,
            "eps": 0.55,
            "eps_growth_year": -25.68,
            "eps_4q": 3.2,
            "eps_4q_growth_year": -29.38,
            "roe": 3.35,
            "roe_4q": 20.96,
            "gross_profit": 5796514,
            "gross_margin": 29.34,
            "gross_margin_4q_avg": 30.43,
            "net_income": 500747,
            "revenue": 19758327,
            "common_shares": 9151604,
            "book_valuer_per_share": 16.25,
            "book_valuer_per_share_4q_avg": 15.47,
            "equity": 14872572,
            "current_ratio": 48.67,
            "debt_ratio": 55,
            "inventory_turnover_ratio": 5.38,
            "account_receivable_turnover_ratio": null,
            "reinvestment_rate": 26.9,
            "research_to_sale_ratio": null,
            "price_fair": 129.55,
            "eps_avg_yearly": 3.7,
            "eps_latest_yearly": 2.2,
            "eps_growth_yearly": 64.84
        },
        "20052": {
            "year_quarter": 20052,
            "year": 2005,
            "quarter": 2,
            "eps": 1.48,
            "eps_growth_year": 59.14,
            "eps_4q": 3.79,
            "eps_4q_growth_year": 6.83,
            "roe": 9.62,
            "roe_4q": 24.689999999999998,
            "gross_profit": 7280814,
            "gross_margin": 29.48,
            "gross_margin_4q_avg": 30.22,
            "net_income": 1355506,
            "revenue": 24694734,
            "common_shares": 9151604,
            "book_valuer_per_share": 14.56,
            "book_valuer_per_share_4q_avg": 15.37,
            "equity": 13321466,
            "current_ratio": 39.04,
            "debt_ratio": 61.04,
            "inventory_turnover_ratio": 7.41,
            "account_receivable_turnover_ratio": null,
            "reinvestment_rate": 8.38,
            "research_to_sale_ratio": null,
            "price_fair": 135.1,
            "eps_avg_yearly": 3.86,
            "eps_latest_yearly": 5.92,
            "eps_growth_yearly": 108.52
        },
        "20053": {
            "year_quarter": 20053,
            "year": 2005,
            "quarter": 3,
            "eps": 1.42,
            "eps_growth_year": 52.69,
            "eps_4q": 4.27,
            "eps_4q_growth_year": 39.66,
            "roe": 9.31,
            "roe_4q": 27.6,
            "gross_profit": 7939473,
            "gross_margin": 30.49,
            "gross_margin_4q_avg": 30.19,
            "net_income": 1303153,
            "revenue": 26039572,
            "common_shares": 9151604,
            "book_valuer_per_share": 16.05,
            "book_valuer_per_share_4q_avg": 15.64,
            "equity": 14686490,
            "current_ratio": 42.33,
            "debt_ratio": 54.97,
            "inventory_turnover_ratio": 7.23,
            "account_receivable_turnover_ratio": null,
            "reinvestment_rate": 6.97,
            "research_to_sale_ratio": null,
            "price_fair": 139.35,
            "eps_avg_yearly": 3.98,
            "eps_latest_yearly": 5.68,
            "eps_growth_yearly": 100.21
        },
        "20054": {
            "year_quarter": 20054,
            "year": 2005,
            "quarter": 4,
            "eps": 0.54,
            "eps_growth_year": -34.94,
            "eps_4q": 4,
            "eps_4q_growth_year": 20.56,
            "roe": 3.13,
            "roe_4q": 25.410000000000004,
            "gross_profit": 7142283,
            "gross_margin": 30.81,
            "gross_margin_4q_avg": 30.03,
            "net_income": 493279,
            "revenue": 23180977,
            "common_shares": 9151604,
            "book_valuer_per_share": 16.58,
            "book_valuer_per_share_4q_avg": 15.86,
            "equity": 16855165,
            "current_ratio": 69.33,
            "debt_ratio": 62.51,
            "inventory_turnover_ratio": 3.79,
            "account_receivable_turnover_ratio": null,
            "reinvestment_rate": 28.18,
            "research_to_sale_ratio": null,
            "price_fair": 135.36,
            "eps_avg_yearly": 3.87,
            "eps_latest_yearly": 2.16,
            "eps_growth_yearly": 78.45
        },
        "20061": {
            "year_quarter": 20061,
            "year": 2006,
            "quarter": 1,
            "eps": 0.73,
            "eps_growth_year": 32.73,
            "eps_4q": 4.18,
            "eps_4q_growth_year": 30.61,
            "roe": 4.05,
            "roe_4q": 26.11,
            "gross_profit": 6623906,
            "gross_margin": 29.26,
            "gross_margin_4q_avg": 30.01,
            "net_income": 666492,
            "revenue": 22637085,
            "common_shares": 9151604,
            "book_valuer_per_share": 17.56,
            "book_valuer_per_share_4q_avg": 16.19,
            "equity": 16070243,
            "current_ratio": 42.69,
            "debt_ratio": 51.41,
            "inventory_turnover_ratio": 3.74,
            "account_receivable_turnover_ratio": null,
            "reinvestment_rate": 6.05,
            "research_to_sale_ratio": null,
            "price_fair": 136.85,
            "eps_avg_yearly": 3.91,
            "eps_latest_yearly": 2.92,
            "eps_growth_yearly": 89.67
        },
        "20062": {
            "year_quarter": 20062,
            "year": 2006,
            "quarter": 2,
            "eps": 1.04,
            "eps_growth_year": -29.73,
            "eps_4q": 3.72,
            "eps_4q_growth_year": -1.72,
            "roe": 6.42,
            "roe_4q": 22.909999999999997,
            "gross_profit": 7490828,
            "gross_margin": 30.19,
            "gross_margin_4q_avg": 30.19,
            "net_income": 955184,
            "revenue": 24815699,
            "common_shares": 9151604,
            "book_valuer_per_share": 14.93,
            "book_valuer_per_share_4q_avg": 16.28,
            "equity": 13666717,
            "current_ratio": 38.22,
            "debt_ratio": 59.91,
            "inventory_turnover_ratio": 6.4,
            "account_receivable_turnover_ratio": null,
            "reinvestment_rate": 3.64,
            "research_to_sale_ratio": null,
            "price_fair": 138.51,
            "eps_avg_yearly": 3.96,
            "eps_latest_yearly": 4.16,
            "eps_growth_yearly": 87.34
        },
        "20063": {
            "year_quarter": 20063,
            "year": 2006,
            "quarter": 3,
            "eps": 1.18,
            "eps_growth_year": -16.9,
            "eps_4q": 3.49,
            "eps_4q_growth_year": -18.4,
            "roe": 7.6,
            "roe_4q": 21.2,
            "gross_profit": 8217815,
            "gross_margin": 29.77,
            "gross_margin_4q_avg": 30.01,
            "net_income": 1081724,
            "revenue": 27599861,
            "common_shares": 9151604,
            "book_valuer_per_share": 16.17,
            "book_valuer_per_share_4q_avg": 16.31,
            "equity": 14800604,
            "current_ratio": 46.78,
            "debt_ratio": 59.54,
            "inventory_turnover_ratio": 6.84,
            "account_receivable_turnover_ratio": null,
            "reinvestment_rate": 4.01,
            "research_to_sale_ratio": null,
            "price_fair": 141.05,
            "eps_avg_yearly": 4.03,
            "eps_latest_yearly": 4.72,
            "eps_growth_yearly": 89.53
        },
        "20064": {
            "year_quarter": 20064,
            "year": 2006,
            "quarter": 4,
            "eps": 1.22,
            "eps_growth_year": 125.93,
            "eps_4q": 4.17,
            "eps_4q_growth_year": 4.23,
            "roe": 6.82,
            "roe_4q": 24.89,
            "gross_profit": 7910132,
            "gross_margin": 31.73,
            "gross_margin_4q_avg": 30.24,
            "net_income": 1118928,
            "revenue": 24926973,
            "common_shares": 9151604,
            "book_valuer_per_share": 17.46,
            "book_valuer_per_share_4q_avg": 16.53,
            "equity": 18013754,
            "current_ratio": 68.16,
            "debt_ratio": 63.41,
            "inventory_turnover_ratio": 3.65,
            "account_receivable_turnover_ratio": null,
            "reinvestment_rate": 22.06,
            "research_to_sale_ratio": null,
            "price_fair": 141.31,
            "eps_avg_yearly": 4.04,
            "eps_latest_yearly": 4.88,
            "eps_growth_yearly": 81.95
        },
        "20071": {
            "year_quarter": 20071,
            "year": 2007,
            "quarter": 1,
            "eps": 0.95,
            "eps_growth_year": 30.14,
            "eps_4q": 4.4,
            "eps_4q_growth_year": 5.19,
            "roe": 4.99,
            "roe_4q": 25.83,
            "gross_profit": 7141947,
            "gross_margin": 29,
            "gross_margin_4q_avg": 30.17,
            "net_income": 869127,
            "revenue": 24630972,
            "common_shares": 9151604,
            "book_valuer_per_share": 18.4,
            "book_valuer_per_share_4q_avg": 16.74,
            "equity": 16838996,
            "current_ratio": 47.59,
            "debt_ratio": 53.16,
            "inventory_turnover_ratio": 3.75,
            "account_receivable_turnover_ratio": null,
            "reinvestment_rate": 3.77,
            "research_to_sale_ratio": null,
            "price_fair": 144.64,
            "eps_avg_yearly": 4.13,
            "eps_latest_yearly": 3.8,
            "eps_growth_yearly": 89.44
        },
        "20072": {
            "year_quarter": 20072,
            "year": 2007,
            "quarter": 2,
            "eps": 1.37,
            "eps_growth_year": 31.73,
            "eps_4q": 4.73,
            "eps_4q_growth_year": 27.04,
            "roe": 7.95,
            "roe_4q": 27.36,
            "gross_profit": 8084967,
            "gross_margin": 30.27,
            "gross_margin_4q_avg": 30.19,
            "net_income": 1252477,
            "revenue": 26708535,
            "common_shares": 9151604,
            "book_valuer_per_share": 16.05,
            "book_valuer_per_share_4q_avg": 17.02,
            "equity": 14688737,
            "current_ratio": 42.68,
            "debt_ratio": 62.78,
            "inventory_turnover_ratio": 6.3,
            "account_receivable_turnover_ratio": null,
            "reinvestment_rate": 5.54,
            "research_to_sale_ratio": null,
            "price_fair": 138.25,
            "eps_avg_yearly": 3.95,
            "eps_latest_yearly": 5.48,
            "eps_growth_yearly": 33.39
        },
        "20073": {
            "year_quarter": 20073,
            "year": 2007,
            "quarter": 3,
            "eps": 1.25,
            "eps_growth_year": 5.93,
            "eps_4q": 4.79,
            "eps_4q_growth_year": 37.27,
            "roe": 7.47,
            "roe_4q": 27.23,
            "gross_profit": 8388244,
            "gross_margin": 32.09,
            "gross_margin_4q_avg": 30.77,
            "net_income": 1145299,
            "revenue": 26142114,
            "common_shares": 9151604,
            "book_valuer_per_share": 17.45,
            "book_valuer_per_share_4q_avg": 17.34,
            "equity": 15966126,
            "current_ratio": 87.76,
            "debt_ratio": 65.91,
            "inventory_turnover_ratio": 6.12,
            "account_receivable_turnover_ratio": null,
            "reinvestment_rate": 6.65,
            "research_to_sale_ratio": null,
            "price_fair": 137.81,
            "eps_avg_yearly": 3.94,
            "eps_latest_yearly": 5,
            "eps_growth_yearly": 40.72
        },
        "20074": {
            "year_quarter": 20074,
            "year": 2007,
            "quarter": 4,
            "eps": 0.39,
            "eps_growth_year": -68.03,
            "eps_4q": 3.97,
            "eps_4q_growth_year": -4.65,
            "roe": 2.07,
            "roe_4q": 22.479999999999997,
            "gross_profit": 8129139,
            "gross_margin": 32.67,
            "gross_margin_4q_avg": 31.01,
            "net_income": 355510,
            "revenue": 24882220,
            "common_shares": 9151604,
            "book_valuer_per_share": 17.76,
            "book_valuer_per_share_4q_avg": 17.42,
            "equity": 18409472,
            "current_ratio": 85.93,
            "debt_ratio": 67.86,
            "inventory_turnover_ratio": 3.23,
            "account_receivable_turnover_ratio": null,
            "reinvestment_rate": 37.24,
            "research_to_sale_ratio": null,
            "price_fair": 136.06,
            "eps_avg_yearly": 3.89,
            "eps_latest_yearly": 1.56,
            "eps_growth_yearly": 37.17
        },
        "20081": {
            "year_quarter": 20081,
            "year": 2008,
            "quarter": 1,
            "eps": 0.92,
            "eps_growth_year": -3.16,
            "eps_4q": 3.62,
            "eps_4q_growth_year": -17.74,
            "roe": 4.83,
            "roe_4q": 22.32,
            "gross_profit": 10610636,
            "gross_margin": 29.99,
            "gross_margin_4q_avg": 31.26,
            "net_income": 913843,
            "revenue": 35380755,
            "common_shares": 9151604,
            "book_valuer_per_share": 18.76,
            "book_valuer_per_share_4q_avg": 17.51,
            "equity": 19405474,
            "current_ratio": 92.04,
            "debt_ratio": 68.07,
            "inventory_turnover_ratio": 3.46,
            "account_receivable_turnover_ratio": null,
            "reinvestment_rate": 52.13,
            "research_to_sale_ratio": null,
            "price_fair": 137.64,
            "eps_avg_yearly": 3.93,
            "eps_latest_yearly": 3.68,
            "eps_growth_yearly": 64.79
        },
        "20082": {
            "year_quarter": 20082,
            "year": 2008,
            "quarter": 2,
            "eps": 1.19,
            "eps_growth_year": -13.14,
            "eps_4q": 3.5,
            "eps_4q_growth_year": -26.07,
            "roe": 6.38,
            "roe_4q": 20.75,
            "gross_profit": 11758643,
            "gross_margin": 32.17,
            "gross_margin_4q_avg": 31.73,
            "net_income": 1168522,
            "revenue": 36550952,
            "common_shares": 9151604,
            "book_valuer_per_share": 16.25,
            "book_valuer_per_share_4q_avg": 17.56,
            "equity": 17243405,
            "current_ratio": 90.2,
            "debt_ratio": 72.98,
            "inventory_turnover_ratio": 3.56,
            "account_receivable_turnover_ratio": null,
            "reinvestment_rate": 51.08,
            "research_to_sale_ratio": null,
            "price_fair": 139.91,
            "eps_avg_yearly": 4,
            "eps_latest_yearly": 4.76,
            "eps_growth_yearly": 65.71
        },
        "20083": {
            "year_quarter": 20083,
            "year": 2008,
            "quarter": 3,
            "eps": 1.2,
            "eps_growth_year": -4,
            "eps_4q": 3.37,
            "eps_4q_growth_year": -29.61,
            "roe": 6.8,
            "roe_4q": 20.08,
            "gross_profit": 11618112,
            "gross_margin": 30.54,
            "gross_margin_4q_avg": 31.34,
            "net_income": 1206114,
            "revenue": 38036308,
            "common_shares": 9151604,
            "book_valuer_per_share": 17.32,
            "book_valuer_per_share_4q_avg": 17.52,
            "equity": 18240586,
            "current_ratio": 92.3,
            "debt_ratio": 71.12,
            "inventory_turnover_ratio": 3.7,
            "account_receivable_turnover_ratio": null,
            "reinvestment_rate": 49.71,
            "research_to_sale_ratio": null,
            "price_fair": 142.28,
            "eps_avg_yearly": 4.07,
            "eps_latest_yearly": 4.8,
            "eps_growth_yearly": 65.92
        },
        "20084": {
            "year_quarter": 20084,
            "year": 2008,
            "quarter": 4,
            "eps": 0.53,
            "eps_growth_year": 35.9,
            "eps_4q": 5.94,
            "eps_4q_growth_year": 49.41,
            "roe": 1.7,
            "roe_4q": 19.71,
            "gross_profit": 12610818,
            "gross_margin": 35.1,
            "gross_margin_4q_avg": 31.95,
            "net_income": 314191,
            "revenue": 35931102,
            "common_shares": 9151604,
            "book_valuer_per_share": 17.97,
            "book_valuer_per_share_4q_avg": 17.58,
            "equity": 18785430,
            "current_ratio": 93.62,
            "debt_ratio": 70.52,
            "inventory_turnover_ratio": 3.01,
            "account_receivable_turnover_ratio": 31.14,
            "reinvestment_rate": 25.02,
            "research_to_sale_ratio": null,
            "price_fair": 139.65,
            "eps_avg_yearly": 3.99,
            "eps_latest_yearly": 2.12,
            "eps_growth_yearly": 54.65
        },
        "20091": {
            "year_quarter": 20091,
            "year": 2009,
            "quarter": 1,
            "eps": 0.84,
            "eps_growth_year": -8.7,
            "eps_4q": 3.44,
            "eps_4q_growth_year": -5.01,
            "roe": 4.37,
            "roe_4q": 19.25,
            "gross_profit": 11317088,
            "gross_margin": 31.78,
            "gross_margin_4q_avg": 32.4,
            "net_income": 842750,
            "revenue": 35615801,
            "common_shares": 9151604,
            "book_valuer_per_share": 18.92,
            "book_valuer_per_share_4q_avg": 17.62,
            "equity": 19827243,
            "current_ratio": 95.38,
            "debt_ratio": 68.43,
            "inventory_turnover_ratio": 3.12,
            "account_receivable_turnover_ratio": 14.59,
            "reinvestment_rate": 40.84,
            "research_to_sale_ratio": null,
            "price_fair": 142.19,
            "eps_avg_yearly": 4.06,
            "eps_latest_yearly": 3.36,
            "eps_growth_yearly": 77.71
        },
        "20092": {
            "year_quarter": 20092,
            "year": 2009,
            "quarter": 2,
            "eps": 1.13,
            "eps_growth_year": -5.04,
            "eps_4q": 3.13,
            "eps_4q_growth_year": -10.52,
            "roe": 6.55,
            "roe_4q": 19.419999999999998,
            "gross_profit": 12222255,
            "gross_margin": 32.95,
            "gross_margin_4q_avg": 32.59,
            "net_income": 1278251,
            "revenue": 37095515,
            "common_shares": 9151604,
            "book_valuer_per_share": 18.28,
            "book_valuer_per_share_4q_avg": 18.12,
            "equity": 19186756,
            "current_ratio": 95.21,
            "debt_ratio": 71.2,
            "inventory_turnover_ratio": 3.37,
            "account_receivable_turnover_ratio": 14.57,
            "reinvestment_rate": 52.65,
            "research_to_sale_ratio": null,
            "price_fair": 139.13,
            "eps_avg_yearly": 3.98,
            "eps_latest_yearly": 4.52,
            "eps_growth_yearly": 44.07
        },
        "20093": {
            "year_quarter": 20093,
            "year": 2009,
            "quarter": 3,
            "eps": 1.4,
            "eps_growth_year": 16.67,
            "eps_4q": 3.4,
            "eps_4q_growth_year": 1.06,
            "roe": 8,
            "roe_4q": 20.62,
            "gross_profit": 12207784,
            "gross_margin": 32.05,
            "gross_margin_4q_avg": 32.97,
            "net_income": 1600954,
            "revenue": 38088309,
            "common_shares": 10396223,
            "book_valuer_per_share": 17.47,
            "book_valuer_per_share_4q_avg": 18.16,
            "equity": 20854446,
            "current_ratio": 97.98,
            "debt_ratio": 67.21,
            "inventory_turnover_ratio": 3.49,
            "account_receivable_turnover_ratio": 15.07,
            "reinvestment_rate": 52.43,
            "research_to_sale_ratio": null,
            "price_fair": 138.95,
            "eps_avg_yearly": 3.97,
            "eps_latest_yearly": 5.6,
            "eps_growth_yearly": 51.05
        },
        "20094": {
            "year_quarter": 20094,
            "year": 2009,
            "quarter": 4,
            "eps": 0.63,
            "eps_growth_year": 18.87,
            "eps_4q": 3.9,
            "eps_4q_growth_year": -34.24,
            "roe": 3.21,
            "roe_4q": 22.130000000000003,
            "gross_profit": 12393098,
            "gross_margin": 33.07,
            "gross_margin_4q_avg": 32.46,
            "net_income": 684047,
            "revenue": 37478535,
            "common_shares": 10396222,
            "book_valuer_per_share": 18.2,
            "book_valuer_per_share_4q_avg": 18.22,
            "equity": 21793786,
            "current_ratio": 99.8,
            "debt_ratio": 67.32,
            "inventory_turnover_ratio": 3.29,
            "account_receivable_turnover_ratio": 33.55,
            "reinvestment_rate": 104.06,
            "research_to_sale_ratio": null,
            "price_fair": 139.74,
            "eps_avg_yearly": 3.99,
            "eps_latest_yearly": 2.52,
            "eps_growth_yearly": 52.8
        },
        "20101": {
            "year_quarter": 20101,
            "year": 2010,
            "quarter": 1,
            "eps": 15.5,
            "eps_growth_year": 1745.24,
            "eps_4q": 4.71,
            "eps_4q_growth_year": 36.96,
            "roe": 7.79,
            "roe_4q": 25.55,
            "gross_profit": 13317125,
            "gross_margin": 33.33,
            "gross_margin_4q_avg": 32.85,
            "net_income": 1758011,
            "revenue": 39958244,
            "common_shares": 10396223,
            "book_valuer_per_share": 19.54,
            "book_valuer_per_share_4q_avg": 18.37,
            "equity": 23331306,
            "current_ratio": 98.66,
            "debt_ratio": 65.01,
            "inventory_turnover_ratio": 3.35,
            "account_receivable_turnover_ratio": 15.79,
            "reinvestment_rate": 130,
            "research_to_sale_ratio": null,
            "price_fair": 268.98,
            "eps_avg_yearly": 7.69,
            "eps_latest_yearly": 62,
            "eps_growth_yearly": 634.08
        },
        "20102": {
            "year_quarter": 20102,
            "year": 2010,
            "quarter": 2,
            "eps": 1.51,
            "eps_growth_year": 33.68,
            "eps_4q": 5.08,
            "eps_4q_growth_year": 62.57,
            "roe": 7.98,
            "roe_4q": 26.98,
            "gross_profit": 11914335,
            "gross_margin": 29.29,
            "gross_margin_4q_avg": 31.94,
            "net_income": 1756790,
            "revenue": 40677229,
            "common_shares": 10396222,
            "book_valuer_per_share": 17.03,
            "book_valuer_per_share_4q_avg": 18.06,
            "equity": 20690230,
            "current_ratio": 99.13,
            "debt_ratio": 69.88,
            "inventory_turnover_ratio": 3.6,
            "account_receivable_turnover_ratio": 16.25,
            "reinvestment_rate": 122.82,
            "research_to_sale_ratio": null,
            "price_fair": 273.09,
            "eps_avg_yearly": 7.8,
            "eps_latest_yearly": 6.04,
            "eps_growth_yearly": 600.9
        },
        "20103": {
            "year_quarter": 20103,
            "year": 2010,
            "quarter": 3,
            "eps": 1.68,
            "eps_growth_year": 20.17,
            "eps_4q": 5.37,
            "eps_4q_growth_year": 57.64,
            "roe": 8.8,
            "roe_4q": 27.78,
            "gross_profit": 14966250,
            "gross_margin": 33.86,
            "gross_margin_4q_avg": 32.39,
            "net_income": 1919737,
            "revenue": 44195761,
            "common_shares": 10396223,
            "book_valuer_per_share": 18.95,
            "book_valuer_per_share_4q_avg": 18.43,
            "equity": 22943692,
            "current_ratio": 99.01,
            "debt_ratio": 66.22,
            "inventory_turnover_ratio": 3.63,
            "account_receivable_turnover_ratio": 18.64,
            "reinvestment_rate": 119.26,
            "research_to_sale_ratio": null,
            "price_fair": 277.46,
            "eps_avg_yearly": 7.93,
            "eps_latest_yearly": 6.72,
            "eps_growth_yearly": 600.35
        },
        "20104": {
            "year_quarter": 20104,
            "year": 2010,
            "quarter": 4,
            "eps": 0.77,
            "eps_growth_year": 22.14,
            "eps_4q": 5.51,
            "eps_4q_growth_year": 41.06,
            "roe": 4.03,
            "roe_4q": 28.6,
            "gross_profit": 13758081,
            "gross_margin": 30.52,
            "gross_margin_4q_avg": 31.75,
            "net_income": 933877,
            "revenue": 45085685,
            "common_shares": 10396222,
            "book_valuer_per_share": 19.44,
            "book_valuer_per_share_4q_avg": 18.74,
            "equity": 23397223,
            "current_ratio": 98.42,
            "debt_ratio": 66.13,
            "inventory_turnover_ratio": 3.61,
            "account_receivable_turnover_ratio": 17.04,
            "reinvestment_rate": 91.03,
            "research_to_sale_ratio": null,
            "price_fair": 273.53,
            "eps_avg_yearly": 7.82,
            "eps_latest_yearly": 3.08,
            "eps_growth_yearly": 585.96
        },
        "20111": {
            "year_quarter": 20111,
            "year": 2011,
            "quarter": 1,
            "eps": 1.67,
            "eps_growth_year": -89.23,
            "eps_4q": 5.64,
            "eps_4q_growth_year": 19.7,
            "roe": 8.02,
            "roe_4q": 28.830000000000002,
            "gross_profit": 14019667,
            "gross_margin": 31.66,
            "gross_margin_4q_avg": 31.33,
            "net_income": 1942394,
            "revenue": 44283247,
            "common_shares": 10396223,
            "book_valuer_per_share": 20.8,
            "book_valuer_per_share_4q_avg": 19.06,
            "equity": 25047110,
            "current_ratio": 99.23,
            "debt_ratio": 64.83,
            "inventory_turnover_ratio": 3.29,
            "account_receivable_turnover_ratio": 13.1,
            "reinvestment_rate": 115.61,
            "research_to_sale_ratio": null,
            "price_fair": 279.83,
            "eps_avg_yearly": 8,
            "eps_latest_yearly": 6.68,
            "eps_growth_yearly": 620.71
        },
        "20112": {
            "year_quarter": 20112,
            "year": 2011,
            "quarter": 2,
            "eps": 1.83,
            "eps_growth_year": 21.47,
            "eps_4q": 5.96,
            "eps_4q_growth_year": 17.22,
            "roe": 9.06,
            "roe_4q": 29.91,
            "gross_profit": 16214718,
            "gross_margin": 35.61,
            "gross_margin_4q_avg": 32.91,
            "net_income": 2105790,
            "revenue": 45538709,
            "common_shares": 10396222,
            "book_valuer_per_share": 17.57,
            "book_valuer_per_share_4q_avg": 19.19,
            "equity": 21416404,
            "current_ratio": 95.13,
            "debt_ratio": 70.93,
            "inventory_turnover_ratio": 3.24,
            "account_receivable_turnover_ratio": 13.25,
            "reinvestment_rate": 109.98,
            "research_to_sale_ratio": null,
            "price_fair": 283.85,
            "eps_avg_yearly": 8.11,
            "eps_latest_yearly": 7.32,
            "eps_growth_yearly": 612.05
        },
        "20113": {
            "year_quarter": 20113,
            "year": 2011,
            "quarter": 3,
            "eps": 1.74,
            "eps_growth_year": 3.44,
            "eps_4q": 6.02,
            "eps_4q_growth_year": 12.12,
            "roe": 9.12,
            "roe_4q": 30.23,
            "gross_profit": 16154609,
            "gross_margin": 32.88,
            "gross_margin_4q_avg": 32.67,
            "net_income": 2032692,
            "revenue": 49137932,
            "common_shares": 10396223,
            "book_valuer_per_share": 19.1,
            "book_valuer_per_share_4q_avg": 19.23,
            "equity": 23165936,
            "current_ratio": 94.94,
            "debt_ratio": 66.82,
            "inventory_turnover_ratio": 3.53,
            "account_receivable_turnover_ratio": 15.83,
            "reinvestment_rate": 108.09,
            "research_to_sale_ratio": null,
            "price_fair": 288.14,
            "eps_avg_yearly": 8.23,
            "eps_latest_yearly": 6.96,
            "eps_growth_yearly": 613.01
        },
        "20114": {
            "year_quarter": 20114,
            "year": 2011,
            "quarter": 4,
            "eps": 0.86,
            "eps_growth_year": 12.02,
            "eps_4q": 6.11,
            "eps_4q_growth_year": 10.94,
            "roe": 4.55,
            "roe_4q": 30.749999999999996,
            "gross_profit": 13978973,
            "gross_margin": 27.8,
            "gross_margin_4q_avg": 31.99,
            "net_income": 1078043,
            "revenue": 50291680,
            "common_shares": 10396222,
            "book_valuer_per_share": 19.91,
            "book_valuer_per_share_4q_avg": 19.35,
            "equity": 24223804,
            "current_ratio": 96.12,
            "debt_ratio": 67.43,
            "inventory_turnover_ratio": 3.6,
            "account_receivable_turnover_ratio": 14.42,
            "reinvestment_rate": 68.87,
            "research_to_sale_ratio": null,
            "price_fair": 292.25,
            "eps_avg_yearly": 8.35,
            "eps_latest_yearly": 3.44,
            "eps_growth_yearly": 617.57
        },
        "20121": {
            "year_quarter": 20121,
            "year": 2012,
            "quarter": 1,
            "eps": 1.66,
            "eps_growth_year": -0.6,
            "eps_4q": 6.09,
            "eps_4q_growth_year": 8.13,
            "roe": 7.64,
            "roe_4q": 30.369999999999997,
            "gross_profit": 14828438,
            "gross_margin": 29.86,
            "gross_margin_4q_avg": 31.54,
            "net_income": 1927645,
            "revenue": 49654279,
            "common_shares": 10396223,
            "book_valuer_per_share": 21.67,
            "book_valuer_per_share_4q_avg": 19.56,
            "equity": 26249147,
            "current_ratio": 96.24,
            "debt_ratio": 65.07,
            "inventory_turnover_ratio": 3.38,
            "account_receivable_turnover_ratio": 11.48,
            "reinvestment_rate": 69.65,
            "research_to_sale_ratio": null,
            "price_fair": 298.73,
            "eps_avg_yearly": 8.54,
            "eps_latest_yearly": 6.64,
            "eps_growth_yearly": 606.85
        },
        "20122": {
            "year_quarter": 20122,
            "year": 2012,
            "quarter": 2,
            "eps": 1.64,
            "eps_growth_year": -10.38,
            "eps_4q": 5.9,
            "eps_4q_growth_year": -0.95,
            "roe": 7.72,
            "roe_4q": 29.03,
            "gross_profit": 15761959,
            "gross_margin": 30.76,
            "gross_margin_4q_avg": 30.33,
            "net_income": 1878743,
            "revenue": 51237906,
            "common_shares": 10396222,
            "book_valuer_per_share": 18.39,
            "book_valuer_per_share_4q_avg": 19.77,
            "equity": 22407894,
            "current_ratio": 91.9,
            "debt_ratio": 72.61,
            "inventory_turnover_ratio": 3.48,
            "account_receivable_turnover_ratio": 11.18,
            "reinvestment_rate": 69.2,
            "research_to_sale_ratio": null,
            "price_fair": 302.66,
            "eps_avg_yearly": 8.65,
            "eps_latest_yearly": 6.56,
            "eps_growth_yearly": 599.21
        },
        "20123": {
            "year_quarter": 20123,
            "year": 2012,
            "quarter": 3,
            "eps": 2.08,
            "eps_growth_year": 19.65,
            "eps_4q": 6.25,
            "eps_4q_growth_year": 3.78,
            "roe": 10.2,
            "roe_4q": 30.11,
            "gross_profit": 16712012,
            "gross_margin": 30.52,
            "gross_margin_4q_avg": 29.74,
            "net_income": 2407472,
            "revenue": 54751059,
            "common_shares": 10396223,
            "book_valuer_per_share": 20.48,
            "book_valuer_per_share_4q_avg": 20.11,
            "equity": 24807087,
            "current_ratio": 94.05,
            "debt_ratio": 69.43,
            "inventory_turnover_ratio": 3.66,
            "account_receivable_turnover_ratio": 12.86,
            "reinvestment_rate": 66.96,
            "research_to_sale_ratio": null,
            "price_fair": 310.36,
            "eps_avg_yearly": 8.87,
            "eps_latest_yearly": 8.32,
            "eps_growth_yearly": 605.71
        },
        "20124": {
            "year_quarter": 20124,
            "year": 2012,
            "quarter": 4,
            "eps": 1.15,
            "eps_growth_year": 33.1,
            "eps_4q": 6.53,
            "eps_4q_growth_year": 6.88,
            "roe": 5.48,
            "roe_4q": 31.04,
            "gross_profit": 15917337,
            "gross_margin": 30.25,
            "gross_margin_4q_avg": 30.35,
            "net_income": 1409647,
            "revenue": 52620731,
            "common_shares": 10396222,
            "book_valuer_per_share": 22.04,
            "book_valuer_per_share_4q_avg": 20.65,
            "equity": 26634304,
            "current_ratio": 93.69,
            "debt_ratio": 67.2,
            "inventory_turnover_ratio": 3.47,
            "account_receivable_turnover_ratio": 12.36,
            "reinvestment_rate": 66.67,
            "research_to_sale_ratio": null,
            "price_fair": 315.79,
            "eps_avg_yearly": 9.02,
            "eps_latest_yearly": 4.6,
            "eps_growth_yearly": 608.49
        },
        "20131": {
            "year_quarter": 20131,
            "year": 2013,
            "quarter": 1,
            "eps": 1.94,
            "eps_growth_year": 16.87,
            "eps_4q": 6.82,
            "eps_4q_growth_year": 11.9,
            "roe": 8.52,
            "roe_4q": 31.919999999999998,
            "gross_profit": 14907147,
            "gross_margin": 30.82,
            "gross_margin_4q_avg": 30.59,
            "net_income": 2268424,
            "revenue": 48374210,
            "common_shares": 10396223,
            "book_valuer_per_share": 22.15,
            "book_valuer_per_share_4q_avg": 20.77,
            "equity": 26606524,
            "current_ratio": 95.82,
            "debt_ratio": 67.75,
            "inventory_turnover_ratio": 3.28,
            "account_receivable_turnover_ratio": 11.96,
            "reinvestment_rate": 64.64,
            "research_to_sale_ratio": null,
            "price_fair": 325.41,
            "eps_avg_yearly": 9.3,
            "eps_latest_yearly": 7.76,
            "eps_growth_yearly": 611.04
        },
        "20132": {
            "year_quarter": 20132,
            "year": 2013,
            "quarter": 2,
            "eps": 2.22,
            "eps_growth_year": 35,
            "eps_4q": 7.39,
            "eps_4q_growth_year": 25.18,
            "roe": 10.4,
            "roe_4q": 34.6,
            "gross_profit": 15598334,
            "gross_margin": 31.48,
            "gross_margin_4q_avg": 30.77,
            "net_income": 2600649,
            "revenue": 49548404,
            "common_shares": 10396223,
            "book_valuer_per_share": 19.49,
            "book_valuer_per_share_4q_avg": 21.04,
            "equity": 23402319,
            "current_ratio": 91.81,
            "debt_ratio": 72.83,
            "inventory_turnover_ratio": 3.47,
            "account_receivable_turnover_ratio": 12.08,
            "reinvestment_rate": 61.39,
            "research_to_sale_ratio": null,
            "price_fair": 334.95,
            "eps_avg_yearly": 9.57,
            "eps_latest_yearly": 8.88,
            "eps_growth_yearly": 606.02
        },
        "20133": {
            "year_quarter": 20133,
            "year": 2013,
            "quarter": 3,
            "eps": 2.16,
            "eps_growth_year": 3.73,
            "eps_4q": 7.46,
            "eps_4q_growth_year": 19.51,
            "roe": 10.4,
            "roe_4q": 34.8,
            "gross_profit": 16929836,
            "gross_margin": 32.33,
            "gross_margin_4q_avg": 31.22,
            "net_income": 2559367,
            "revenue": 52372791,
            "common_shares": 10396223,
            "book_valuer_per_share": 21.54,
            "book_valuer_per_share_4q_avg": 21.31,
            "equity": 25826561,
            "current_ratio": 96.13,
            "debt_ratio": 68.8,
            "inventory_turnover_ratio": 3.46,
            "account_receivable_turnover_ratio": 11.88,
            "reinvestment_rate": 59.18,
            "research_to_sale_ratio": null,
            "price_fair": 341.6,
            "eps_avg_yearly": 9.76,
            "eps_latest_yearly": 8.64,
            "eps_growth_yearly": 599.37
        },
        "20134": {
            "year_quarter": 20134,
            "year": 2013,
            "quarter": 4,
            "eps": 1.41,
            "eps_growth_year": 23.25,
            "eps_4q": 7.73,
            "eps_4q_growth_year": 18.37,
            "roe": 6.8,
            "roe_4q": 36.120000000000005,
            "gross_profit": 15986742,
            "gross_margin": 31.77,
            "gross_margin_4q_avg": 31.6,
            "net_income": 1813853,
            "revenue": 50315434,
            "common_shares": 10396223,
            "book_valuer_per_share": 22.84,
            "book_valuer_per_share_4q_avg": 21.51,
            "equity": 27498440,
            "current_ratio": 98.55,
            "debt_ratio": 67.07,
            "inventory_turnover_ratio": 3.28,
            "account_receivable_turnover_ratio": 11.92,
            "reinvestment_rate": 9.06,
            "research_to_sale_ratio": null,
            "price_fair": 348.43,
            "eps_avg_yearly": 9.96,
            "eps_latest_yearly": 5.64,
            "eps_growth_yearly": 604.44
        },
        "20141": {
            "year_quarter": 20141,
            "year": 2014,
            "quarter": 1,
            "eps": 2.86,
            "eps_growth_year": 47.42,
            "eps_4q": 8.64,
            "eps_4q_growth_year": 26.74,
            "roe": 11.1,
            "roe_4q": 38.699999999999996,
            "gross_profit": 15732725,
            "gross_margin": 31.6,
            "gross_margin_4q_avg": 31.8,
            "net_income": 3208147,
            "revenue": 49787544,
            "common_shares": 10396223,
            "book_valuer_per_share": 25.67,
            "book_valuer_per_share_4q_avg": 22.39,
            "equity": 30306424,
            "current_ratio": 101.46,
            "debt_ratio": 64.01,
            "inventory_turnover_ratio": 3.48,
            "account_receivable_turnover_ratio": 12.47,
            "reinvestment_rate": 10.69,
            "research_to_sale_ratio": null,
            "price_fair": 237.83,
            "eps_avg_yearly": 6.8,
            "eps_latest_yearly": 11.44,
            "eps_growth_yearly": 40.07
        },
        "20142": {
            "year_quarter": 20142,
            "year": 2014,
            "quarter": 2,
            "eps": 2.11,
            "eps_growth_year": -4.96,
            "eps_4q": 8.54,
            "eps_4q_growth_year": 15.55,
            "roe": 8.89,
            "roe_4q": 37.190000000000005,
            "gross_profit": 16791189,
            "gross_margin": 32.51,
            "gross_margin_4q_avg": 32.05,
            "net_income": 2490977,
            "revenue": 51652948,
            "common_shares": 10396223,
            "book_valuer_per_share": 21.72,
            "book_valuer_per_share_4q_avg": 22.94,
            "equity": 25708088,
            "current_ratio": 92.35,
            "debt_ratio": 70.97,
            "inventory_turnover_ratio": 3.62,
            "account_receivable_turnover_ratio": 12.33,
            "reinvestment_rate": 13.18,
            "research_to_sale_ratio": null,
            "price_fair": 243.08,
            "eps_avg_yearly": 6.95,
            "eps_latest_yearly": 8.44,
            "eps_growth_yearly": 56.08
        },
        "20143": {
            "year_quarter": 20143,
            "year": 2014,
            "quarter": 3,
            "eps": 2.39,
            "eps_growth_year": 10.65,
            "eps_4q": 8.77,
            "eps_4q_growth_year": 17.49,
            "roe": 10.31,
            "roe_4q": 37.1,
            "gross_profit": 17718562,
            "gross_margin": 32.45,
            "gross_margin_4q_avg": 32.08,
            "net_income": 2797242,
            "revenue": 54609078,
            "common_shares": 10396223,
            "book_valuer_per_share": 24.15,
            "book_valuer_per_share_4q_avg": 23.6,
            "equity": 28536336,
            "current_ratio": 96.57,
            "debt_ratio": 67.1,
            "inventory_turnover_ratio": 3.68,
            "account_receivable_turnover_ratio": 12.68,
            "reinvestment_rate": 12.83,
            "research_to_sale_ratio": null,
            "price_fair": 249.29,
            "eps_avg_yearly": 7.12,
            "eps_latest_yearly": 9.56,
            "eps_growth_yearly": 56.58
        },
        "20144": {
            "year_quarter": 20144,
            "year": 2014,
            "quarter": 4,
            "eps": 1.38,
            "eps_growth_year": -2.06,
            "eps_4q": 8.74,
            "eps_4q_growth_year": 13.06,
            "roe": 5.94,
            "roe_4q": 36.24,
            "gross_profit": 16695692,
            "gross_margin": 32.14,
            "gross_margin_4q_avg": 32.18,
            "net_income": 1746389,
            "revenue": 51939451,
            "common_shares": 10396223,
            "book_valuer_per_share": 25.51,
            "book_valuer_per_share_4q_avg": 24.26,
            "equity": 30297909,
            "current_ratio": 99.11,
            "debt_ratio": 65.5,
            "inventory_turnover_ratio": 3.31,
            "account_receivable_turnover_ratio": 11.98,
            "reinvestment_rate": 12.53,
            "research_to_sale_ratio": null,
            "price_fair": 254.63,
            "eps_avg_yearly": 7.28,
            "eps_latest_yearly": 5.52,
            "eps_growth_yearly": 59.56
        },
        "20151": {
            "year_quarter": 20151,
            "year": 2015,
            "quarter": 1,
            "eps": 2.03,
            "eps_growth_year": -29.02,
            "eps_4q": 7.91,
            "eps_4q_growth_year": -8.45,
            "roe": 7.53,
            "roe_4q": 32.67,
            "gross_profit": 15243958,
            "gross_margin": 31.59,
            "gross_margin_4q_avg": 32.17,
            "net_income": 2367042,
            "revenue": 48248674,
            "common_shares": 10396223,
            "book_valuer_per_share": 27.47,
            "book_valuer_per_share_4q_avg": 24.71,
            "equity": 32578781,
            "current_ratio": 103.62,
            "debt_ratio": 63.09,
            "inventory_turnover_ratio": 3.14,
            "account_receivable_turnover_ratio": 11.8,
            "reinvestment_rate": 16.93,
            "research_to_sale_ratio": null,
            "price_fair": 257.78,
            "eps_avg_yearly": 7.37,
            "eps_latest_yearly": 8.12,
            "eps_growth_yearly": 42.11
        },
        "20152": {
            "year_quarter": 20152,
            "year": 2015,
            "quarter": 2,
            "eps": 2.09,
            "eps_growth_year": -0.95,
            "eps_4q": 7.89,
            "eps_4q_growth_year": -7.61,
            "roe": 8.32,
            "roe_4q": 32.1,
            "gross_profit": 16643364,
            "gross_margin": 32.39,
            "gross_margin_4q_avg": 32.14,
            "net_income": 2470828,
            "revenue": 51391231,
            "common_shares": 10396223,
            "book_valuer_per_share": 22.43,
            "book_valuer_per_share_4q_avg": 24.89,
            "equity": 26810537,
            "current_ratio": 92.43,
            "debt_ratio": 70.71,
            "inventory_turnover_ratio": 3.52,
            "account_receivable_turnover_ratio": 12.9,
            "reinvestment_rate": 15.64,
            "research_to_sale_ratio": null,
            "price_fair": 260.05,
            "eps_avg_yearly": 7.43,
            "eps_latest_yearly": 8.36,
            "eps_growth_yearly": 40.46
        },
        "20153": {
            "year_quarter": 20153,
            "year": 2015,
            "quarter": 3,
            "eps": 2.36,
            "eps_growth_year": -1.26,
            "eps_4q": 7.86,
            "eps_4q_growth_year": -10.31,
            "roe": 9.75,
            "roe_4q": 31.540000000000003,
            "gross_profit": 17083714,
            "gross_margin": 31.98,
            "gross_margin_4q_avg": 32.03,
            "net_income": 2750950,
            "revenue": 53425771,
            "common_shares": 10396223,
            "book_valuer_per_share": 24.91,
            "book_valuer_per_share_4q_avg": 25.08,
            "equity": 29623472,
            "current_ratio": 95.88,
            "debt_ratio": 66.57,
            "inventory_turnover_ratio": 3.59,
            "account_receivable_turnover_ratio": 12.53,
            "reinvestment_rate": 16.92,
            "research_to_sale_ratio": null,
            "price_fair": 265.48,
            "eps_avg_yearly": 7.59,
            "eps_latest_yearly": 9.44,
            "eps_growth_yearly": 44.92
        },
        "20154": {
            "year_quarter": 20154,
            "year": 2015,
            "quarter": 4,
            "eps": 1.45,
            "eps_growth_year": 4.35,
            "eps_4q": 7.92,
            "eps_4q_growth_year": -9.32,
            "roe": 6.11,
            "roe_4q": 31.71,
            "gross_profit": 17309831,
            "gross_margin": 33.02,
            "gross_margin_4q_avg": 32.25,
            "net_income": 1853634,
            "revenue": 52415641,
            "common_shares": 10396223,
            "book_valuer_per_share": 26.08,
            "book_valuer_per_share_4q_avg": 25.22,
            "equity": 31091502,
            "current_ratio": 98.67,
            "debt_ratio": 65.22,
            "inventory_turnover_ratio": 3.19,
            "account_receivable_turnover_ratio": 12.01,
            "reinvestment_rate": 17.45,
            "research_to_sale_ratio": null,
            "price_fair": 270.64,
            "eps_avg_yearly": 7.73,
            "eps_latest_yearly": 5.8,
            "eps_growth_yearly": 47.92
        },
        "20161": {
            "year_quarter": 20161,
            "year": 2016,
            "quarter": 1,
            "eps": 2.35,
            "eps_growth_year": 15.76,
            "eps_4q": 8.25,
            "eps_4q_growth_year": 4.28,
            "roe": 8.46,
            "roe_4q": 32.64,
            "gross_profit": 16675396,
            "gross_margin": 32.37,
            "gross_margin_4q_avg": 32.44,
            "net_income": 2743265,
            "revenue": 51519542,
            "common_shares": 10396223,
            "book_valuer_per_share": 28.42,
            "book_valuer_per_share_4q_avg": 25.46,
            "equity": 33750674,
            "current_ratio": 105.32,
            "debt_ratio": 62.63,
            "inventory_turnover_ratio": 3.2,
            "account_receivable_turnover_ratio": 12.72,
            "reinvestment_rate": 15.54,
            "research_to_sale_ratio": null,
            "price_fair": 276.68,
            "eps_avg_yearly": 7.91,
            "eps_latest_yearly": 9.4,
            "eps_growth_yearly": 40.18
        },
        "20162": {
            "year_quarter": 20162,
            "year": 2016,
            "quarter": 2,
            "eps": 2.49,
            "eps_growth_year": 19.14,
            "eps_4q": 8.65,
            "eps_4q_growth_year": 9.68,
            "roe": 9.44,
            "roe_4q": 33.76,
            "gross_profit": 17961795,
            "gross_margin": 33.12,
            "gross_margin_4q_avg": 32.62,
            "net_income": 2940787,
            "revenue": 54231446,
            "common_shares": 10396223,
            "book_valuer_per_share": 23.55,
            "book_valuer_per_share_4q_avg": 25.74,
            "equity": 28569874,
            "current_ratio": 96.19,
            "debt_ratio": 69.67,
            "inventory_turnover_ratio": 3.53,
            "account_receivable_turnover_ratio": 14.1,
            "reinvestment_rate": 11.6,
            "research_to_sale_ratio": null,
            "price_fair": 284.11,
            "eps_avg_yearly": 8.12,
            "eps_latest_yearly": 9.96,
            "eps_growth_yearly": 41.97
        },
        "20163": {
            "year_quarter": 20163,
            "year": 2016,
            "quarter": 3,
            "eps": 2.71,
            "eps_growth_year": 14.83,
            "eps_4q": 9,
            "eps_4q_growth_year": 14.44,
            "roe": 10.5,
            "roe_4q": 34.51,
            "gross_profit": 18472891,
            "gross_margin": 33.23,
            "gross_margin_4q_avg": 32.94,
            "net_income": 3137447,
            "revenue": 55583940,
            "common_shares": 10396223,
            "book_valuer_per_share": 25.82,
            "book_valuer_per_share_4q_avg": 25.97,
            "equity": 31184673,
            "current_ratio": 100.56,
            "debt_ratio": 64.45,
            "inventory_turnover_ratio": 3.44,
            "account_receivable_turnover_ratio": 13.7,
            "reinvestment_rate": 11.5,
            "research_to_sale_ratio": null,
            "price_fair": 289.63,
            "eps_avg_yearly": 8.28,
            "eps_latest_yearly": 10.84,
            "eps_growth_yearly": 37.47
        },
        "20164": {
            "year_quarter": 20164,
            "year": 2016,
            "quarter": 4,
            "eps": 1.91,
            "eps_growth_year": 31.92,
            "eps_4q": 9.46,
            "eps_4q_growth_year": 19.39,
            "roe": 7.19,
            "roe_4q": 35.59,
            "gross_profit": 17657119,
            "gross_margin": 32.76,
            "gross_margin_4q_avg": 32.87,
            "net_income": 2317070,
            "revenue": 53903223,
            "common_shares": 10396223,
            "book_valuer_per_share": 27.53,
            "book_valuer_per_share_4q_avg": 26.33,
            "equity": 33260930,
            "current_ratio": 103.29,
            "debt_ratio": 65.03,
            "inventory_turnover_ratio": 3.12,
            "account_receivable_turnover_ratio": 12.6,
            "reinvestment_rate": 10.12,
            "research_to_sale_ratio": null,
            "price_fair": 296.28,
            "eps_avg_yearly": 8.47,
            "eps_latest_yearly": 7.64,
            "eps_growth_yearly": 41.27
        },
        "20171": {
            "year_quarter": 20171,
            "year": 2017,
            "quarter": 1,
            "eps": 2.64,
            "eps_growth_year": 12.34,
            "eps_4q": 9.74,
            "eps_4q_growth_year": 18.12,
            "roe": 8.81,
            "roe_4q": 35.94,
            "gross_profit": 17356457,
            "gross_margin": 32.75,
            "gross_margin_4q_avg": 32.97,
            "net_income": 3047658,
            "revenue": 53001927,
            "common_shares": 10396223,
            "book_valuer_per_share": 29.91,
            "book_valuer_per_share_4q_avg": 26.7,
            "equity": 35915726,
            "current_ratio": 108.88,
            "debt_ratio": 60.84,
            "inventory_turnover_ratio": 3.12,
            "account_receivable_turnover_ratio": 13.12,
            "reinvestment_rate": 9.66,
            "research_to_sale_ratio": null,
            "price_fair": 302.4,
            "eps_avg_yearly": 8.64,
            "eps_latest_yearly": 10.56,
            "eps_growth_yearly": 33.65
        },
        "20172": {
            "year_quarter": 20172,
            "year": 2017,
            "quarter": 2,
            "eps": 2.68,
            "eps_growth_year": 7.63,
            "eps_4q": 9.94,
            "eps_4q_growth_year": 14.86,
            "roe": 9.44,
            "roe_4q": 35.94,
            "gross_profit": 18248667,
            "gross_margin": 33.08,
            "gross_margin_4q_avg": 32.96,
            "net_income": 3115270,
            "revenue": 55172911,
            "common_shares": 10396223,
            "book_valuer_per_share": 24.74,
            "book_valuer_per_share_4q_avg": 27,
            "equity": 30075853,
            "current_ratio": 96.41,
            "debt_ratio": 68.86,
            "inventory_turnover_ratio": 3.17,
            "account_receivable_turnover_ratio": 14.3,
            "reinvestment_rate": 11.54,
            "research_to_sale_ratio": null,
            "price_fair": 306.43,
            "eps_avg_yearly": 8.76,
            "eps_latest_yearly": 10.72,
            "eps_growth_yearly": 30.42
        },
        "20173": {
            "year_quarter": 20173,
            "year": 2017,
            "quarter": 3,
            "eps": 2.97,
            "eps_growth_year": 9.59,
            "eps_4q": 10.2,
            "eps_4q_growth_year": 13.29,
            "roe": 10.67,
            "roe_4q": 36.11,
            "gross_profit": 19272820,
            "gross_margin": 33.64,
            "gross_margin_4q_avg": 33.06,
            "net_income": 3393375,
            "revenue": 57283454,
            "common_shares": 10396223,
            "book_valuer_per_share": 27.77,
            "book_valuer_per_share_4q_avg": 27.49,
            "equity": 33516760,
            "current_ratio": 106.46,
            "debt_ratio": 64.35,
            "inventory_turnover_ratio": 3.1,
            "account_receivable_turnover_ratio": 14.1,
            "reinvestment_rate": 6.85,
            "research_to_sale_ratio": null,
            "price_fair": 313.51,
            "eps_avg_yearly": 8.96,
            "eps_latest_yearly": 11.88,
            "eps_growth_yearly": 33.8
        },
        "20174": {
            "year_quarter": 20174,
            "year": 2017,
            "quarter": 4,
            "eps": 21.55,
            "eps_growth_year": 1030.14,
            "eps_4q": 29.83,
            "eps_4q_growth_year": 215.32,
            "roe": 48.94,
            "roe_4q": 77.86,
            "gross_profit": 18556066,
            "gross_margin": 33.33,
            "gross_margin_4q_avg": 33.2,
            "net_income": 22761769,
            "revenue": 55673790,
            "common_shares": 10396223,
            "book_valuer_per_share": 48.69,
            "book_valuer_per_share_4q_avg": 32.78,
            "equity": 59506410,
            "current_ratio": 134.72,
            "debt_ratio": 57.46,
            "inventory_turnover_ratio": 2.92,
            "account_receivable_turnover_ratio": 12.34,
            "reinvestment_rate": 7.61,
            "research_to_sale_ratio": null,
            "price_fair": 489.74,
            "eps_avg_yearly": 13.99,
            "eps_latest_yearly": 86.2,
            "eps_growth_yearly": 198.88
        },
        "20181": {
            "year_quarter": 20181,
            "year": 2018,
            "quarter": 1,
            "eps": 2.44,
            "eps_growth_year": -7.58,
            "eps_4q": 29.64,
            "eps_4q_growth_year": 204.15,
            "roe": 4.72,
            "roe_4q": 73.77,
            "gross_profit": 20501239,
            "gross_margin": 34.78,
            "gross_margin_4q_avg": 33.71,
            "net_income": 2861195,
            "revenue": 58947745,
            "common_shares": 10396223,
            "book_valuer_per_share": 50.62,
            "book_valuer_per_share_4q_avg": 37.96,
            "equity": 61738084,
            "current_ratio": 143.48,
            "debt_ratio": 54.66,
            "inventory_turnover_ratio": 2.99,
            "account_receivable_turnover_ratio": 12.74,
            "reinvestment_rate": 4.88,
            "research_to_sale_ratio": null,
            "price_fair": 486.06,
            "eps_avg_yearly": 13.89,
            "eps_latest_yearly": 9.76,
            "eps_growth_yearly": 151
        },
        "20182": {
            "year_quarter": 20182,
            "year": 2018,
            "quarter": 2,
            "eps": 2.53,
            "eps_growth_year": -5.6,
            "eps_4q": 29.49,
            "eps_4q_growth_year": 196.7,
            "roe": 6.02,
            "roe_4q": 70.35,
            "gross_profit": 20953844,
            "gross_margin": 34.22,
            "gross_margin_4q_avg": 33.99,
            "net_income": 3016141,
            "revenue": 61229506,
            "common_shares": 10396223,
            "book_valuer_per_share": 29.14,
            "book_valuer_per_share_4q_avg": 39.06,
            "equity": 38404928,
            "current_ratio": 102.86,
            "debt_ratio": 72.32,
            "inventory_turnover_ratio": 3.2,
            "account_receivable_turnover_ratio": 13.7,
            "reinvestment_rate": 4.56,
            "research_to_sale_ratio": null,
            "price_fair": 489.74,
            "eps_avg_yearly": 13.99,
            "eps_latest_yearly": 10.12,
            "eps_growth_yearly": 158.48
        },
        "20183": {
            "year_quarter": 20183,
            "year": 2018,
            "quarter": 3,
            "eps": 2.67,
            "eps_growth_year": -10.1,
            "eps_4q": 29.19,
            "eps_4q_growth_year": 186.24,
            "roe": 7.81,
            "roe_4q": 67.49,
            "gross_profit": 21683962,
            "gross_margin": 34.42,
            "gross_margin_4q_avg": 34.19,
            "net_income": 3114530,
            "revenue": 63003871,
            "common_shares": 10396223,
            "book_valuer_per_share": 31.76,
            "book_valuer_per_share_4q_avg": 40.05,
            "equity": 41357262,
            "current_ratio": 107.68,
            "debt_ratio": 66.69,
            "inventory_turnover_ratio": 3.22,
            "account_receivable_turnover_ratio": 12.89,
            "reinvestment_rate": 4.46,
            "research_to_sale_ratio": null,
            "price_fair": 492.19,
            "eps_avg_yearly": 14.06,
            "eps_latest_yearly": 10.68,
            "eps_growth_yearly": 156.55
        },
        "20184": {
            "year_quarter": 20184,
            "year": 2018,
            "quarter": 4,
            "eps": 2.18,
            "eps_growth_year": -89.9,
            "eps_4q": 9.82,
            "eps_4q_growth_year": -67.09,
            "roe": 6.45,
            "roe_4q": 25,
            "gross_profit": 20937647,
            "gross_margin": 33.93,
            "gross_margin_4q_avg": 34.34,
            "net_income": 2752412,
            "revenue": 61706731,
            "common_shares": 10396223,
            "book_valuer_per_share": 33.91,
            "book_valuer_per_share_4q_avg": 36.36,
            "equity": 44025027,
            "current_ratio": 111.06,
            "debt_ratio": 65.52,
            "inventory_turnover_ratio": 2.92,
            "account_receivable_turnover_ratio": 11.76,
            "reinvestment_rate": 4.48,
            "research_to_sale_ratio": null,
            "price_fair": 499.19,
            "eps_avg_yearly": 14.26,
            "eps_latest_yearly": 8.72,
            "eps_growth_yearly": 162.52
        },
        "20191": {
            "year_quarter": 20191,
            "year": 2019,
            "quarter": 1,
            "eps": 2.8,
            "eps_growth_year": 14.75,
            "eps_4q": 10.17,
            "eps_4q_growth_year": -65.68,
            "roe": 7.12,
            "roe_4q": 27.4,
            "gross_profit": 21005927,
            "gross_margin": 34.39,
            "gross_margin_4q_avg": 34.24,
            "net_income": 3259642,
            "revenue": 61085396,
            "common_shares": 10396223,
            "book_valuer_per_share": 36.95,
            "book_valuer_per_share_4q_avg": 32.94,
            "equity": 47569187,
            "current_ratio": 101.01,
            "debt_ratio": 73.05,
            "inventory_turnover_ratio": 2.81,
            "account_receivable_turnover_ratio": 12.05,
            "reinvestment_rate": 1.84,
            "research_to_sale_ratio": null,
            "price_fair": 505.93,
            "eps_avg_yearly": 14.46,
            "eps_latest_yearly": 11.2,
            "eps_growth_yearly": 157.86
        },
        "20192": {
            "year_quarter": 20192,
            "year": 2019,
            "quarter": 2,
            "eps": 2.49,
            "eps_growth_year": -1.58,
            "eps_4q": 10.13,
            "eps_4q_growth_year": -65.64,
            "roe": 6.75,
            "roe_4q": 28.13,
            "gross_profit": 21927741,
            "gross_margin": 34.29,
            "gross_margin_4q_avg": 34.26,
            "net_income": 2970528,
            "revenue": 63947923,
            "common_shares": 10396223,
            "book_valuer_per_share": 30.86,
            "book_valuer_per_share_4q_avg": 33.37,
            "equity": 40435846,
            "current_ratio": 91.91,
            "debt_ratio": 77.54,
            "inventory_turnover_ratio": 3.24,
            "account_receivable_turnover_ratio": 12.72,
            "reinvestment_rate": 2.33,
            "research_to_sale_ratio": null,
            "price_fair": 509.43,
            "eps_avg_yearly": 14.56,
            "eps_latest_yearly": 9.96,
            "eps_growth_yearly": 154.35
        },
        "20193": {
            "year_quarter": 20193,
            "year": 2019,
            "quarter": 3,
            "eps": 2.67,
            "eps_growth_year": 0,
            "eps_4q": 10.13,
            "eps_4q_growth_year": -65.29,
            "roe": 7.48,
            "roe_4q": 27.8,
            "gross_profit": 22797318,
            "gross_margin": 34.5,
            "gross_margin_4q_avg": 34.28,
            "net_income": 3131552,
            "revenue": 66088666,
            "common_shares": 10396223,
            "book_valuer_per_share": 33.4,
            "book_valuer_per_share_4q_avg": 33.78,
            "equity": 43287668,
            "current_ratio": 95.62,
            "debt_ratio": 76.46,
            "inventory_turnover_ratio": 3.43,
            "account_receivable_turnover_ratio": 12.37,
            "reinvestment_rate": 1.69,
            "research_to_sale_ratio": null,
            "price_fair": 512.14,
            "eps_avg_yearly": 14.63,
            "eps_latest_yearly": 10.68,
            "eps_growth_yearly": 152.93
        },
        "20194": {
            "year_quarter": 20194,
            "year": 2019,
            "quarter": 4,
            "eps": 2.19,
            "eps_growth_year": 0.47,
            "eps_4q": 10.14,
            "eps_4q_growth_year": 3.3,
            "roe": 6.21,
            "roe_4q": 27.560000000000002,
            "gross_profit": 22117434,
            "gross_margin": 34.06,
            "gross_margin_4q_avg": 34.31,
            "net_income": 2750387,
            "revenue": 64936903,
            "common_shares": 10396223,
            "book_valuer_per_share": 34.84,
            "book_valuer_per_share_4q_avg": 34.01,
            "equity": 45227318,
            "current_ratio": 95.97,
            "debt_ratio": 76.82,
            "inventory_turnover_ratio": 3.01,
            "account_receivable_turnover_ratio": 11.47,
            "reinvestment_rate": 2.39,
            "research_to_sale_ratio": null,
            "price_fair": 518.61,
            "eps_avg_yearly": 14.82,
            "eps_latest_yearly": 8.76,
            "eps_growth_yearly": 158.07
        },
        "20201": {
            "year_quarter": 20201,
            "year": 2020,
            "quarter": 1,
            "eps": 2.46,
            "eps_growth_year": -12.14,
            "eps_4q": 9.8,
            "eps_4q_growth_year": -3.66,
            "roe": 6.17,
            "roe_4q": 26.61,
            "gross_profit": 21824311,
            "gross_margin": 34.61,
            "gross_margin_4q_avg": 34.37,
            "net_income": 2884843,
            "revenue": 63049749,
            "common_shares": 10396223,
            "book_valuer_per_share": 37.42,
            "book_valuer_per_share_4q_avg": 34.13,
            "equity": 48251508,
            "current_ratio": 99.84,
            "debt_ratio": 75.11,
            "inventory_turnover_ratio": 2.76,
            "account_receivable_turnover_ratio": 12.81,
            "reinvestment_rate": 2.71,
            "research_to_sale_ratio": null,
            "price_fair": 519.58,
            "eps_avg_yearly": 14.85,
            "eps_latest_yearly": 9.84,
            "eps_growth_yearly": 145.64
        },
        "20202": {
            "year_quarter": 20202,
            "year": 2020,
            "quarter": 2,
            "eps": 2.44,
            "eps_growth_year": -2.01,
            "eps_4q": 9.75,
            "eps_4q_growth_year": -3.77,
            "roe": 6.13,
            "roe_4q": 25.990000000000002,
            "gross_profit": 20744899,
            "gross_margin": 33.74,
            "gross_margin_4q_avg": 34.23,
            "net_income": 2705633,
            "revenue": 61492529,
            "common_shares": 10396223,
            "book_valuer_per_share": 30.41,
            "book_valuer_per_share_4q_avg": 34.02,
            "equity": 40066650,
            "current_ratio": 91.82,
            "debt_ratio": 80.19,
            "inventory_turnover_ratio": 2.93,
            "account_receivable_turnover_ratio": 13.85,
            "reinvestment_rate": 2.19,
            "research_to_sale_ratio": null,
            "price_fair": 519.14,
            "eps_avg_yearly": 14.83,
            "eps_latest_yearly": 9.76,
            "eps_growth_yearly": 143.95
        },
        "20203": {
            "year_quarter": 20203,
            "year": 2020,
            "quarter": 3,
            "eps": 2.76,
            "eps_growth_year": 3.37,
            "eps_4q": 9.85,
            "eps_4q_growth_year": -2.79,
            "roe": 7.66,
            "roe_4q": 26.17,
            "gross_profit": 23255335,
            "gross_margin": 34.3,
            "gross_margin_4q_avg": 34.18,
            "net_income": 3179827,
            "revenue": 67803926,
            "common_shares": 10396223,
            "book_valuer_per_share": 32.92,
            "book_valuer_per_share_4q_avg": 33.9,
            "equity": 42945311,
            "current_ratio": 93.97,
            "debt_ratio": 78.66,
            "inventory_turnover_ratio": 3.15,
            "account_receivable_turnover_ratio": 13.06,
            "reinvestment_rate": 2.46,
            "research_to_sale_ratio": null,
            "price_fair": 519.58,
            "eps_avg_yearly": 14.85,
            "eps_latest_yearly": 11.04,
            "eps_growth_yearly": 145.02
        },
        "20204": {
            "year_quarter": 20204,
            "year": 2020,
            "quarter": 4,
            "eps": 2.19,
            "eps_growth_year": -0,
            "eps_4q": 9.85,
            "eps_4q_growth_year": -2.89,
            "roe": 5.85,
            "roe_4q": 25.810000000000002,
            "gross_profit": 22255965,
            "gross_margin": 33.65,
            "gross_margin_4q_avg": 34.08,
            "net_income": 2569955,
            "revenue": 66148703,
            "common_shares": 10396223,
            "book_valuer_per_share": 34.65,
            "book_valuer_per_share_4q_avg": 33.85,
            "equity": 44977699,
            "current_ratio": 94.48,
            "debt_ratio": 78.53,
            "inventory_turnover_ratio": 2.8,
            "account_receivable_turnover_ratio": 11.26,
            "reinvestment_rate": 4.4,
            "research_to_sale_ratio": null,
            "price_fair": 522.03,
            "eps_avg_yearly": 14.92,
            "eps_latest_yearly": 8.76,
            "eps_growth_yearly": 147.23
        },
        "20211": {
            "year_quarter": 20211,
            "year": 2021,
            "quarter": 1,
            "eps": 2.61,
            "eps_growth_year": 6.1,
            "eps_4q": 10,
            "eps_4q_growth_year": 2,
            "roe": 6.43,
            "roe_4q": 26.069999999999997,
            "gross_profit": 22181239,
            "gross_margin": 34.1,
            "gross_margin_4q_avg": 33.95,
            "net_income": 2971817,
            "revenue": 65053203,
            "common_shares": 10396223,
            "book_valuer_per_share": 36.8,
            "book_valuer_per_share_4q_avg": 33.7,
            "equity": 47407456,
            "current_ratio": 97.16,
            "debt_ratio": 77.22,
            "inventory_turnover_ratio": 2.68,
            "account_receivable_turnover_ratio": 11.2,
            "reinvestment_rate": 4.59,
            "research_to_sale_ratio": null,
            "price_fair": 521.76,
            "eps_avg_yearly": 14.91,
            "eps_latest_yearly": 10.44,
            "eps_growth_yearly": 142.47
        },
        "20212": {
            "year_quarter": 20212,
            "year": 2021,
            "quarter": 2,
            "eps": 1.7,
            "eps_growth_year": -30.33,
            "eps_4q": 9.26,
            "eps_4q_growth_year": -5.05,
            "roe": 4.55,
            "roe_4q": 24.49,
            "gross_profit": 21130961,
            "gross_margin": 33.23,
            "gross_margin_4q_avg": 33.82,
            "net_income": 1947463,
            "revenue": 63593394,
            "common_shares": 10396223,
            "book_valuer_per_share": 29.07,
            "book_valuer_per_share_4q_avg": 33.36,
            "equity": 38200569,
            "current_ratio": 88.08,
            "debt_ratio": 81.89,
            "inventory_turnover_ratio": 2.8,
            "account_receivable_turnover_ratio": 11.63,
            "reinvestment_rate": 2.83,
            "research_to_sale_ratio": null,
            "price_fair": 513.19,
            "eps_avg_yearly": 14.66,
            "eps_latest_yearly": 6.8,
            "eps_growth_yearly": 133.38
        },
        "20213": {
            "year_quarter": 20213,
            "year": 2021,
            "quarter": 3,
            "eps": 1.98,
            "eps_growth_year": -28.26,
            "eps_4q": 8.48,
            "eps_4q_growth_year": -13.92,
            "roe": 6,
            "roe_4q": 22.83,
            "gross_profit": 21629653,
            "gross_margin": 33.05,
            "gross_margin_4q_avg": 33.51,
            "net_income": 2342933,
            "revenue": 65444164,
            "common_shares": 10396223,
            "book_valuer_per_share": 30.56,
            "book_valuer_per_share_4q_avg": 32.77,
            "equity": 39913267,
            "current_ratio": 89.05,
            "debt_ratio": 80.93,
            "inventory_turnover_ratio": 2.89,
            "account_receivable_turnover_ratio": 11.23,
            "reinvestment_rate": 6.44,
            "research_to_sale_ratio": null,
            "price_fair": 504.53,
            "eps_avg_yearly": 14.42,
            "eps_latest_yearly": 7.92,
            "eps_growth_yearly": 134.79
        },
        "20214": {
            "year_quarter": 20214,
            "year": 2021,
            "quarter": 4,
            "eps": 2.23,
            "eps_growth_year": 2.15,
            "eps_4q": 8.52,
            "eps_4q_growth_year": -13.45,
            "roe": 6.67,
            "roe_4q": 23.65,
            "gross_profit": 23181787,
            "gross_margin": 33.77,
            "gross_margin_4q_avg": 33.54,
            "net_income": 2756323,
            "revenue": 68644703,
            "common_shares": 10396223,
            "book_valuer_per_share": 32.86,
            "book_valuer_per_share_4q_avg": 32.32,
            "equity": 42791492,
            "current_ratio": 89.63,
            "debt_ratio": 80.05,
            "inventory_turnover_ratio": 2.69,
            "account_receivable_turnover_ratio": 10.89,
            "reinvestment_rate": 7.9,
            "research_to_sale_ratio": null,
            "price_fair": 28.76,
            "eps_avg_yearly": 9.59,
            "eps_latest_yearly": 8.92,
            "eps_growth_yearly": -18.45
        },
        "20221": {
            "year_quarter": 20221,
            "year": 2022,
            "quarter": 1,
            "eps": 2.09,
            "eps_growth_year": -19.92,
            "eps_4q": 8.01,
            "eps_4q_growth_year": -19.93,
            "roe": 5.76,
            "roe_4q": 22.98,
            "gross_profit": 22899806,
            "gross_margin": 33.84,
            "gross_margin_4q_avg": 33.47,
            "net_income": 2557472,
            "revenue": 67667170,
            "common_shares": 10396223,
            "book_valuer_per_share": 35.65,
            "book_valuer_per_share_4q_avg": 32.04,
            "equity": 46086291,
            "current_ratio": 92.28,
            "debt_ratio": 78.48,
            "inventory_turnover_ratio": 2.54,
            "account_receivable_turnover_ratio": 11.23,
            "reinvestment_rate": 13.75,
            "research_to_sale_ratio": null,
            "price_fair": 115.39,
            "eps_avg_yearly": 9.5,
            "eps_latest_yearly": 8.36,
            "eps_growth_yearly": 2.15
        },
        "20222": {
            "year_quarter": 20222,
            "year": 2022,
            "quarter": 2,
            "eps": 2.36,
            "eps_growth_year": 38.82,
            "eps_4q": 8.66,
            "eps_4q_growth_year": -6.43,
            "roe": 6.86,
            "roe_4q": 25.29,
            "gross_profit": 23558617,
            "gross_margin": 33.12,
            "gross_margin_4q_avg": 33.45,
            "net_income": 2907462,
            "revenue": 71130619,
            "common_shares": 10396223,
            "book_valuer_per_share": 29.47,
            "book_valuer_per_share_4q_avg": 32.14,
            "equity": 38721563,
            "current_ratio": 85.52,
            "debt_ratio": 82.52,
            "inventory_turnover_ratio": 2.87,
            "account_receivable_turnover_ratio": 12.5,
            "reinvestment_rate": 14.02,
            "research_to_sale_ratio": null,
            "price_fair": 136.7,
            "eps_avg_yearly": 9.46,
            "eps_latest_yearly": 9.44,
            "eps_growth_yearly": 4.46
        },
        "20223": {
            "year_quarter": 20223,
            "year": 2022,
            "quarter": 3,
            "eps": 2.58,
            "eps_growth_year": 30.3,
            "eps_4q": 9.27,
            "eps_4q_growth_year": 9.33,
            "roe": 7.67,
            "roe_4q": 26.96,
            "gross_profit": 25541948,
            "gross_margin": 33.68,
            "gross_margin_4q_avg": 33.6,
            "net_income": 3137572,
            "revenue": 75846879,
            "common_shares": 10396223,
            "book_valuer_per_share": 33.26,
            "book_valuer_per_share_4q_avg": 32.81,
            "equity": 43111950,
            "current_ratio": 86.72,
            "debt_ratio": 80.66,
            "inventory_turnover_ratio": 2.97,
            "account_receivable_turnover_ratio": 12.37,
            "reinvestment_rate": 17.88,
            "research_to_sale_ratio": null,
            "price_fair": 145.3,
            "eps_avg_yearly": 9.43,
            "eps_latest_yearly": 10.32,
            "eps_growth_yearly": 5.4
        },
        "20224": {
            "year_quarter": 20224,
            "year": 2022,
            "quarter": 4,
            "eps": 1.89,
            "eps_growth_year": -15.23,
            "eps_4q": 8.93,
            "eps_4q_growth_year": 4.74,
            "roe": 5.56,
            "roe_4q": 25.85,
            "gross_profit": 25854153,
            "gross_margin": 34.11,
            "gross_margin_4q_avg": 33.69,
            "net_income": 2467417,
            "revenue": 75789469,
            "common_shares": 10396223,
            "book_valuer_per_share": 35.07,
            "book_valuer_per_share_4q_avg": 33.36,
            "equity": 45648083,
            "current_ratio": 87.08,
            "debt_ratio": 80.43,
            "inventory_turnover_ratio": 2.55,
            "account_receivable_turnover_ratio": 11.52,
            "reinvestment_rate": 22.27,
            "research_to_sale_ratio": null,
            "price_fair": 124.55,
            "eps_avg_yearly": 9.36,
            "eps_latest_yearly": 7.56,
            "eps_growth_yearly": 3.31
        },
        "20231": {
            "year_quarter": 20231,
            "year": 2023,
            "quarter": 1,
            "eps": 2.71,
            "eps_growth_year": 29.67,
            "eps_4q": 9.55,
            "eps_4q_growth_year": 19.34,
            "roe": 6.89,
            "roe_4q": 26.979999999999997,
            "gross_profit": 25840410,
            "gross_margin": 34.24,
            "gross_margin_4q_avg": 33.79,
            "net_income": 3254326,
            "revenue": 75474209,
            "common_shares": 10396223,
            "book_valuer_per_share": 37.66,
            "book_valuer_per_share_4q_avg": 33.87,
            "equity": 48817995,
            "current_ratio": 88.24,
            "debt_ratio": 78.68,
            "inventory_turnover_ratio": 2.36,
            "account_receivable_turnover_ratio": 12.13,
            "reinvestment_rate": 24.89,
            "research_to_sale_ratio": null,
            "price_fair": 159.14,
            "eps_avg_yearly": 9.34,
            "eps_latest_yearly": 10.84,
            "eps_growth_yearly": 7.04
        }
    },
    "months": {
        "2001-06": {
            "month": "2001-06",
            "price": "73.42",
            "revenue": 5796654
        },
        "2001-07": {
            "month": "2001-07",
            "price": "77.52",
            "revenue": 6071025
        },
        "2001-08": {
            "month": "2001-08",
            "price": "73.85",
            "revenue": 6134253
        },
        "2001-09": {
            "month": "2001-09",
            "price": "72.44",
            "revenue": 5310996
        },
        "2001-10": {
            "month": "2001-10",
            "price": "63.64",
            "revenue": 5542568
        },
        "2001-11": {
            "month": "2001-11",
            "price": "61.39",
            "revenue": 5071628
        },
        "2001-12": {
            "month": "2001-12",
            "price": "62.90",
            "revenue": 5662084
        },
        "2002-01": {
            "month": "2002-01",
            "price": "65.57",
            "revenue": 5440804
        },
        "2002-02": {
            "month": "2002-02",
            "price": "62.42",
            "revenue": 5478789
        },
        "2002-03": {
            "month": "2002-03",
            "price": "64.55",
            "revenue": 5664451
        },
        "2002-04": {
            "month": "2002-04",
            "price": "62.88",
            "revenue": 5795443
        },
        "2002-05": {
            "month": "2002-05",
            "price": "63.32",
            "revenue": 6204563
        },
        "2002-06": {
            "month": "2002-06",
            "price": "63.75",
            "revenue": 6358800
        },
        "2002-07": {
            "month": "2002-07",
            "price": "61.59",
            "revenue": 6711169
        },
        "2002-08": {
            "month": "2002-08",
            "price": "57.59",
            "revenue": 6613039
        },
        "2002-09": {
            "month": "2002-09",
            "price": "54.52",
            "revenue": 6059449
        },
        "2002-10": {
            "month": "2002-10",
            "price": "53.43",
            "revenue": 6141493
        },
        "2002-11": {
            "month": "2002-11",
            "price": "54.10",
            "revenue": 5703570
        },
        "2002-12": {
            "month": "2002-12",
            "price": "52.55",
            "revenue": 5831072
        },
        "2003-01": {
            "month": "2003-01",
            "price": "53.89",
            "revenue": 5902463
        },
        "2003-02": {
            "month": "2003-02",
            "price": "53.47",
            "revenue": 5909544
        },
        "2003-03": {
            "month": "2003-03",
            "price": "46.84",
            "revenue": 5948880
        },
        "2003-04": {
            "month": "2003-04",
            "price": "43.53",
            "revenue": 6123298
        },
        "2003-05": {
            "month": "2003-05",
            "price": "44.63",
            "revenue": 6549613
        },
        "2003-06": {
            "month": "2003-06",
            "price": "47.42",
            "revenue": 6634948
        },
        "2003-07": {
            "month": "2003-07",
            "price": "45.78",
            "revenue": 7244164
        },
        "2003-08": {
            "month": "2003-08",
            "price": "44.03",
            "revenue": 7106254
        },
        "2003-09": {
            "month": "2003-09",
            "price": "46.56",
            "revenue": 6868259
        },
        "2003-10": {
            "month": "2003-10",
            "price": "48.15",
            "revenue": 6736566
        },
        "2003-11": {
            "month": "2003-11",
            "price": "54.15",
            "revenue": 6352566
        },
        "2003-12": {
            "month": "2003-12",
            "price": "53.40",
            "revenue": 6247709
        },
        "2004-01": {
            "month": "2004-01",
            "price": "57.87",
            "revenue": 6987780
        },
        "2004-02": {
            "month": "2004-02",
            "price": "65.40",
            "revenue": 6177766
        },
        "2004-03": {
            "month": "2004-03",
            "price": "63.39",
            "revenue": 6307072
        },
        "2004-04": {
            "month": "2004-04",
            "price": "61.86",
            "revenue": 6356359
        },
        "2004-05": {
            "month": "2004-05",
            "price": "58.31",
            "revenue": 6901908
        },
        "2004-06": {
            "month": "2004-06",
            "price": "60.90",
            "revenue": 6859316
        },
        "2004-07": {
            "month": "2004-07",
            "price": "59.59",
            "revenue": 7302344
        },
        "2004-08": {
            "month": "2004-08",
            "price": "53.25",
            "revenue": 7346037
        },
        "2004-09": {
            "month": "2004-09",
            "price": "52.05",
            "revenue": 6737466
        },
        "2004-10": {
            "month": "2004-10",
            "price": "49.80",
            "revenue": 6739042
        },
        "2004-11": {
            "month": "2004-11",
            "price": "49.31",
            "revenue": 6445986
        },
        "2004-12": {
            "month": "2004-12",
            "price": "49.52",
            "revenue": 6585437
        },
        "2005-01": {
            "month": "2005-01",
            "price": "50.55",
            "revenue": 6427478
        },
        "2005-02": {
            "month": "2005-02",
            "price": "51.73",
            "revenue": 6693389
        },
        "2005-03": {
            "month": "2005-03",
            "price": "53.93",
            "revenue": 6636050
        },
        "2005-04": {
            "month": "2005-04",
            "price": "56.01",
            "revenue": 6874298
        },
        "2005-05": {
            "month": "2005-05",
            "price": "58.18",
            "revenue": 8426333
        },
        "2005-06": {
            "month": "2005-06",
            "price": "61.84",
            "revenue": 9389209
        },
        "2005-07": {
            "month": "2005-07",
            "price": "62.35",
            "revenue": 10189078
        },
        "2005-08": {
            "month": "2005-08",
            "price": "60.72",
            "revenue": 8048829
        },
        "2005-09": {
            "month": "2005-09",
            "price": "60.03",
            "revenue": 7797608
        },
        "2005-10": {
            "month": "2005-10",
            "price": "61.76",
            "revenue": 7920930
        },
        "2005-11": {
            "month": "2005-11",
            "price": "61.97",
            "revenue": 7751074
        },
        "2005-12": {
            "month": "2005-12",
            "price": "65.06",
            "revenue": 7486858
        },
        "2006-01": {
            "month": "2006-01",
            "price": "72.89",
            "revenue": 7957398
        },
        "2006-02": {
            "month": "2006-02",
            "price": "72.53",
            "revenue": 6906009
        },
        "2006-03": {
            "month": "2006-03",
            "price": "68.17",
            "revenue": 7772104
        },
        "2006-04": {
            "month": "2006-04",
            "price": "74.10",
            "revenue": 8182944
        },
        "2006-05": {
            "month": "2006-05",
            "price": "72.76",
            "revenue": 8531847
        },
        "2006-06": {
            "month": "2006-06",
            "price": "70.26",
            "revenue": 8088966
        },
        "2006-07": {
            "month": "2006-07",
            "price": "69.56",
            "revenue": 9657812
        },
        "2006-08": {
            "month": "2006-08",
            "price": "68.28",
            "revenue": 9241675
        },
        "2006-09": {
            "month": "2006-09",
            "price": "70.26",
            "revenue": 8694701
        },
        "2006-10": {
            "month": "2006-10",
            "price": "72.07",
            "revenue": 8637923
        },
        "2006-11": {
            "month": "2006-11",
            "price": "75.16",
            "revenue": 8097559
        },
        "2006-12": {
            "month": "2006-12",
            "price": "78.92",
            "revenue": 8187449
        },
        "2007-01": {
            "month": "2007-01",
            "price": "75.86",
            "revenue": 7775909
        },
        "2007-02": {
            "month": "2007-02",
            "price": "77.98",
            "revenue": 8573222
        },
        "2007-03": {
            "month": "2007-03",
            "price": "78.42",
            "revenue": 8272678
        },
        "2007-04": {
            "month": "2007-04",
            "price": "83.74",
            "revenue": 8087873
        },
        "2007-05": {
            "month": "2007-05",
            "price": "87.91",
            "revenue": 9447797
        },
        "2007-06": {
            "month": "2007-06",
            "price": "92.76",
            "revenue": 9192908
        },
        "2007-07": {
            "month": "2007-07",
            "price": "93.01",
            "revenue": 9296334
        },
        "2007-08": {
            "month": "2007-08",
            "price": "84.50",
            "revenue": 8561123
        },
        "2007-09": {
            "month": "2007-09",
            "price": "88.86",
            "revenue": 8253002
        },
        "2007-10": {
            "month": "2007-10",
            "price": "91.48",
            "revenue": 8471859
        },
        "2007-11": {
            "month": "2007-11",
            "price": "87.14",
            "revenue": 7997619
        },
        "2007-12": {
            "month": "2007-12",
            "price": "85.35",
            "revenue": 8403231
        },
        "2008-01": {
            "month": "2008-01",
            "price": "88.65",
            "revenue": 8286532
        },
        "2008-02": {
            "month": "2008-02",
            "price": "95.93",
            "revenue": 8240892
        },
        "2008-03": {
            "month": "2008-03",
            "price": "105.70",
            "revenue": 7955810
        },
        "2008-04": {
            "month": "2008-04",
            "price": "106.45",
            "revenue": 7937409
        },
        "2008-05": {
            "month": "2008-05",
            "price": "106.43",
            "revenue": 8451530
        },
        "2008-06": {
            "month": "2008-06",
            "price": "108.14",
            "revenue": 8620256
        },
        "2008-07": {
            "month": "2008-07",
            "price": "96.96",
            "revenue": 9401185
        },
        "2008-08": {
            "month": "2008-08",
            "price": "93.04",
            "revenue": 9279031
        },
        "2008-09": {
            "month": "2008-09",
            "price": "88.94",
            "revenue": 8521024
        },
        "2008-10": {
            "month": "2008-10",
            "price": "79.13",
            "revenue": 8904654
        },
        "2008-11": {
            "month": "2008-11",
            "price": "80.64",
            "revenue": 8407819
        },
        "2008-12": {
            "month": "2008-12",
            "price": "78.24",
            "revenue": 8185085
        },
        "2009-01": {
            "month": "2009-01",
            "price": "77.29",
            "revenue": 8678734
        },
        "2009-02": {
            "month": "2009-02",
            "price": "76.54",
            "revenue": 7479726
        },
        "2009-03": {
            "month": "2009-03",
            "price": "75.14",
            "revenue": 7982511
        },
        "2009-04": {
            "month": "2009-04",
            "price": "77.75",
            "revenue": 8173621
        },
        "2009-05": {
            "month": "2009-05",
            "price": "85.10",
            "revenue": 9085255
        },
        "2009-06": {
            "month": "2009-06",
            "price": "83.00",
            "revenue": 8521446
        },
        "2009-07": {
            "month": "2009-07",
            "price": "83.83",
            "revenue": 8795788
        },
        "2009-08": {
            "month": "2009-08",
            "price": "79.01",
            "revenue": 8813036
        },
        "2009-09": {
            "month": "2009-09",
            "price": "78.17",
            "revenue": 8322949
        },
        "2009-10": {
            "month": "2009-10",
            "price": "76.30",
            "revenue": 8602572
        },
        "2009-11": {
            "month": "2009-11",
            "price": "76.34",
            "revenue": 8440369
        },
        "2009-12": {
            "month": "2009-12",
            "price": "75.48",
            "revenue": 8860415
        },
        "2010-01": {
            "month": "2010-01",
            "price": "75.36",
            "revenue": 8761825
        },
        "2010-02": {
            "month": "2010-02",
            "price": "74.26",
            "revenue": 8861694
        },
        "2010-03": {
            "month": "2010-03",
            "price": "76.62",
            "revenue": 9267065
        },
        "2010-04": {
            "month": "2010-04",
            "price": "83.32",
            "revenue": 8895036
        },
        "2010-05": {
            "month": "2010-05",
            "price": "87.87",
            "revenue": 9686463
        },
        "2010-06": {
            "month": "2010-06",
            "price": "93.98",
            "revenue": 9495227
        },
        "2010-07": {
            "month": "2010-07",
            "price": "99.79",
            "revenue": 10289154
        },
        "2010-08": {
            "month": "2010-08",
            "price": "110.75",
            "revenue": 10189891
        },
        "2010-09": {
            "month": "2010-09",
            "price": "124.90",
            "revenue": 10040908
        },
        "2010-10": {
            "month": "2010-10",
            "price": "126.69",
            "revenue": 10105227
        },
        "2010-11": {
            "month": "2010-11",
            "price": "123.32",
            "revenue": 9341217
        },
        "2010-12": {
            "month": "2010-12",
            "price": "131.85",
            "revenue": 9730864
        },
        "2011-01": {
            "month": "2011-01",
            "price": "127.88",
            "revenue": 9336890
        },
        "2011-02": {
            "month": "2011-02",
            "price": "122.82",
            "revenue": 9540881
        },
        "2011-03": {
            "month": "2011-03",
            "price": "129.74",
            "revenue": 9406303
        },
        "2011-04": {
            "month": "2011-04",
            "price": "140.47",
            "revenue": 9534967
        },
        "2011-05": {
            "month": "2011-05",
            "price": "158.83",
            "revenue": 10243258
        },
        "2011-06": {
            "month": "2011-06",
            "price": "158.60",
            "revenue": 10393956
        },
        "2011-07": {
            "month": "2011-07",
            "price": "180.81",
            "revenue": 10806588
        },
        "2011-08": {
            "month": "2011-08",
            "price": "177.48",
            "revenue": 10657507
        },
        "2011-09": {
            "month": "2011-09",
            "price": "174.43",
            "revenue": 10811993
        },
        "2011-10": {
            "month": "2011-10",
            "price": "170.58",
            "revenue": 10941694
        },
        "2011-11": {
            "month": "2011-11",
            "price": "160.25",
            "revenue": 10379517
        },
        "2011-12": {
            "month": "2011-12",
            "price": "162.64",
            "revenue": 10659172
        },
        "2012-01": {
            "month": "2012-01",
            "price": "165.90",
            "revenue": 11675088
        },
        "2012-02": {
            "month": "2012-02",
            "price": "155.98",
            "revenue": 9969214
        },
        "2012-03": {
            "month": "2012-03",
            "price": "159.07",
            "revenue": 10604789
        },
        "2012-04": {
            "month": "2012-04",
            "price": "159.40",
            "revenue": 10533466
        },
        "2012-05": {
            "month": "2012-05",
            "price": "157.77",
            "revenue": 11450010
        },
        "2012-06": {
            "month": "2012-06",
            "price": "155.19",
            "revenue": 11454680
        },
        "2012-07": {
            "month": "2012-07",
            "price": "157.20",
            "revenue": 12308971
        },
        "2012-08": {
            "month": "2012-08",
            "price": "163.89",
            "revenue": 12239186
        },
        "2012-09": {
            "month": "2012-09",
            "price": "157.62",
            "revenue": 11238228
        },
        "2012-10": {
            "month": "2012-10",
            "price": "150.64",
            "revenue": 11096040
        },
        "2012-11": {
            "month": "2012-11",
            "price": "148.98",
            "revenue": 10837643
        },
        "2012-12": {
            "month": "2012-12",
            "price": "156.40",
            "revenue": 11162163
        },
        "2013-01": {
            "month": "2013-01",
            "price": "160.18",
            "revenue": 16468538
        },
        "2013-02": {
            "month": "2013-02",
            "price": "162.69",
            "revenue": 16135292
        },
        "2013-03": {
            "month": "2013-03",
            "price": "163.14",
            "revenue": 15770380
        },
        "2013-04": {
            "month": "2013-04",
            "price": "177.78",
            "revenue": 16213602
        },
        "2013-05": {
            "month": "2013-05",
            "price": "188.77",
            "revenue": 16678225
        },
        "2013-06": {
            "month": "2013-06",
            "price": "186.66",
            "revenue": 16657443
        },
        "2013-07": {
            "month": "2013-07",
            "price": "211.33",
            "revenue": 17719929
        },
        "2013-08": {
            "month": "2013-08",
            "price": "211.14",
            "revenue": 17388814
        },
        "2013-09": {
            "month": "2013-09",
            "price": "209.78",
            "revenue": 17263337
        },
        "2013-10": {
            "month": "2013-10",
            "price": "211.84",
            "revenue": 16866546
        },
        "2013-11": {
            "month": "2013-11",
            "price": "206.48",
            "revenue": 16352538
        },
        "2013-12": {
            "month": "2013-12",
            "price": "206.80",
            "revenue": 17056629
        },
        "2014-01": {
            "month": "2014-01",
            "price": "199.11",
            "revenue": 17674604
        },
        "2014-02": {
            "month": "2014-02",
            "price": "190.15",
            "revenue": 15378322
        },
        "2014-03": {
            "month": "2014-03",
            "price": "202.17",
            "revenue": 16734618
        },
        "2014-04": {
            "month": "2014-04",
            "price": "219.86",
            "revenue": 16615025
        },
        "2014-05": {
            "month": "2014-05",
            "price": "230.05",
            "revenue": 17665266
        },
        "2014-06": {
            "month": "2014-06",
            "price": "235.52",
            "revenue": 17372657
        },
        "2014-07": {
            "month": "2014-07",
            "price": "239.34",
            "revenue": 18651937
        },
        "2014-08": {
            "month": "2014-08",
            "price": "225.98",
            "revenue": 18307260
        },
        "2014-09": {
            "month": "2014-09",
            "price": "221.31",
            "revenue": 17649882
        },
        "2014-10": {
            "month": "2014-10",
            "price": "224.07",
            "revenue": 17716861
        },
        "2014-11": {
            "month": "2014-11",
            "price": "230.08",
            "revenue": 16745707
        },
        "2014-12": {
            "month": "2014-12",
            "price": "237.85",
            "revenue": 17450739
        },
        "2015-01": {
            "month": "2015-01",
            "price": "238.00",
            "revenue": 16036231
        },
        "2015-02": {
            "month": "2015-02",
            "price": "249.46",
            "revenue": 16042425
        },
        "2015-03": {
            "month": "2015-03",
            "price": "246.07",
            "revenue": 16170017
        },
        "2015-04": {
            "month": "2015-04",
            "price": "227.15",
            "revenue": 16269421
        },
        "2015-05": {
            "month": "2015-05",
            "price": "223.35",
            "revenue": 17398886
        },
        "2015-06": {
            "month": "2015-06",
            "price": "215.45",
            "revenue": 17722925
        },
        "2015-07": {
            "month": "2015-07",
            "price": "216.25",
            "revenue": 17729484
        },
        "2015-08": {
            "month": "2015-08",
            "price": "217.93",
            "revenue": 18118331
        },
        "2015-09": {
            "month": "2015-09",
            "price": "206.48",
            "revenue": 17577956
        },
        "2015-10": {
            "month": "2015-10",
            "price": "217.64",
            "revenue": 17807863
        },
        "2015-11": {
            "month": "2015-11",
            "price": "212.36",
            "revenue": 16753356
        },
        "2015-12": {
            "month": "2015-12",
            "price": "204.00",
            "revenue": 17869444
        },
        "2016-01": {
            "month": "2016-01",
            "price": "205.71",
            "revenue": 17381327
        },
        "2016-02": {
            "month": "2016-02",
            "price": "223.69",
            "revenue": 16827871
        },
        "2016-03": {
            "month": "2016-03",
            "price": "226.46",
            "revenue": 17300970
        },
        "2016-04": {
            "month": "2016-04",
            "price": "231.82",
            "revenue": 17437492
        },
        "2016-05": {
            "month": "2016-05",
            "price": "235.38",
            "revenue": 18521233
        },
        "2016-06": {
            "month": "2016-06",
            "price": "246.43",
            "revenue": 18272722
        },
        "2016-07": {
            "month": "2016-07",
            "price": "255.72",
            "revenue": 18969904
        },
        "2016-08": {
            "month": "2016-08",
            "price": "254.20",
            "revenue": 18630112
        },
        "2016-09": {
            "month": "2016-09",
            "price": "251.95",
            "revenue": 18104336
        },
        "2016-10": {
            "month": "2016-10",
            "price": "245.08",
            "revenue": 18584640
        },
        "2016-11": {
            "month": "2016-11",
            "price": "239.27",
            "revenue": 17313226
        },
        "2016-12": {
            "month": "2016-12",
            "price": "232.86",
            "revenue": 18005530
        },
        "2017-01": {
            "month": "2017-01",
            "price": "230.28",
            "revenue": 19042184
        },
        "2017-02": {
            "month": "2017-02",
            "price": "227.50",
            "revenue": 16149951
        },
        "2017-03": {
            "month": "2017-03",
            "price": "237.33",
            "revenue": 17818002
        },
        "2017-04": {
            "month": "2017-04",
            "price": "258.39",
            "revenue": 17806040
        },
        "2017-05": {
            "month": "2017-05",
            "price": "270.05",
            "revenue": 18914378
        },
        "2017-06": {
            "month": "2017-06",
            "price": "273.22",
            "revenue": 18460703
        },
        "2017-07": {
            "month": "2017-07",
            "price": "273.70",
            "revenue": 18843001
        },
        "2017-08": {
            "month": "2017-08",
            "price": "252.48",
            "revenue": 19590713
        },
        "2017-09": {
            "month": "2017-09",
            "price": "251.77",
            "revenue": 18849741
        },
        "2017-10": {
            "month": "2017-10",
            "price": "264.26",
            "revenue": 18763135
        },
        "2017-11": {
            "month": "2017-11",
            "price": "281.27",
            "revenue": 17654409
        },
        "2017-12": {
            "month": "2017-12",
            "price": "277.86",
            "revenue": 19251429
        },
        "2018-01": {
            "month": "2018-01",
            "price": "286.86",
            "revenue": 19553249
        },
        "2018-02": {
            "month": "2018-02",
            "price": "284.42",
            "revenue": 19218909
        },
        "2018-03": {
            "month": "2018-03",
            "price": "293.83",
            "revenue": 20175588
        },
        "2018-04": {
            "month": "2018-04",
            "price": "298.72",
            "revenue": 19706059
        },
        "2018-05": {
            "month": "2018-05",
            "price": "302.66",
            "revenue": 21056504
        },
        "2018-06": {
            "month": "2018-06",
            "price": "324.92",
            "revenue": 20466943
        },
        "2018-07": {
            "month": "2018-07",
            "price": "346.82",
            "revenue": 21075770
        },
        "2018-08": {
            "month": "2018-08",
            "price": "316.91",
            "revenue": 21155159
        },
        "2018-09": {
            "month": "2018-09",
            "price": "346.45",
            "revenue": 20772942
        },
        "2018-10": {
            "month": "2018-10",
            "price": "338.59",
            "revenue": 20382882
        },
        "2018-11": {
            "month": "2018-11",
            "price": "323.48",
            "revenue": 19942326
        },
        "2018-12": {
            "month": "2018-12",
            "price": "313.60",
            "revenue": 21404975
        },
        "2019-01": {
            "month": "2019-01",
            "price": "315.93",
            "revenue": 20923655
        },
        "2019-02": {
            "month": "2019-02",
            "price": "316.54",
            "revenue": 19454060
        },
        "2019-03": {
            "month": "2019-03",
            "price": "297.88",
            "revenue": 20707681
        },
        "2019-04": {
            "month": "2019-04",
            "price": "288.88",
            "revenue": 20686276
        },
        "2019-05": {
            "month": "2019-05",
            "price": "301.41",
            "revenue": 21688271
        },
        "2019-06": {
            "month": "2019-06",
            "price": "303.08",
            "revenue": 21573376
        },
        "2019-07": {
            "month": "2019-07",
            "price": "303.20",
            "revenue": 22385560
        },
        "2019-08": {
            "month": "2019-08",
            "price": "290.88",
            "revenue": 22162649
        },
        "2019-09": {
            "month": "2019-09",
            "price": "293.89",
            "revenue": 21540458
        },
        "2019-10": {
            "month": "2019-10",
            "price": "295.12",
            "revenue": 21770429
        },
        "2019-11": {
            "month": "2019-11",
            "price": "308.48",
            "revenue": 20770851
        },
        "2019-12": {
            "month": "2019-12",
            "price": "305.45",
            "revenue": 22235642
        },
        "2020-01": {
            "month": "2020-01",
            "price": "305.93",
            "revenue": 22704519
        },
        "2020-02": {
            "month": "2020-02",
            "price": "303.11",
            "revenue": 19797798
        },
        "2020-03": {
            "month": "2020-03",
            "price": "284.27",
            "revenue": 20547431
        },
        "2020-04": {
            "month": "2020-04",
            "price": "289.85",
            "revenue": 18938810
        },
        "2020-05": {
            "month": "2020-05",
            "price": "301.58",
            "revenue": 20873614
        },
        "2020-06": {
            "month": "2020-06",
            "price": "297.35",
            "revenue": 21680106
        },
        "2020-07": {
            "month": "2020-07",
            "price": "290.46",
            "revenue": 23060586
        },
        "2020-08": {
            "month": "2020-08",
            "price": "274.02",
            "revenue": 22637009
        },
        "2020-09": {
            "month": "2020-09",
            "price": "263.91",
            "revenue": 22106331
        },
        "2020-10": {
            "month": "2020-10",
            "price": "268.97",
            "revenue": 21671912
        },
        "2020-11": {
            "month": "2020-11",
            "price": "267.50",
            "revenue": 21687275
        },
        "2020-12": {
            "month": "2020-12",
            "price": "266.11",
            "revenue": 22750749
        },
        "2021-01": {
            "month": "2021-01",
            "price": "268.48",
            "revenue": 22193730
        },
        "2021-02": {
            "month": "2021-02",
            "price": "267.15",
            "revenue": 20724048
        },
        "2021-03": {
            "month": "2021-03",
            "price": "275.02",
            "revenue": 22135425
        },
        "2021-04": {
            "month": "2021-04",
            "price": "273.82",
            "revenue": 21189179
        },
        "2021-05": {
            "month": "2021-05",
            "price": "267.05",
            "revenue": 22082804
        },
        "2021-06": {
            "month": "2021-06",
            "price": "263.14",
            "revenue": 20321411
        },
        "2021-07": {
            "month": "2021-07",
            "price": "263.80",
            "revenue": 21957391
        },
        "2021-08": {
            "month": "2021-08",
            "price": "285.59",
            "revenue": 21578954
        },
        "2021-09": {
            "month": "2021-09",
            "price": "277.30",
            "revenue": 21907818
        },
        "2021-10": {
            "month": "2021-10",
            "price": "283.58",
            "revenue": 22627169
        },
        "2021-11": {
            "month": "2021-11",
            "price": "285.52",
            "revenue": 22545901
        },
        "2021-12": {
            "month": "2021-12",
            "price": "274.27",
            "revenue": 23462796
        },
        "2022-01": {
            "month": "2022-01",
            "price": "270.67",
            "revenue": 23694774
        },
        "2022-02": {
            "month": "2022-02",
            "price": "262.80",
            "revenue": 20832985
        },
        "2022-03": {
            "month": "2022-03",
            "price": "262.07",
            "revenue": 23208930
        },
        "2022-04": {
            "month": "2022-04",
            "price": "269.03",
            "revenue": 23338005
        },
        "2022-05": {
            "month": "2022-05",
            "price": "269.26",
            "revenue": 23772900
        },
        "2022-06": {
            "month": "2022-06",
            "price": "266.38",
            "revenue": 23950195
        },
        "2022-07": {
            "month": "2022-07",
            "price": "283.38",
            "revenue": 25537871
        },
        "2022-08": {
            "month": "2022-08",
            "price": "277.11",
            "revenue": 25652734
        },
        "2022-09": {
            "month": "2022-09",
            "price": "278.69",
            "revenue": 24656273
        },
        "2022-10": {
            "month": "2022-10",
            "price": "273.05",
            "revenue": 24787065
        },
        "2022-11": {
            "month": "2022-11",
            "price": "264.95",
            "revenue": 24815749
        },
        "2022-12": {
            "month": "2022-12",
            "price": "270.43",
            "revenue": 25994528
        },
        "2023-01": {
            "month": "2023-01",
            "price": "271.88",
            "revenue": 26613848
        },
        "2023-02": {
            "month": "2023-02",
            "price": "268.64",
            "revenue": 23131927
        },
        "2023-03": {
            "month": "2023-03",
            "price": "268.83",
            "revenue": 25728433
        },
        "2023-04": {
            "month": "2023-04",
            "price": "270.24",
            "revenue": 24881454
        },
        "2023-05": {
            "month": "2023-05",
            "price": "283.77",
            "revenue": 26528724
        }
    }
}
