{
    "summary": {
        "stock_name": "農林",
        "stock_id": "2913",
        "category": "貿易百貨",
        "main_business": "茶葉及相關休閒產業<br>貿易<br>土地開發",
        "website_url": "http://www.ttch.com.tw",
        "ceo": "吳清源",
        "pe_ratio": -11,
        "report_year_from": 2001,
        "report_year_to": 2023,
        "age": 22,
        "eps_negative_percentage": 48,
        "eps_growth_avg": {
            "last_all": -2.65,
            "last_2y": null,
            "last_4y": -100,
            "last_8y": -19.98,
            "last_12y": 6.47,
            "last_16y": 6.2,
            "last_20y": -2.65,
            "at_2006_last_3y": null,
            "at_2007_last_3y": null,
            "at_2008_last_3y": -90,
            "at_2009_last_3y": 5,
            "at_2010_last_3y": 16.03,
            "at_2011_last_3y": 16.33,
            "at_2012_last_3y": 63.83,
            "at_2013_last_3y": 39.52,
            "at_2014_last_3y": 24.33,
            "at_2015_last_3y": 16.79,
            "at_2016_last_3y": -23.07,
            "at_2017_last_3y": 0.03,
            "at_2018_last_3y": -19.3,
            "at_2019_last_3y": -21.43,
            "at_2020_last_3y": -2.44,
            "at_2021_last_3y": -100,
            "at_2022_last_3y": null,
            "at_2023_last_3y": null,
            "at_2006_last_all": -100,
            "at_2007_last_all": -100,
            "at_2008_last_all": -95,
            "at_2009_last_all": -30,
            "at_2010_last_all": -12.98,
            "at_2011_last_all": -6.93,
            "at_2012_last_all": 10.89,
            "at_2013_last_all": 9.73,
            "at_2014_last_all": 5.68,
            "at_2015_last_all": 3.61,
            "at_2016_last_all": -2.69,
            "at_2017_last_all": 6.2,
            "at_2018_last_all": -2.65,
            "at_2019_last_all": -2.65,
            "at_2020_last_all": -2.65,
            "at_2021_last_all": -2.65,
            "at_2022_last_all": -2.65,
            "at_2023_last_all": -2.65
        },
        "latest_eps": -2.18,
        "latest_price": 23.85,
        "latest_roe": -12.51,
        "latest_gross_margin": 28.48,
        "latest_equity": 12923147,
        "latest_revenue": 97726,
        "latest_gross_profit": 27837,
        "latest_net_income": -63034,
        "latest_debt_ratio": 40.37,
        "latest_current_ratio": 374.2,
        "latest_account_receivable_turnover_ratio": 3.02,
        "latest_inventory_turnover_ratio": 0.07,
        "latest_reinvestment_rate": null,
        "latest_research_to_sale_ratio": 1.57
    },
    "eps_dividends": {
        "1990": {
            "cash": 0,
            "stock": 1,
            "eps": 0
        },
        "1991": {
            "cash": 0,
            "stock": 1,
            "eps": 0
        },
        "1994": {
            "cash": 0,
            "stock": 2,
            "eps": 0
        },
        "1995": {
            "cash": 0,
            "stock": 2.5,
            "eps": 0
        },
        "1996": {
            "cash": 0,
            "stock": 2.5,
            "eps": 0
        },
        "1998": {
            "cash": 0,
            "stock": 4,
            "eps": 0
        },
        "1999": {
            "cash": 0,
            "stock": 2,
            "eps": 0
        },
        "2001": {
            "cash": 0,
            "stock": 0,
            "eps": 0.27
        },
        "2002": {
            "cash": 0,
            "stock": 0,
            "eps": -2.09
        },
        "2003": {
            "cash": 0,
            "stock": 0,
            "eps": -0.13
        },
        "2004": {
            "cash": 0,
            "stock": 0,
            "eps": -3.08
        },
        "2005": {
            "cash": 0,
            "stock": 0,
            "eps": -0.89
        },
        "2006": {
            "cash": 0,
            "stock": 0,
            "eps": -0.18
        },
        "2007": {
            "cash": 0,
            "stock": 0,
            "eps": 0.1
        },
        "2008": {
            "cash": 0,
            "stock": 0,
            "eps": 0.01
        },
        "2009": {
            "cash": 0,
            "stock": 0,
            "eps": 0.21
        },
        "2010": {
            "cash": 0.12,
            "stock": 0,
            "eps": 0.29
        },
        "2011": {
            "cash": 0.45,
            "stock": 0,
            "eps": 0.34
        },
        "2012": {
            "cash": 0,
            "stock": 0,
            "eps": 1.46
        },
        "2013": {
            "cash": 0,
            "stock": 0,
            "eps": 1.5
        },
        "2014": {
            "cash": 0.5,
            "stock": 0,
            "eps": 1.16
        },
        "2015": {
            "cash": 0.66,
            "stock": 0,
            "eps": 1.01
        },
        "2016": {
            "cash": 0.5,
            "stock": 0,
            "eps": 0.41
        },
        "2017": {
            "cash": 0.5,
            "stock": 0,
            "eps": 0.8
        },
        "2018": {
            "cash": 0.5,
            "stock": 0,
            "eps": -0.06
        },
        "2019": {
            "cash": 0.3,
            "stock": 0,
            "eps": -0.19
        },
        "2020": {
            "cash": 0,
            "stock": 0,
            "eps": -0.02
        },
        "2021": {
            "cash": 0,
            "stock": 0,
            "eps": -1.42
        },
        "2022": {
            "cash": 0,
            "stock": 0,
            "eps": -2.07
        },
        "2023": {
            "cash": 0,
            "stock": 0,
            "eps": -0.08
        }
    },
    "dividends": {
        "1990-04-10": {
            "cash": 0,
            "stock": 1
        },
        "1991-05-31": {
            "cash": 0,
            "stock": 1
        },
        "1994-04-08": {
            "cash": 0,
            "stock": 2
        },
        "1995-04-29": {
            "cash": 0,
            "stock": 2.5
        },
        "1996-03-27": {
            "cash": 0,
            "stock": 2.5
        },
        "1998-05-12": {
            "cash": 0,
            "stock": 4
        },
        "1999-05-28": {
            "cash": 0,
            "stock": 2
        },
        "2010-04-28": {
            "cash": 0.12,
            "stock": 0
        },
        "2011-01-01": {
            "cash": 0.25,
            "stock": 0
        },
        "2011-03-18": {
            "cash": 0.2,
            "stock": 0
        },
        "2014-06-20": {
            "cash": 0.5,
            "stock": 0
        },
        "2015-08-14": {
            "cash": 0.66,
            "stock": 0
        },
        "2016-08-19": {
            "cash": 0.5,
            "stock": 0
        },
        "2017-09-26": {
            "cash": 0.5,
            "stock": 0
        },
        "2018-12-25": {
            "cash": 0.5,
            "stock": 0
        },
        "2019-09-26": {
            "cash": 0.3,
            "stock": 0
        }
    },
    "prices": {
        "200101": "5.69",
        "200102": "7.83",
        "200103": "7.10",
        "200104": "6.48",
        "200105": "5.74",
        "200106": "4.55",
        "200107": "3.44",
        "200108": "4.01",
        "200109": "4.02",
        "200110": "3.62",
        "200111": "3.68",
        "200112": "4.49",
        "200201": "5.02",
        "200202": "4.68",
        "200203": "5.12",
        "200204": "7.03",
        "200205": "5.85",
        "200206": "5.64",
        "200207": "5.34",
        "200208": "4.33",
        "200209": "3.35",
        "200210": "3.10",
        "200211": "3.40",
        "200212": "3.51",
        "200301": "4.43",
        "200302": "4.25",
        "200303": "4.06",
        "200304": "3.77",
        "200305": "3.16",
        "200306": "3.58",
        "200307": "4.12",
        "200308": "4.34",
        "200309": "5.24",
        "200310": "5.26",
        "200311": "5.35",
        "200312": "5.15",
        "200401": "6.41",
        "200402": "9.71",
        "200403": "8.75",
        "200404": "8.34",
        "200405": "7.80",
        "200406": "7.26",
        "200407": "6.33",
        "200408": "5.42",
        "200409": "5.53",
        "200410": "5.42",
        "200411": "5.28",
        "200412": "5.31",
        "200501": "7.25",
        "200502": "6.77",
        "200503": "6.52",
        "200504": "5.16",
        "200505": "4.88",
        "200506": "5.83",
        "200507": "5.92",
        "200508": "5.34",
        "200509": "4.83",
        "200510": "4.35",
        "200511": "5.50",
        "200512": "5.43",
        "200601": "5.61",
        "200602": "5.13",
        "200603": "4.35",
        "200604": "4.85",
        "200605": "7.58",
        "200606": "7.73",
        "200607": "7.51",
        "200608": "6.71",
        "200609": "5.99",
        "200610": "6.68",
        "200611": "7.40",
        "200612": "7.99",
        "200701": "6.90",
        "200702": "6.82",
        "200703": "6.75",
        "200704": "7.29",
        "200705": "7.60",
        "200706": "10.98",
        "200707": "24.48",
        "200708": "19.12",
        "200709": "19.49",
        "200710": "19.92",
        "200711": "16.18",
        "200712": "15.17",
        "200801": "16.36",
        "200802": "23.31",
        "200803": "28.09",
        "200804": "28.02",
        "200805": "26.74",
        "200806": "20.23",
        "200807": "16.74",
        "200808": "16.35",
        "200809": "12.12",
        "200810": "9.66",
        "200811": "11.05",
        "200812": "11.84",
        "200901": "11.63",
        "200902": "10.81",
        "200903": "11.55",
        "200904": "14.61",
        "200905": "16.29",
        "200906": "18.48",
        "200907": "17.97",
        "200908": "15.05",
        "200909": "14.87",
        "200910": "20.32",
        "200911": "19.32",
        "200912": "20.05",
        "201001": "20.33",
        "201002": "16.61",
        "201003": "17.50",
        "201004": "19.03",
        "201005": "17.01",
        "201006": "17.59",
        "201007": "18.80",
        "201008": "20.03",
        "201009": "19.55",
        "201010": "19.70",
        "201011": "19.74",
        "201012": "20.44",
        "201101": "21.12",
        "201102": "19.09",
        "201103": "17.13",
        "201104": "17.92",
        "201105": "17.58",
        "201106": "19.13",
        "201107": "20.07",
        "201108": "17.77",
        "201109": "16.30",
        "201110": "15.66",
        "201111": "14.49",
        "201112": "12.48",
        "201201": "13.09",
        "201202": "15.50",
        "201203": "16.40",
        "201204": "14.76",
        "201205": "14.61",
        "201206": "14.39",
        "201207": "14.43",
        "201208": "15.25",
        "201209": "15.99",
        "201210": "15.29",
        "201211": "15.01",
        "201212": "15.60",
        "201301": "16.24",
        "201302": "16.40",
        "201303": "16.68",
        "201304": "17.64",
        "201305": "18.02",
        "201306": "17.31",
        "201307": "18.05",
        "201308": "18.75",
        "201309": "18.66",
        "201310": "22.98",
        "201311": "22.89",
        "201312": "24.16",
        "201401": "27.30",
        "201402": "27.87",
        "201403": "24.82",
        "201404": "22.12",
        "201405": "19.83",
        "201406": "19.98",
        "201407": "19.90",
        "201408": "19.32",
        "201409": "18.68",
        "201410": "16.45",
        "201411": "16.30",
        "201412": "17.04",
        "201501": "17.92",
        "201502": "17.54",
        "201503": "17.44",
        "201504": "17.15",
        "201505": "16.87",
        "201506": "16.24",
        "201507": "14.85",
        "201508": "13.47",
        "201509": "13.92",
        "201510": "14.60",
        "201511": "13.84",
        "201512": "14.00",
        "201601": "13.70",
        "201602": "13.92",
        "201603": "14.68",
        "201604": "14.75",
        "201605": "14.74",
        "201606": "15.16",
        "201607": "15.42",
        "201608": "15.93",
        "201609": "14.84",
        "201610": "14.14",
        "201611": "13.98",
        "201612": "14.16",
        "201701": "14.21",
        "201702": "15.68",
        "201703": "16.20",
        "201704": "16.51",
        "201705": "16.88",
        "201706": "16.63",
        "201707": "16.35",
        "201708": "16.31",
        "201709": "16.07",
        "201710": "16.05",
        "201711": "15.53",
        "201712": "15.30",
        "201801": "15.45",
        "201802": "14.70",
        "201803": "14.77",
        "201804": "15.19",
        "201805": "15.38",
        "201806": "15.08",
        "201807": "15.00",
        "201808": "15.50",
        "201809": "15.39",
        "201810": "15.34",
        "201811": "16.90",
        "201812": "16.77",
        "201901": "15.50",
        "201902": "15.90",
        "201903": "15.88",
        "201904": "15.61",
        "201905": "16.30",
        "201906": "16.33",
        "201907": "16.26",
        "201908": "15.65",
        "201909": "16.26",
        "201910": "16.81",
        "201911": "16.42",
        "201912": "16.29",
        "202001": "16.24",
        "202002": "15.84",
        "202003": "13.58",
        "202004": "13.58",
        "202005": "14.32",
        "202006": "15.54",
        "202007": "16.31",
        "202008": "16.66",
        "202009": "16.74",
        "202010": "17.03",
        "202011": "17.01",
        "202012": "17.26",
        "202101": "17.17",
        "202102": "16.63",
        "202103": "17.13",
        "202104": "19.57",
        "202105": "19.51",
        "202106": "20.75",
        "202107": "20.70",
        "202108": "20.03",
        "202109": "20.46",
        "202110": "20.84",
        "202111": "20.34",
        "202112": "19.66",
        "202201": "20.88",
        "202202": "21.56",
        "202203": "19.69",
        "202204": "19.86",
        "202205": "18.52",
        "202206": "19.18",
        "202207": "18.98",
        "202208": "19.18",
        "202209": "20.61",
        "202210": "20.60",
        "202211": "22.50",
        "202212": "22.37",
        "202301": "21.32",
        "202302": "21.65",
        "202303": "21.85",
        "202304": "22.55",
        "202305": "22.75",
        "202306": "23.62"
    },
    "quarters": {
        "20011": {
            "year_quarter": 20011,
            "year": 2001,
            "quarter": 1,
            "eps": 0.89,
            "eps_growth_year": null,
            "eps_4q": -0.06,
            "eps_4q_growth_year": null,
            "roe": 10.94,
            "roe_4q": 10.94,
            "gross_profit": 41191,
            "gross_margin": 6.46,
            "gross_margin_4q_avg": 6.46,
            "net_income": 1034848,
            "revenue": 637969,
            "common_shares": 11681194,
            "book_valuer_per_share": 8.69,
            "book_valuer_per_share_4q_avg": 8.69,
            "equity": 10150206,
            "current_ratio": 28.14,
            "debt_ratio": 61.31,
            "inventory_turnover_ratio": 2.6,
            "account_receivable_turnover_ratio": null,
            "reinvestment_rate": null,
            "research_to_sale_ratio": null,
            "price_fair": 0,
            "eps_avg_yearly": 0,
            "eps_latest_yearly": 0,
            "eps_growth_yearly": 0
        },
        "20012": {
            "year_quarter": 20012,
            "year": 2001,
            "quarter": 2,
            "eps": -0.27,
            "eps_growth_year": null,
            "eps_4q": -0.16,
            "eps_4q_growth_year": null,
            "roe": -3.17,
            "roe_4q": 7.77,
            "gross_profit": 52305,
            "gross_margin": 8.59,
            "gross_margin_4q_avg": 7.53,
            "net_income": -314440,
            "revenue": 608785,
            "common_shares": 11681194,
            "book_valuer_per_share": 8.31,
            "book_valuer_per_share_4q_avg": 8.5,
            "equity": 9701840,
            "current_ratio": 16.04,
            "debt_ratio": 60.88,
            "inventory_turnover_ratio": 4.75,
            "account_receivable_turnover_ratio": null,
            "reinvestment_rate": null,
            "research_to_sale_ratio": null,
            "price_fair": 0,
            "eps_avg_yearly": 0,
            "eps_latest_yearly": 0,
            "eps_growth_yearly": 0
        },
        "20013": {
            "year_quarter": 20013,
            "year": 2001,
            "quarter": 3,
            "eps": -0.19,
            "eps_growth_year": null,
            "eps_4q": -0.08,
            "eps_4q_growth_year": null,
            "roe": -2.28,
            "roe_4q": 5.49,
            "gross_profit": 53649,
            "gross_margin": 8.35,
            "gross_margin_4q_avg": 7.8,
            "net_income": -218379,
            "revenue": 642625,
            "common_shares": 11681194,
            "book_valuer_per_share": 8.09,
            "book_valuer_per_share_4q_avg": 8.36,
            "equity": 9454488,
            "current_ratio": 15.76,
            "debt_ratio": 61.74,
            "inventory_turnover_ratio": 4.62,
            "account_receivable_turnover_ratio": null,
            "reinvestment_rate": null,
            "research_to_sale_ratio": null,
            "price_fair": 0,
            "eps_avg_yearly": 0,
            "eps_latest_yearly": 0,
            "eps_growth_yearly": 0
        },
        "20014": {
            "year_quarter": 20014,
            "year": 2001,
            "quarter": 4,
            "eps": -0.16,
            "eps_growth_year": null,
            "eps_4q": 0.28,
            "eps_4q_growth_year": null,
            "roe": -2.05,
            "roe_4q": 3.4399999999999995,
            "gross_profit": 44037,
            "gross_margin": 10.61,
            "gross_margin_4q_avg": 8.5,
            "net_income": -188974,
            "revenue": 415153,
            "common_shares": 11681194,
            "book_valuer_per_share": 7.62,
            "book_valuer_per_share_4q_avg": 8.18,
            "equity": 8999121,
            "current_ratio": 18.3,
            "debt_ratio": 64.78,
            "inventory_turnover_ratio": 1.49,
            "account_receivable_turnover_ratio": null,
            "reinvestment_rate": null,
            "research_to_sale_ratio": null,
            "price_fair": 0,
            "eps_avg_yearly": 0,
            "eps_latest_yearly": 0,
            "eps_growth_yearly": 0
        },
        "20021": {
            "year_quarter": 20021,
            "year": 2002,
            "quarter": 1,
            "eps": -0.14,
            "eps_growth_year": -115.73,
            "eps_4q": -0.75,
            "eps_4q_growth_year": null,
            "roe": -1.88,
            "roe_4q": -9.379999999999999,
            "gross_profit": 38356,
            "gross_margin": 6.84,
            "gross_margin_4q_avg": 8.6,
            "net_income": -166799,
            "revenue": 560997,
            "common_shares": 11681194,
            "book_valuer_per_share": 7.48,
            "book_valuer_per_share_4q_avg": 7.88,
            "equity": 8740608,
            "current_ratio": 11.26,
            "debt_ratio": 63.53,
            "inventory_turnover_ratio": 2.34,
            "account_receivable_turnover_ratio": null,
            "reinvestment_rate": null,
            "research_to_sale_ratio": null,
            "price_fair": 0,
            "eps_avg_yearly": 0,
            "eps_latest_yearly": 0,
            "eps_growth_yearly": 0
        },
        "20022": {
            "year_quarter": 20022,
            "year": 2002,
            "quarter": 2,
            "eps": -0.15,
            "eps_growth_year": null,
            "eps_4q": -0.63,
            "eps_4q_growth_year": null,
            "roe": -1.92,
            "roe_4q": -8.129999999999999,
            "gross_profit": 52956,
            "gross_margin": 11.6,
            "gross_margin_4q_avg": 9.35,
            "net_income": -165561,
            "revenue": 456354,
            "common_shares": 11681194,
            "book_valuer_per_share": 7.29,
            "book_valuer_per_share_4q_avg": 7.62,
            "equity": 8520936,
            "current_ratio": 14.06,
            "debt_ratio": 64.24,
            "inventory_turnover_ratio": 8.27,
            "account_receivable_turnover_ratio": null,
            "reinvestment_rate": null,
            "research_to_sale_ratio": null,
            "price_fair": 0,
            "eps_avg_yearly": 0,
            "eps_latest_yearly": 0,
            "eps_growth_yearly": 0
        },
        "20023": {
            "year_quarter": 20023,
            "year": 2002,
            "quarter": 3,
            "eps": -0.29,
            "eps_growth_year": null,
            "eps_4q": -0.72,
            "eps_4q_growth_year": null,
            "roe": -3.82,
            "roe_4q": -9.67,
            "gross_profit": 52246,
            "gross_margin": 8.34,
            "gross_margin_4q_avg": 9.35,
            "net_income": -319867,
            "revenue": 626112,
            "common_shares": 11681193,
            "book_valuer_per_share": 7.03,
            "book_valuer_per_share_4q_avg": 7.36,
            "equity": 8209869,
            "current_ratio": 15.75,
            "debt_ratio": 65.24,
            "inventory_turnover_ratio": 12.21,
            "account_receivable_turnover_ratio": null,
            "reinvestment_rate": null,
            "research_to_sale_ratio": null,
            "price_fair": 0,
            "eps_avg_yearly": 0,
            "eps_latest_yearly": 0,
            "eps_growth_yearly": 0
        },
        "20024": {
            "year_quarter": 20024,
            "year": 2002,
            "quarter": 4,
            "eps": -1.51,
            "eps_growth_year": null,
            "eps_4q": -2.06,
            "eps_4q_growth_year": -838.65,
            "roe": -22.42,
            "roe_4q": -30.040000000000003,
            "gross_profit": 109349,
            "gross_margin": 15.96,
            "gross_margin_4q_avg": 10.69,
            "net_income": -1669785,
            "revenue": 685273,
            "common_shares": 11681194,
            "book_valuer_per_share": 5.58,
            "book_valuer_per_share_4q_avg": 6.85,
            "equity": 6687498,
            "current_ratio": 18.14,
            "debt_ratio": 71.75,
            "inventory_turnover_ratio": 5.96,
            "account_receivable_turnover_ratio": null,
            "reinvestment_rate": null,
            "research_to_sale_ratio": null,
            "price_fair": 0,
            "eps_avg_yearly": 0,
            "eps_latest_yearly": 0,
            "eps_growth_yearly": 0
        },
        "20031": {
            "year_quarter": 20031,
            "year": 2003,
            "quarter": 1,
            "eps": 0.04,
            "eps_growth_year": null,
            "eps_4q": -1.84,
            "eps_4q_growth_year": null,
            "roe": 0.69,
            "roe_4q": -27.47,
            "gross_profit": 42112,
            "gross_margin": 11.49,
            "gross_margin_4q_avg": 11.85,
            "net_income": 45839,
            "revenue": 366395,
            "common_shares": 11681194,
            "book_valuer_per_share": 5.62,
            "book_valuer_per_share_4q_avg": 6.38,
            "equity": 6568460,
            "current_ratio": 13.34,
            "debt_ratio": 69.73,
            "inventory_turnover_ratio": 3.26,
            "account_receivable_turnover_ratio": null,
            "reinvestment_rate": null,
            "research_to_sale_ratio": null,
            "price_fair": 0,
            "eps_avg_yearly": 0,
            "eps_latest_yearly": 0,
            "eps_growth_yearly": 0
        },
        "20032": {
            "year_quarter": 20032,
            "year": 2003,
            "quarter": 2,
            "eps": -0.09,
            "eps_growth_year": null,
            "eps_4q": -2.24,
            "eps_4q_growth_year": null,
            "roe": -1.23,
            "roe_4q": -26.78,
            "gross_profit": 61268,
            "gross_margin": 10.93,
            "gross_margin_4q_avg": 11.68,
            "net_income": -80307,
            "revenue": 560336,
            "common_shares": 9023722,
            "book_valuer_per_share": 7.17,
            "book_valuer_per_share_4q_avg": 6.35,
            "equity": 6470053,
            "current_ratio": 12.27,
            "debt_ratio": 70.25,
            "inventory_turnover_ratio": 7.71,
            "account_receivable_turnover_ratio": null,
            "reinvestment_rate": null,
            "research_to_sale_ratio": null,
            "price_fair": 0,
            "eps_avg_yearly": 0,
            "eps_latest_yearly": 0,
            "eps_growth_yearly": 0
        },
        "20033": {
            "year_quarter": 20033,
            "year": 2003,
            "quarter": 3,
            "eps": -0.11,
            "eps_growth_year": null,
            "eps_4q": -1.99,
            "eps_4q_growth_year": null,
            "roe": -1.41,
            "roe_4q": -24.37,
            "gross_profit": 26613,
            "gross_margin": 7.06,
            "gross_margin_4q_avg": 11.36,
            "net_income": -90453,
            "revenue": 376883,
            "common_shares": 9023722,
            "book_valuer_per_share": 7.03,
            "book_valuer_per_share_4q_avg": 6.35,
            "equity": 6341820,
            "current_ratio": 9.07,
            "debt_ratio": 70.59,
            "inventory_turnover_ratio": 4.71,
            "account_receivable_turnover_ratio": null,
            "reinvestment_rate": null,
            "research_to_sale_ratio": null,
            "price_fair": 0,
            "eps_avg_yearly": 0,
            "eps_latest_yearly": 0,
            "eps_growth_yearly": 0
        },
        "20034": {
            "year_quarter": 20034,
            "year": 2003,
            "quarter": 4,
            "eps": 0.03,
            "eps_growth_year": null,
            "eps_4q": -0.11,
            "eps_4q_growth_year": null,
            "roe": 0.41,
            "roe_4q": -1.54,
            "gross_profit": 6960,
            "gross_margin": 1.97,
            "gross_margin_4q_avg": 7.86,
            "net_income": 26556,
            "revenue": 352754,
            "common_shares": 9023722,
            "book_valuer_per_share": 7.05,
            "book_valuer_per_share_4q_avg": 6.72,
            "equity": 6504350,
            "current_ratio": 16.23,
            "debt_ratio": 70.83,
            "inventory_turnover_ratio": 2.32,
            "account_receivable_turnover_ratio": null,
            "reinvestment_rate": null,
            "research_to_sale_ratio": null,
            "price_fair": 0,
            "eps_avg_yearly": 0,
            "eps_latest_yearly": 0,
            "eps_growth_yearly": 0
        },
        "20041": {
            "year_quarter": 20041,
            "year": 2004,
            "quarter": 1,
            "eps": -0.13,
            "eps_growth_year": -425,
            "eps_4q": -0.29,
            "eps_4q_growth_year": null,
            "roe": -1.79,
            "roe_4q": -4.02,
            "gross_profit": 41517,
            "gross_margin": 9.32,
            "gross_margin_4q_avg": 7.32,
            "net_income": -113847,
            "revenue": 445504,
            "common_shares": 9023722,
            "book_valuer_per_share": 6.92,
            "book_valuer_per_share_4q_avg": 7.04,
            "equity": 6244073,
            "current_ratio": 10.91,
            "debt_ratio": 70.01,
            "inventory_turnover_ratio": 2.57,
            "account_receivable_turnover_ratio": null,
            "reinvestment_rate": null,
            "research_to_sale_ratio": null,
            "price_fair": 0,
            "eps_avg_yearly": 0,
            "eps_latest_yearly": 0,
            "eps_growth_yearly": 0
        },
        "20042": {
            "year_quarter": 20042,
            "year": 2004,
            "quarter": 2,
            "eps": -1.73,
            "eps_growth_year": null,
            "eps_4q": -1.84,
            "eps_4q_growth_year": null,
            "roe": -25.56,
            "roe_4q": -28.349999999999998,
            "gross_profit": 47664,
            "gross_margin": 9.47,
            "gross_margin_4q_avg": 6.96,
            "net_income": -1481695,
            "revenue": 503526,
            "common_shares": 9023722,
            "book_valuer_per_share": 5.93,
            "book_valuer_per_share_4q_avg": 6.73,
            "equity": 5351830,
            "current_ratio": 11.18,
            "debt_ratio": 73.04,
            "inventory_turnover_ratio": 3.84,
            "account_receivable_turnover_ratio": null,
            "reinvestment_rate": null,
            "research_to_sale_ratio": null,
            "price_fair": 0,
            "eps_avg_yearly": 0,
            "eps_latest_yearly": 0,
            "eps_growth_yearly": 0
        },
        "20043": {
            "year_quarter": 20043,
            "year": 2004,
            "quarter": 3,
            "eps": -0.06,
            "eps_growth_year": null,
            "eps_4q": -1.8,
            "eps_4q_growth_year": null,
            "roe": -1.03,
            "roe_4q": -27.97,
            "gross_profit": 83567,
            "gross_margin": 12.12,
            "gross_margin_4q_avg": 8.22,
            "net_income": -54612,
            "revenue": 689471,
            "common_shares": 9023722,
            "book_valuer_per_share": 5.87,
            "book_valuer_per_share_4q_avg": 6.44,
            "equity": 5298510,
            "current_ratio": 10.22,
            "debt_ratio": 73.11,
            "inventory_turnover_ratio": 4.45,
            "account_receivable_turnover_ratio": null,
            "reinvestment_rate": null,
            "research_to_sale_ratio": null,
            "price_fair": 0,
            "eps_avg_yearly": 0,
            "eps_latest_yearly": 0,
            "eps_growth_yearly": 0
        },
        "20044": {
            "year_quarter": 20044,
            "year": 2004,
            "quarter": 4,
            "eps": -1.16,
            "eps_growth_year": -3966.67,
            "eps_4q": -3.09,
            "eps_4q_growth_year": null,
            "roe": -20.38,
            "roe_4q": -48.76,
            "gross_profit": 73649,
            "gross_margin": 15.27,
            "gross_margin_4q_avg": 11.55,
            "net_income": -994935,
            "revenue": 482322,
            "common_shares": 9023722,
            "book_valuer_per_share": 4.75,
            "book_valuer_per_share_4q_avg": 5.87,
            "equity": 4465247,
            "current_ratio": 15.59,
            "debt_ratio": 77.42,
            "inventory_turnover_ratio": 1.89,
            "account_receivable_turnover_ratio": null,
            "reinvestment_rate": null,
            "research_to_sale_ratio": null,
            "price_fair": 0,
            "eps_avg_yearly": 0,
            "eps_latest_yearly": 0,
            "eps_growth_yearly": 0
        },
        "20051": {
            "year_quarter": 20051,
            "year": 2005,
            "quarter": 1,
            "eps": -0.14,
            "eps_growth_year": null,
            "eps_4q": -3.13,
            "eps_4q_growth_year": null,
            "roe": -2.04,
            "roe_4q": -49.01,
            "gross_profit": 48981,
            "gross_margin": 10.66,
            "gross_margin_4q_avg": 11.88,
            "net_income": -118369,
            "revenue": 459338,
            "common_shares": 9023722,
            "book_valuer_per_share": 7.91,
            "book_valuer_per_share_4q_avg": 6.12,
            "equity": 7137343,
            "current_ratio": 8.7,
            "debt_ratio": 60.92,
            "inventory_turnover_ratio": 1.92,
            "account_receivable_turnover_ratio": null,
            "reinvestment_rate": null,
            "research_to_sale_ratio": null,
            "price_fair": 0,
            "eps_avg_yearly": 0,
            "eps_latest_yearly": 0,
            "eps_growth_yearly": 0
        },
        "20052": {
            "year_quarter": 20052,
            "year": 2005,
            "quarter": 2,
            "eps": -0.07,
            "eps_growth_year": null,
            "eps_4q": -1.36,
            "eps_4q_growth_year": null,
            "roe": -0.9,
            "roe_4q": -24.35,
            "gross_profit": 46191,
            "gross_margin": 9.81,
            "gross_margin_4q_avg": 11.97,
            "net_income": -63656,
            "revenue": 471083,
            "common_shares": 9023722,
            "book_valuer_per_share": 7.84,
            "book_valuer_per_share_4q_avg": 6.59,
            "equity": 7070591,
            "current_ratio": 7.97,
            "debt_ratio": 60.79,
            "inventory_turnover_ratio": 3.71,
            "account_receivable_turnover_ratio": null,
            "reinvestment_rate": null,
            "research_to_sale_ratio": null,
            "price_fair": 0,
            "eps_avg_yearly": 0,
            "eps_latest_yearly": 0,
            "eps_growth_yearly": 0
        },
        "20053": {
            "year_quarter": 20053,
            "year": 2005,
            "quarter": 3,
            "eps": 0.07,
            "eps_growth_year": null,
            "eps_4q": -1.95,
            "eps_4q_growth_year": null,
            "roe": 0.58,
            "roe_4q": -22.74,
            "gross_profit": 44586,
            "gross_margin": 10.68,
            "gross_margin_4q_avg": 11.61,
            "net_income": 40825,
            "revenue": 417455,
            "common_shares": 6495275,
            "book_valuer_per_share": 10.95,
            "book_valuer_per_share_4q_avg": 7.86,
            "equity": 7113086,
            "current_ratio": 7.08,
            "debt_ratio": 59.95,
            "inventory_turnover_ratio": 3.51,
            "account_receivable_turnover_ratio": null,
            "reinvestment_rate": null,
            "research_to_sale_ratio": null,
            "price_fair": 0,
            "eps_avg_yearly": 0,
            "eps_latest_yearly": 0,
            "eps_growth_yearly": 0
        },
        "20054": {
            "year_quarter": 20054,
            "year": 2005,
            "quarter": 4,
            "eps": -0.75,
            "eps_growth_year": null,
            "eps_4q": -0.99,
            "eps_4q_growth_year": null,
            "roe": -6.6,
            "roe_4q": -8.96,
            "gross_profit": 29107,
            "gross_margin": 8.94,
            "gross_margin_4q_avg": 10.02,
            "net_income": -459161,
            "revenue": 325633,
            "common_shares": 6495275,
            "book_valuer_per_share": 10.25,
            "book_valuer_per_share_4q_avg": 9.24,
            "equity": 6808606,
            "current_ratio": 11.93,
            "debt_ratio": 60.57,
            "inventory_turnover_ratio": 2.12,
            "account_receivable_turnover_ratio": null,
            "reinvestment_rate": null,
            "research_to_sale_ratio": null,
            "price_fair": 0,
            "eps_avg_yearly": 0,
            "eps_latest_yearly": 0,
            "eps_growth_yearly": 0
        },
        "20061": {
            "year_quarter": 20061,
            "year": 2006,
            "quarter": 1,
            "eps": 0.13,
            "eps_growth_year": null,
            "eps_4q": -0.63,
            "eps_4q_growth_year": null,
            "roe": 1.22,
            "roe_4q": -5.7,
            "gross_profit": 19199,
            "gross_margin": 5.81,
            "gross_margin_4q_avg": 8.81,
            "net_income": 82606,
            "revenue": 330355,
            "common_shares": 6495275,
            "book_valuer_per_share": 10.34,
            "book_valuer_per_share_4q_avg": 9.85,
            "equity": 6719106,
            "current_ratio": 6.42,
            "debt_ratio": 59.18,
            "inventory_turnover_ratio": 2.56,
            "account_receivable_turnover_ratio": null,
            "reinvestment_rate": null,
            "research_to_sale_ratio": null,
            "price_fair": 0,
            "eps_avg_yearly": 0,
            "eps_latest_yearly": 0,
            "eps_growth_yearly": 0
        },
        "20062": {
            "year_quarter": 20062,
            "year": 2006,
            "quarter": 2,
            "eps": 0.05,
            "eps_growth_year": null,
            "eps_4q": -0.51,
            "eps_4q_growth_year": null,
            "roe": 0.44,
            "roe_4q": -4.359999999999999,
            "gross_profit": 30142,
            "gross_margin": 5.92,
            "gross_margin_4q_avg": 7.84,
            "net_income": 29742,
            "revenue": 508946,
            "common_shares": 6495275,
            "book_valuer_per_share": 10.38,
            "book_valuer_per_share_4q_avg": 10.48,
            "equity": 6744559,
            "current_ratio": 5.54,
            "debt_ratio": 58.65,
            "inventory_turnover_ratio": 8.36,
            "account_receivable_turnover_ratio": null,
            "reinvestment_rate": null,
            "research_to_sale_ratio": null,
            "price_fair": 0.6,
            "eps_avg_yearly": 0.2,
            "eps_latest_yearly": 0.2,
            "eps_growth_yearly": -246.15
        },
        "20063": {
            "year_quarter": 20063,
            "year": 2006,
            "quarter": 3,
            "eps": 0.01,
            "eps_growth_year": -85.71,
            "eps_4q": -0.49,
            "eps_4q_growth_year": null,
            "roe": 0.06,
            "roe_4q": -4.88,
            "gross_profit": 24785,
            "gross_margin": 8.18,
            "gross_margin_4q_avg": 7.21,
            "net_income": 3830,
            "revenue": 303120,
            "common_shares": 6961975,
            "book_valuer_per_share": 9.87,
            "book_valuer_per_share_4q_avg": 10.21,
            "equity": 6874161,
            "current_ratio": 6.99,
            "debt_ratio": 57.66,
            "inventory_turnover_ratio": 4.33,
            "account_receivable_turnover_ratio": null,
            "reinvestment_rate": null,
            "research_to_sale_ratio": null,
            "price_fair": 0.36,
            "eps_avg_yearly": 0.12,
            "eps_latest_yearly": 0.04,
            "eps_growth_yearly": -283.08
        },
        "20064": {
            "year_quarter": 20064,
            "year": 2006,
            "quarter": 4,
            "eps": -0.37,
            "eps_growth_year": null,
            "eps_4q": -0.18,
            "eps_4q_growth_year": null,
            "roe": -3.38,
            "roe_4q": -1.66,
            "gross_profit": 17988,
            "gross_margin": 9.42,
            "gross_margin_4q_avg": 7.33,
            "net_income": -230346,
            "revenue": 190972,
            "common_shares": 6961975,
            "book_valuer_per_share": 9.53,
            "book_valuer_per_share_4q_avg": 10.03,
            "equity": 6744091,
            "current_ratio": 10.6,
            "debt_ratio": 59.12,
            "inventory_turnover_ratio": 1.21,
            "account_receivable_turnover_ratio": null,
            "reinvestment_rate": null,
            "research_to_sale_ratio": null,
            "price_fair": 0.36,
            "eps_avg_yearly": 0.12,
            "eps_latest_yearly": 0.04,
            "eps_growth_yearly": -283.08
        },
        "20071": {
            "year_quarter": 20071,
            "year": 2007,
            "quarter": 1,
            "eps": -0.05,
            "eps_growth_year": -138.46,
            "eps_4q": -0.33,
            "eps_4q_growth_year": null,
            "roe": -0.52,
            "roe_4q": -3.4,
            "gross_profit": 13487,
            "gross_margin": 16.32,
            "gross_margin_4q_avg": 9.96,
            "net_income": -34978,
            "revenue": 82648,
            "common_shares": 6961975,
            "book_valuer_per_share": 9.46,
            "book_valuer_per_share_4q_avg": 9.81,
            "equity": 6587650,
            "current_ratio": 14.51,
            "debt_ratio": 58.31,
            "inventory_turnover_ratio": 0.46,
            "account_receivable_turnover_ratio": null,
            "reinvestment_rate": null,
            "research_to_sale_ratio": null,
            "price_fair": 0.36,
            "eps_avg_yearly": 0.12,
            "eps_latest_yearly": 0.04,
            "eps_growth_yearly": -283.08
        },
        "20072": {
            "year_quarter": 20072,
            "year": 2007,
            "quarter": 2,
            "eps": 0.17,
            "eps_growth_year": 240,
            "eps_4q": -0.22,
            "eps_4q_growth_year": null,
            "roe": 1.72,
            "roe_4q": -2.1199999999999997,
            "gross_profit": 14371,
            "gross_margin": 15.93,
            "gross_margin_4q_avg": 12.46,
            "net_income": 114790,
            "revenue": 90204,
            "common_shares": 6961975,
            "book_valuer_per_share": 9.73,
            "book_valuer_per_share_4q_avg": 9.65,
            "equity": 6771180,
            "current_ratio": 25.98,
            "debt_ratio": 56.88,
            "inventory_turnover_ratio": 0.13,
            "account_receivable_turnover_ratio": null,
            "reinvestment_rate": null,
            "research_to_sale_ratio": null,
            "price_fair": 0.36,
            "eps_avg_yearly": 0.12,
            "eps_latest_yearly": 0.04,
            "eps_growth_yearly": -283.08
        },
        "20073": {
            "year_quarter": 20073,
            "year": 2007,
            "quarter": 3,
            "eps": -0.1,
            "eps_growth_year": -1100,
            "eps_4q": -0.3,
            "eps_4q_growth_year": null,
            "roe": -0.94,
            "roe_4q": -3.12,
            "gross_profit": 13501,
            "gross_margin": 11.11,
            "gross_margin_4q_avg": 13.2,
            "net_income": -65434,
            "revenue": 121548,
            "common_shares": 7200000,
            "book_valuer_per_share": 9.98,
            "book_valuer_per_share_4q_avg": 9.68,
            "equity": 7186386,
            "current_ratio": 29.81,
            "debt_ratio": 54.6,
            "inventory_turnover_ratio": 0.1,
            "account_receivable_turnover_ratio": null,
            "reinvestment_rate": null,
            "research_to_sale_ratio": null,
            "price_fair": 0.36,
            "eps_avg_yearly": 0.12,
            "eps_latest_yearly": 0.04,
            "eps_growth_yearly": -283.08
        },
        "20074": {
            "year_quarter": 20074,
            "year": 2007,
            "quarter": 4,
            "eps": 0.08,
            "eps_growth_year": null,
            "eps_4q": 0.1,
            "eps_4q_growth_year": null,
            "roe": 0.78,
            "roe_4q": 1.04,
            "gross_profit": 18423,
            "gross_margin": 13.89,
            "gross_margin_4q_avg": 14.31,
            "net_income": 57313,
            "revenue": 132656,
            "common_shares": 7300000,
            "book_valuer_per_share": 10.16,
            "book_valuer_per_share_4q_avg": 9.83,
            "equity": 7576836,
            "current_ratio": 43.89,
            "debt_ratio": 55.01,
            "inventory_turnover_ratio": 0.09,
            "account_receivable_turnover_ratio": null,
            "reinvestment_rate": null,
            "research_to_sale_ratio": null,
            "price_fair": 0.36,
            "eps_avg_yearly": 0.12,
            "eps_latest_yearly": 0.04,
            "eps_growth_yearly": -283.08
        },
        "20081": {
            "year_quarter": 20081,
            "year": 2008,
            "quarter": 1,
            "eps": 0,
            "eps_growth_year": null,
            "eps_4q": 0.15,
            "eps_4q_growth_year": null,
            "roe": 0.02,
            "roe_4q": 1.58,
            "gross_profit": 55977,
            "gross_margin": 11.03,
            "gross_margin_4q_avg": 12.99,
            "net_income": 1176,
            "revenue": 507423,
            "common_shares": 7300000,
            "book_valuer_per_share": 10.22,
            "book_valuer_per_share_4q_avg": 10.02,
            "equity": 7620928,
            "current_ratio": 43.4,
            "debt_ratio": 54.26,
            "inventory_turnover_ratio": 0.32,
            "account_receivable_turnover_ratio": null,
            "reinvestment_rate": null,
            "research_to_sale_ratio": null,
            "price_fair": 0.36,
            "eps_avg_yearly": 0.12,
            "eps_latest_yearly": 0.04,
            "eps_growth_yearly": -283.08
        },
        "20082": {
            "year_quarter": 20082,
            "year": 2008,
            "quarter": 2,
            "eps": -0.13,
            "eps_growth_year": -176.47,
            "eps_4q": -0.14,
            "eps_4q_growth_year": null,
            "roe": -1.26,
            "roe_4q": -1.4,
            "gross_profit": 25181,
            "gross_margin": 5.39,
            "gross_margin_4q_avg": 10.36,
            "net_income": -96269,
            "revenue": 467333,
            "common_shares": 7300000,
            "book_valuer_per_share": 10.23,
            "book_valuer_per_share_4q_avg": 10.15,
            "equity": 7620878,
            "current_ratio": 45.78,
            "debt_ratio": 54.59,
            "inventory_turnover_ratio": 0.31,
            "account_receivable_turnover_ratio": null,
            "reinvestment_rate": null,
            "research_to_sale_ratio": null,
            "price_fair": 0.36,
            "eps_avg_yearly": 0.12,
            "eps_latest_yearly": 0.04,
            "eps_growth_yearly": -283.08
        },
        "20083": {
            "year_quarter": 20083,
            "year": 2008,
            "quarter": 3,
            "eps": 0.17,
            "eps_growth_year": null,
            "eps_4q": 0.13,
            "eps_4q_growth_year": null,
            "roe": 1.48,
            "roe_4q": 1.02,
            "gross_profit": 24987,
            "gross_margin": 5.06,
            "gross_margin_4q_avg": 8.84,
            "net_income": 117553,
            "revenue": 493973,
            "common_shares": 7750000,
            "book_valuer_per_share": 10.41,
            "book_valuer_per_share_4q_avg": 10.26,
            "equity": 8218357,
            "current_ratio": 52.96,
            "debt_ratio": 51.23,
            "inventory_turnover_ratio": 0.32,
            "account_receivable_turnover_ratio": null,
            "reinvestment_rate": null,
            "research_to_sale_ratio": null,
            "price_fair": 0.36,
            "eps_avg_yearly": 0.12,
            "eps_latest_yearly": 0.04,
            "eps_growth_yearly": -283.08
        },
        "20084": {
            "year_quarter": 20084,
            "year": 2008,
            "quarter": 4,
            "eps": -0.03,
            "eps_growth_year": -137.5,
            "eps_4q": 0.04,
            "eps_4q_growth_year": -56.13,
            "roe": -0.2,
            "roe_4q": 0.04000000000000002,
            "gross_profit": 19334,
            "gross_margin": 2.84,
            "gross_margin_4q_avg": 6.08,
            "net_income": -16917,
            "revenue": 680491,
            "common_shares": 8000000,
            "book_valuer_per_share": 10.18,
            "book_valuer_per_share_4q_avg": 10.26,
            "equity": 8295885,
            "current_ratio": 54.63,
            "debt_ratio": 51.2,
            "inventory_turnover_ratio": 0.44,
            "account_receivable_turnover_ratio": 2.75,
            "reinvestment_rate": null,
            "research_to_sale_ratio": null,
            "price_fair": 0.36,
            "eps_avg_yearly": 0.12,
            "eps_latest_yearly": 0.04,
            "eps_growth_yearly": -283.08
        },
        "20091": {
            "year_quarter": 20091,
            "year": 2009,
            "quarter": 1,
            "eps": 0.01,
            "eps_growth_year": null,
            "eps_4q": 0.02,
            "eps_4q_growth_year": -85.6,
            "roe": 0.06,
            "roe_4q": 0.07999999999999985,
            "gross_profit": 41884,
            "gross_margin": 10.2,
            "gross_margin_4q_avg": 5.87,
            "net_income": 4572,
            "revenue": 410583,
            "common_shares": 8000000,
            "book_valuer_per_share": 10.17,
            "book_valuer_per_share_4q_avg": 10.25,
            "equity": 8288291,
            "current_ratio": 51.2,
            "debt_ratio": 50.72,
            "inventory_turnover_ratio": 0.24,
            "account_receivable_turnover_ratio": 0.95,
            "reinvestment_rate": null,
            "research_to_sale_ratio": null,
            "price_fair": 0.36,
            "eps_avg_yearly": 0.12,
            "eps_latest_yearly": 0.04,
            "eps_growth_yearly": -283.08
        },
        "20092": {
            "year_quarter": 20092,
            "year": 2009,
            "quarter": 2,
            "eps": -0.02,
            "eps_growth_year": null,
            "eps_4q": 0.12,
            "eps_4q_growth_year": null,
            "roe": -0.21,
            "roe_4q": 1.13,
            "gross_profit": 18527,
            "gross_margin": 5.53,
            "gross_margin_4q_avg": 5.91,
            "net_income": -18776,
            "revenue": 335120,
            "common_shares": 8000000,
            "book_valuer_per_share": 12,
            "book_valuer_per_share_4q_avg": 10.69,
            "equity": 9733346,
            "current_ratio": 50.59,
            "debt_ratio": 49.09,
            "inventory_turnover_ratio": 0.21,
            "account_receivable_turnover_ratio": 0.94,
            "reinvestment_rate": null,
            "research_to_sale_ratio": null,
            "price_fair": 0.36,
            "eps_avg_yearly": 0.12,
            "eps_latest_yearly": 0.04,
            "eps_growth_yearly": -283.08
        },
        "20093": {
            "year_quarter": 20093,
            "year": 2009,
            "quarter": 3,
            "eps": 0.04,
            "eps_growth_year": -76.47,
            "eps_4q": 0.01,
            "eps_4q_growth_year": -93.5,
            "roe": 0.34,
            "roe_4q": -0.009999999999999981,
            "gross_profit": 38101,
            "gross_margin": 8.38,
            "gross_margin_4q_avg": 6.74,
            "net_income": 33021,
            "revenue": 454763,
            "common_shares": 5320000,
            "book_valuer_per_share": 18.06,
            "book_valuer_per_share_4q_avg": 12.6,
            "equity": 9744973,
            "current_ratio": 52.44,
            "debt_ratio": 48.71,
            "inventory_turnover_ratio": 0.28,
            "account_receivable_turnover_ratio": 1.23,
            "reinvestment_rate": null,
            "research_to_sale_ratio": null,
            "price_fair": 0.36,
            "eps_avg_yearly": 0.12,
            "eps_latest_yearly": 0.04,
            "eps_growth_yearly": -283.08
        },
        "20094": {
            "year_quarter": 20094,
            "year": 2009,
            "quarter": 4,
            "eps": 0.18,
            "eps_growth_year": null,
            "eps_4q": 0.23,
            "eps_4q_growth_year": 418.24,
            "roe": 1.02,
            "roe_4q": 1.2100000000000002,
            "gross_profit": 85447,
            "gross_margin": 13.96,
            "gross_margin_4q_avg": 9.52,
            "net_income": 100096,
            "revenue": 612295,
            "common_shares": 5320000,
            "book_valuer_per_share": 18.16,
            "book_valuer_per_share_4q_avg": 14.6,
            "equity": 9804181,
            "current_ratio": 65.1,
            "debt_ratio": 48.86,
            "inventory_turnover_ratio": 0.33,
            "account_receivable_turnover_ratio": 4.52,
            "reinvestment_rate": 1780.59,
            "research_to_sale_ratio": null,
            "price_fair": 11.2,
            "eps_avg_yearly": 0.32,
            "eps_latest_yearly": 0.72,
            "eps_growth_yearly": 277.95
        },
        "20101": {
            "year_quarter": 20101,
            "year": 2010,
            "quarter": 1,
            "eps": -0.02,
            "eps_growth_year": -300,
            "eps_4q": 0.17,
            "eps_4q_growth_year": 680.69,
            "roe": -0.12,
            "roe_4q": 1.03,
            "gross_profit": 28867,
            "gross_margin": 8.12,
            "gross_margin_4q_avg": 9,
            "net_income": -12456,
            "revenue": 355705,
            "common_shares": 5320000,
            "book_valuer_per_share": 17.85,
            "book_valuer_per_share_4q_avg": 16.52,
            "equity": 10600768,
            "current_ratio": 76.2,
            "debt_ratio": 45.72,
            "inventory_turnover_ratio": 0.2,
            "account_receivable_turnover_ratio": 1.26,
            "reinvestment_rate": null,
            "research_to_sale_ratio": 0.41,
            "price_fair": 11.2,
            "eps_avg_yearly": 0.32,
            "eps_latest_yearly": 0.72,
            "eps_growth_yearly": 277.95
        },
        "20102": {
            "year_quarter": 20102,
            "year": 2010,
            "quarter": 2,
            "eps": 0.11,
            "eps_growth_year": null,
            "eps_4q": 0.31,
            "eps_4q_growth_year": 152.14,
            "roe": 0.6,
            "roe_4q": 1.84,
            "gross_profit": 34859,
            "gross_margin": 8.58,
            "gross_margin_4q_avg": 9.76,
            "net_income": 63702,
            "revenue": 406139,
            "common_shares": 6000000,
            "book_valuer_per_share": 17.74,
            "book_valuer_per_share_4q_avg": 17.95,
            "equity": 10719032,
            "current_ratio": 91.34,
            "debt_ratio": 42.78,
            "inventory_turnover_ratio": 0.23,
            "account_receivable_turnover_ratio": 1.09,
            "reinvestment_rate": 10269.72,
            "research_to_sale_ratio": 0.34,
            "price_fair": 13.3,
            "eps_avg_yearly": 0.38,
            "eps_latest_yearly": 0.72,
            "eps_growth_yearly": 540
        },
        "20103": {
            "year_quarter": 20103,
            "year": 2010,
            "quarter": 3,
            "eps": 0.04,
            "eps_growth_year": 11.78,
            "eps_4q": 0.3,
            "eps_4q_growth_year": 3455.08,
            "roe": -0.02,
            "roe_4q": 1.48,
            "gross_profit": -116382,
            "gross_margin": -43.56,
            "gross_margin_4q_avg": -3.23,
            "net_income": -1763,
            "revenue": 267204,
            "common_shares": 6000000,
            "book_valuer_per_share": 17.74,
            "book_valuer_per_share_4q_avg": 17.87,
            "equity": 10688395,
            "current_ratio": 92.22,
            "debt_ratio": 42.28,
            "inventory_turnover_ratio": 0.25,
            "account_receivable_turnover_ratio": 0.68,
            "reinvestment_rate": 5582.99,
            "research_to_sale_ratio": 0.53,
            "price_fair": 15.4,
            "eps_avg_yearly": 0.44,
            "eps_latest_yearly": 0.16,
            "eps_growth_yearly": 572.73
        },
        "20104": {
            "year_quarter": 20104,
            "year": 2010,
            "quarter": 4,
            "eps": 0.16,
            "eps_growth_year": -8.44,
            "eps_4q": 0.3,
            "eps_4q_growth_year": 32.97,
            "roe": 0.9,
            "roe_4q": 1.3599999999999999,
            "gross_profit": 64528,
            "gross_margin": 13.16,
            "gross_margin_4q_avg": -3.43,
            "net_income": 96021,
            "revenue": 490421,
            "common_shares": 6000000,
            "book_valuer_per_share": 17.75,
            "book_valuer_per_share_4q_avg": 17.77,
            "equity": 10698329,
            "current_ratio": 150.87,
            "debt_ratio": 39.84,
            "inventory_turnover_ratio": 0.23,
            "account_receivable_turnover_ratio": 1.47,
            "reinvestment_rate": 226.78,
            "research_to_sale_ratio": 0.31,
            "price_fair": 17.73,
            "eps_avg_yearly": 0.51,
            "eps_latest_yearly": 0.64,
            "eps_growth_yearly": 781.82
        },
        "20111": {
            "year_quarter": 20111,
            "year": 2011,
            "quarter": 1,
            "eps": 0.03,
            "eps_growth_year": null,
            "eps_4q": 0.35,
            "eps_4q_growth_year": 107.15,
            "roe": 0.14,
            "roe_4q": 1.62,
            "gross_profit": 10207,
            "gross_margin": 3.14,
            "gross_margin_4q_avg": -4.67,
            "net_income": 15120,
            "revenue": 325394,
            "common_shares": 6000000,
            "book_valuer_per_share": 17.75,
            "book_valuer_per_share_4q_avg": 17.75,
            "equity": 10695203,
            "current_ratio": 158.07,
            "debt_ratio": 39.57,
            "inventory_turnover_ratio": 0.14,
            "account_receivable_turnover_ratio": 1.03,
            "reinvestment_rate": 391.3,
            "research_to_sale_ratio": 0.41,
            "price_fair": 14.35,
            "eps_avg_yearly": 0.41,
            "eps_latest_yearly": 0.12,
            "eps_growth_yearly": 505.11
        },
        "20112": {
            "year_quarter": 20112,
            "year": 2011,
            "quarter": 2,
            "eps": 0.14,
            "eps_growth_year": 28.74,
            "eps_4q": 0.37,
            "eps_4q_growth_year": 21.35,
            "roe": 0.81,
            "roe_4q": 1.83,
            "gross_profit": 9685,
            "gross_margin": 2.49,
            "gross_margin_4q_avg": -6.19,
            "net_income": 87963,
            "revenue": 389449,
            "common_shares": 6000000,
            "book_valuer_per_share": 18.3,
            "book_valuer_per_share_4q_avg": 17.89,
            "equity": 11026250,
            "current_ratio": 244.71,
            "debt_ratio": 38.16,
            "inventory_turnover_ratio": 0.17,
            "account_receivable_turnover_ratio": 1.23,
            "reinvestment_rate": 421.77,
            "research_to_sale_ratio": 0.36,
            "price_fair": 15.4,
            "eps_avg_yearly": 0.44,
            "eps_latest_yearly": 0.56,
            "eps_growth_yearly": 697.42
        },
        "20113": {
            "year_quarter": 20113,
            "year": 2011,
            "quarter": 3,
            "eps": 0.09,
            "eps_growth_year": 96.12,
            "eps_4q": 0.42,
            "eps_4q_growth_year": 40.46,
            "roe": 0.49,
            "roe_4q": 2.34,
            "gross_profit": 1953,
            "gross_margin": 0.49,
            "gross_margin_4q_avg": 4.82,
            "net_income": 53825,
            "revenue": 395454,
            "common_shares": 6182246,
            "book_valuer_per_share": 17.81,
            "book_valuer_per_share_4q_avg": 17.9,
            "equity": 11048149,
            "current_ratio": 148.55,
            "debt_ratio": 40.46,
            "inventory_turnover_ratio": 0.17,
            "account_receivable_turnover_ratio": 1.15,
            "reinvestment_rate": 468.25,
            "research_to_sale_ratio": 0.42,
            "price_fair": 14.93,
            "eps_avg_yearly": 0.43,
            "eps_latest_yearly": 0.36,
            "eps_growth_yearly": 557.38
        },
        "20114": {
            "year_quarter": 20114,
            "year": 2011,
            "quarter": 4,
            "eps": 0.08,
            "eps_growth_year": -50.68,
            "eps_4q": 0.34,
            "eps_4q_growth_year": 11.62,
            "roe": 0.48,
            "roe_4q": 1.92,
            "gross_profit": -24598,
            "gross_margin": -5.31,
            "gross_margin_4q_avg": 0.2,
            "net_income": 53436,
            "revenue": 463029,
            "common_shares": 6164404,
            "book_valuer_per_share": 17.83,
            "book_valuer_per_share_4q_avg": 17.92,
            "equity": 11042434,
            "current_ratio": 129.48,
            "debt_ratio": 40.94,
            "inventory_turnover_ratio": 0.22,
            "account_receivable_turnover_ratio": 1.58,
            "reinvestment_rate": 302.11,
            "research_to_sale_ratio": 0.26,
            "price_fair": 14.4,
            "eps_avg_yearly": 0.41,
            "eps_latest_yearly": 0.32,
            "eps_growth_yearly": 471.4
        },
        "20121": {
            "year_quarter": 20121,
            "year": 2012,
            "quarter": 1,
            "eps": 0.09,
            "eps_growth_year": 200,
            "eps_4q": 0.4,
            "eps_4q_growth_year": 15.42,
            "roe": 0.51,
            "roe_4q": 2.29,
            "gross_profit": 26857,
            "gross_margin": 7.45,
            "gross_margin_4q_avg": 1.28,
            "net_income": 55956,
            "revenue": 360313,
            "common_shares": 6164404,
            "book_valuer_per_share": 17.9,
            "book_valuer_per_share_4q_avg": 17.96,
            "equity": 11089340,
            "current_ratio": 132.29,
            "debt_ratio": 40.63,
            "inventory_turnover_ratio": 0.15,
            "account_receivable_turnover_ratio": 1.49,
            "reinvestment_rate": 281.18,
            "research_to_sale_ratio": 0.43,
            "price_fair": 14.18,
            "eps_avg_yearly": 0.41,
            "eps_latest_yearly": 0.36,
            "eps_growth_yearly": 418.73
        },
        "20122": {
            "year_quarter": 20122,
            "year": 2012,
            "quarter": 2,
            "eps": 0.24,
            "eps_growth_year": 69.66,
            "eps_4q": 0.5,
            "eps_4q_growth_year": 34.35,
            "roe": 1.39,
            "roe_4q": 2.87,
            "gross_profit": 55321,
            "gross_margin": 11.12,
            "gross_margin_4q_avg": 3.44,
            "net_income": 154463,
            "revenue": 497463,
            "common_shares": 6164404,
            "book_valuer_per_share": 17.85,
            "book_valuer_per_share_4q_avg": 17.85,
            "equity": 11212378,
            "current_ratio": 103.31,
            "debt_ratio": 40.15,
            "inventory_turnover_ratio": 0.2,
            "account_receivable_turnover_ratio": 1.81,
            "reinvestment_rate": 179.68,
            "research_to_sale_ratio": 0.35,
            "price_fair": 16.33,
            "eps_avg_yearly": 0.47,
            "eps_latest_yearly": 0.96,
            "eps_growth_yearly": 446.28
        },
        "20123": {
            "year_quarter": 20123,
            "year": 2012,
            "quarter": 3,
            "eps": 0.23,
            "eps_growth_year": 161.05,
            "eps_4q": 0.64,
            "eps_4q_growth_year": 53.89,
            "roe": 1.25,
            "roe_4q": 3.6299999999999994,
            "gross_profit": 17253,
            "gross_margin": 4.3,
            "gross_margin_4q_avg": 4.39,
            "net_income": 140917,
            "revenue": 400854,
            "common_shares": 6164404,
            "book_valuer_per_share": 18.03,
            "book_valuer_per_share_4q_avg": 17.9,
            "equity": 11341491,
            "current_ratio": 104.76,
            "debt_ratio": 39.55,
            "inventory_turnover_ratio": 0.17,
            "account_receivable_turnover_ratio": 1.69,
            "reinvestment_rate": 173.15,
            "research_to_sale_ratio": 0.47,
            "price_fair": 17.92,
            "eps_avg_yearly": 0.51,
            "eps_latest_yearly": 0.92,
            "eps_growth_yearly": 399.98
        },
        "20124": {
            "year_quarter": 20124,
            "year": 2012,
            "quarter": 4,
            "eps": 0.9,
            "eps_growth_year": 1008.94,
            "eps_4q": 1.42,
            "eps_4q_growth_year": 319.95,
            "roe": 4.92,
            "roe_4q": 8.07,
            "gross_profit": 438172,
            "gross_margin": 42.8,
            "gross_margin_4q_avg": 16.42,
            "net_income": 593658,
            "revenue": 1023784,
            "common_shares": 6664404,
            "book_valuer_per_share": 18.9,
            "book_valuer_per_share_4q_avg": 18.17,
            "equity": 12811263,
            "current_ratio": 104.13,
            "debt_ratio": 43,
            "inventory_turnover_ratio": 0.27,
            "account_receivable_turnover_ratio": 5.07,
            "reinvestment_rate": 375.54,
            "research_to_sale_ratio": 0.2,
            "price_fair": 27.75,
            "eps_avg_yearly": 0.79,
            "eps_latest_yearly": 3.6,
            "eps_growth_yearly": 469.55
        },
        "20131": {
            "year_quarter": 20131,
            "year": 2013,
            "quarter": 1,
            "eps": 0.45,
            "eps_growth_year": 400,
            "eps_4q": 1.79,
            "eps_4q_growth_year": 347.81,
            "roe": 2.35,
            "roe_4q": 9.91,
            "gross_profit": 114446,
            "gross_margin": 32.74,
            "gross_margin_4q_avg": 22.74,
            "net_income": 305342,
            "revenue": 349548,
            "common_shares": 6664404,
            "book_valuer_per_share": 19.34,
            "book_valuer_per_share_4q_avg": 18.53,
            "equity": 13171985,
            "current_ratio": 109.7,
            "debt_ratio": 41.38,
            "inventory_turnover_ratio": 0.12,
            "account_receivable_turnover_ratio": 1.56,
            "reinvestment_rate": -705.41,
            "research_to_sale_ratio": 0.81,
            "price_fair": 30.68,
            "eps_avg_yearly": 0.88,
            "eps_latest_yearly": 1.8,
            "eps_growth_yearly": 413.75
        },
        "20132": {
            "year_quarter": 20132,
            "year": 2013,
            "quarter": 2,
            "eps": 0.25,
            "eps_growth_year": 3.13,
            "eps_4q": 1.81,
            "eps_4q_growth_year": 263.02,
            "roe": 1.29,
            "roe_4q": 9.81,
            "gross_profit": 143826,
            "gross_margin": 35.9,
            "gross_margin_4q_avg": 28.94,
            "net_income": 171697,
            "revenue": 400680,
            "common_shares": 6673947,
            "book_valuer_per_share": 19.6,
            "book_valuer_per_share_4q_avg": 18.97,
            "equity": 13389431,
            "current_ratio": 119.36,
            "debt_ratio": 40.16,
            "inventory_turnover_ratio": 0.14,
            "account_receivable_turnover_ratio": 1.83,
            "reinvestment_rate": -753.41,
            "research_to_sale_ratio": 0.75,
            "price_fair": 31.02,
            "eps_avg_yearly": 0.89,
            "eps_latest_yearly": 1,
            "eps_growth_yearly": 368.25
        },
        "20133": {
            "year_quarter": 20133,
            "year": 2013,
            "quarter": 3,
            "eps": 0.29,
            "eps_growth_year": 26.69,
            "eps_4q": 1.88,
            "eps_4q_growth_year": 194.48,
            "roe": 1.5,
            "roe_4q": 10.06,
            "gross_profit": 150309,
            "gross_margin": 33.3,
            "gross_margin_4q_avg": 36.19,
            "net_income": 202517,
            "revenue": 451390,
            "common_shares": 6677890,
            "book_valuer_per_share": 19.88,
            "book_valuer_per_share_4q_avg": 19.43,
            "equity": 13574205,
            "current_ratio": 117.14,
            "debt_ratio": 39.53,
            "inventory_turnover_ratio": 0.15,
            "account_receivable_turnover_ratio": 1.89,
            "reinvestment_rate": -690.39,
            "research_to_sale_ratio": 0.57,
            "price_fair": 31.7,
            "eps_avg_yearly": 0.91,
            "eps_latest_yearly": 1.16,
            "eps_growth_yearly": 346.52
        },
        "20134": {
            "year_quarter": 20134,
            "year": 2013,
            "quarter": 4,
            "eps": 0.51,
            "eps_growth_year": -43.42,
            "eps_4q": 1.43,
            "eps_4q_growth_year": 0.82,
            "roe": 2.49,
            "roe_4q": 7.630000000000001,
            "gross_profit": 187203,
            "gross_margin": 32.57,
            "gross_margin_4q_avg": 33.63,
            "net_income": 353439,
            "revenue": 574734,
            "common_shares": 7152287,
            "book_valuer_per_share": 20.24,
            "book_valuer_per_share_4q_avg": 19.77,
            "equity": 14765343,
            "current_ratio": 202.53,
            "debt_ratio": 33.44,
            "inventory_turnover_ratio": 0.19,
            "account_receivable_turnover_ratio": 2.25,
            "reinvestment_rate": -619.54,
            "research_to_sale_ratio": 0.59,
            "price_fair": 35,
            "eps_avg_yearly": 1,
            "eps_latest_yearly": 2.04,
            "eps_growth_yearly": 268.19
        },
        "20141": {
            "year_quarter": 20141,
            "year": 2014,
            "quarter": 1,
            "eps": 0.23,
            "eps_growth_year": -48.89,
            "eps_4q": 1.23,
            "eps_4q_growth_year": -31.49,
            "roe": 1.15,
            "roe_4q": 6.430000000000001,
            "gross_profit": 143013,
            "gross_margin": 33.73,
            "gross_margin_4q_avg": 33.88,
            "net_income": 170687,
            "revenue": 423986,
            "common_shares": 7195658,
            "book_valuer_per_share": 20.45,
            "book_valuer_per_share_4q_avg": 20.04,
            "equity": 15011473,
            "current_ratio": 204.82,
            "debt_ratio": 32.28,
            "inventory_turnover_ratio": 0.14,
            "account_receivable_turnover_ratio": 1.41,
            "reinvestment_rate": -588.59,
            "research_to_sale_ratio": 0.75,
            "price_fair": 34.81,
            "eps_avg_yearly": 0.99,
            "eps_latest_yearly": 0.92,
            "eps_growth_yearly": 235.67
        },
        "20142": {
            "year_quarter": 20142,
            "year": 2014,
            "quarter": 2,
            "eps": 0.15,
            "eps_growth_year": -40,
            "eps_4q": 1.15,
            "eps_4q_growth_year": -36.47,
            "roe": 0.82,
            "roe_4q": 5.96,
            "gross_profit": 155978,
            "gross_margin": 29.39,
            "gross_margin_4q_avg": 32.25,
            "net_income": 122671,
            "revenue": 530713,
            "common_shares": 7202401,
            "book_valuer_per_share": 20.1,
            "book_valuer_per_share_4q_avg": 20.17,
            "equity": 14785768,
            "current_ratio": 256.54,
            "debt_ratio": 33.62,
            "inventory_turnover_ratio": 0.19,
            "account_receivable_turnover_ratio": 1.62,
            "reinvestment_rate": -576.81,
            "research_to_sale_ratio": 0.62,
            "price_fair": 33.95,
            "eps_avg_yearly": 0.97,
            "eps_latest_yearly": 0.6,
            "eps_growth_yearly": 212.25
        },
        "20143": {
            "year_quarter": 20143,
            "year": 2014,
            "quarter": 3,
            "eps": 0.34,
            "eps_growth_year": 17.24,
            "eps_4q": 1.22,
            "eps_4q_growth_year": -35.18,
            "roe": 1.73,
            "roe_4q": 6.1899999999999995,
            "gross_profit": 172304,
            "gross_margin": 35.69,
            "gross_margin_4q_avg": 32.85,
            "net_income": 258064,
            "revenue": 482843,
            "common_shares": 7202400,
            "book_valuer_per_share": 20.43,
            "book_valuer_per_share_4q_avg": 20.31,
            "equity": 15030714,
            "current_ratio": 261.59,
            "debt_ratio": 32.8,
            "inventory_turnover_ratio": 0.16,
            "account_receivable_turnover_ratio": 1.61,
            "reinvestment_rate": -530.33,
            "research_to_sale_ratio": 0.69,
            "price_fair": 36.58,
            "eps_avg_yearly": 1.05,
            "eps_latest_yearly": 1.36,
            "eps_growth_yearly": 259.82
        },
        "20144": {
            "year_quarter": 20144,
            "year": 2014,
            "quarter": 4,
            "eps": 0.44,
            "eps_growth_year": -13.4,
            "eps_4q": 1.16,
            "eps_4q_growth_year": -19.09,
            "roe": 2.16,
            "roe_4q": 5.859999999999999,
            "gross_profit": 152706,
            "gross_margin": 34.36,
            "gross_margin_4q_avg": 33.29,
            "net_income": 324074,
            "revenue": 444458,
            "common_shares": 7202400,
            "book_valuer_per_share": 20.88,
            "book_valuer_per_share_4q_avg": 20.47,
            "equity": 15031443,
            "current_ratio": 362.36,
            "debt_ratio": 30.44,
            "inventory_turnover_ratio": 0.15,
            "account_receivable_turnover_ratio": 1.64,
            "reinvestment_rate": -468,
            "research_to_sale_ratio": 0.68,
            "price_fair": 39.03,
            "eps_avg_yearly": 1.12,
            "eps_latest_yearly": 1.76,
            "eps_growth_yearly": 192.18
        },
        "20151": {
            "year_quarter": 20151,
            "year": 2015,
            "quarter": 1,
            "eps": 0.3,
            "eps_growth_year": 30.43,
            "eps_4q": 1.24,
            "eps_4q_growth_year": 0.68,
            "roe": 1.45,
            "roe_4q": 6.16,
            "gross_profit": 101923,
            "gross_margin": 34.54,
            "gross_margin_4q_avg": 33.5,
            "net_income": 219782,
            "revenue": 295076,
            "common_shares": 7202400,
            "book_valuer_per_share": 21.18,
            "book_valuer_per_share_4q_avg": 20.65,
            "equity": 15251225,
            "current_ratio": 344.49,
            "debt_ratio": 39.66,
            "inventory_turnover_ratio": 0.1,
            "account_receivable_turnover_ratio": 1.24,
            "reinvestment_rate": -432.1,
            "research_to_sale_ratio": 0.4,
            "price_fair": 41.39,
            "eps_avg_yearly": 1.18,
            "eps_latest_yearly": 1.2,
            "eps_growth_yearly": 204.53
        },
        "20152": {
            "year_quarter": 20152,
            "year": 2015,
            "quarter": 2,
            "eps": 0.27,
            "eps_growth_year": 80,
            "eps_4q": 1.25,
            "eps_4q_growth_year": 8.44,
            "roe": 1.27,
            "roe_4q": 6.609999999999999,
            "gross_profit": 96610,
            "gross_margin": 37.25,
            "gross_margin_4q_avg": 35.46,
            "net_income": 198551,
            "revenue": 259378,
            "common_shares": 7834900,
            "book_valuer_per_share": 20.4,
            "book_valuer_per_share_4q_avg": 20.72,
            "equity": 15981790,
            "current_ratio": 149.44,
            "debt_ratio": 38.21,
            "inventory_turnover_ratio": 0.08,
            "account_receivable_turnover_ratio": 1.36,
            "reinvestment_rate": -413.65,
            "research_to_sale_ratio": 0.5,
            "price_fair": 42.53,
            "eps_avg_yearly": 1.22,
            "eps_latest_yearly": 1.08,
            "eps_growth_yearly": 110.37
        },
        "20153": {
            "year_quarter": 20153,
            "year": 2015,
            "quarter": 3,
            "eps": 0.24,
            "eps_growth_year": -29.41,
            "eps_4q": 1.19,
            "eps_4q_growth_year": -2.24,
            "roe": 1.19,
            "roe_4q": 6.07,
            "gross_profit": 98508,
            "gross_margin": 51.3,
            "gross_margin_4q_avg": 39.36,
            "net_income": 190742,
            "revenue": 192010,
            "common_shares": 7834900,
            "book_valuer_per_share": 20.71,
            "book_valuer_per_share_4q_avg": 20.79,
            "equity": 16070126,
            "current_ratio": 521.42,
            "debt_ratio": 37.65,
            "inventory_turnover_ratio": 0.05,
            "account_receivable_turnover_ratio": 1.25,
            "reinvestment_rate": -417.6,
            "research_to_sale_ratio": 0.67,
            "price_fair": 43.84,
            "eps_avg_yearly": 1.25,
            "eps_latest_yearly": 0.96,
            "eps_growth_yearly": 116.52
        },
        "20154": {
            "year_quarter": 20154,
            "year": 2015,
            "quarter": 4,
            "eps": 0.2,
            "eps_growth_year": -55.57,
            "eps_4q": 0.99,
            "eps_4q_growth_year": -14.71,
            "roe": 0.94,
            "roe_4q": 4.85,
            "gross_profit": 102482,
            "gross_margin": 53.91,
            "gross_margin_4q_avg": 44.25,
            "net_income": 151077,
            "revenue": 190103,
            "common_shares": 7700000,
            "book_valuer_per_share": 20.95,
            "book_valuer_per_share_4q_avg": 20.81,
            "equity": 16131216,
            "current_ratio": 427.24,
            "debt_ratio": 37.31,
            "inventory_turnover_ratio": 0.04,
            "account_receivable_turnover_ratio": 1.28,
            "reinvestment_rate": -408.56,
            "research_to_sale_ratio": 1.28,
            "price_fair": 44.89,
            "eps_avg_yearly": 1.28,
            "eps_latest_yearly": 0.8,
            "eps_growth_yearly": 115.13
        },
        "20161": {
            "year_quarter": 20161,
            "year": 2016,
            "quarter": 1,
            "eps": 0.17,
            "eps_growth_year": -43.33,
            "eps_4q": 0.87,
            "eps_4q_growth_year": -29.66,
            "roe": 0.79,
            "roe_4q": 4.1899999999999995,
            "gross_profit": 102585,
            "gross_margin": 58.59,
            "gross_margin_4q_avg": 50.26,
            "net_income": 127883,
            "revenue": 175079,
            "common_shares": 7700000,
            "book_valuer_per_share": 21.12,
            "book_valuer_per_share_4q_avg": 20.8,
            "equity": 16259099,
            "current_ratio": 453.84,
            "debt_ratio": 35.17,
            "inventory_turnover_ratio": 0.04,
            "account_receivable_turnover_ratio": 1.1,
            "reinvestment_rate": -382.13,
            "research_to_sale_ratio": 1.7,
            "price_fair": 45.59,
            "eps_avg_yearly": 1.3,
            "eps_latest_yearly": 0.68,
            "eps_growth_yearly": 108.25
        },
        "20162": {
            "year_quarter": 20162,
            "year": 2016,
            "quarter": 2,
            "eps": 0.1,
            "eps_growth_year": -62.96,
            "eps_4q": 0.71,
            "eps_4q_growth_year": -43.18,
            "roe": 0.47,
            "roe_4q": 3.39,
            "gross_profit": 105843,
            "gross_margin": 47.6,
            "gross_margin_4q_avg": 52.85,
            "net_income": 76170,
            "revenue": 222378,
            "common_shares": 7700000,
            "book_valuer_per_share": 20.71,
            "book_valuer_per_share_4q_avg": 20.87,
            "equity": 15950269,
            "current_ratio": 255.97,
            "debt_ratio": 35.01,
            "inventory_turnover_ratio": 0.06,
            "account_receivable_turnover_ratio": 2.06,
            "reinvestment_rate": -383.56,
            "research_to_sale_ratio": 1.34,
            "price_fair": 44.36,
            "eps_avg_yearly": 1.27,
            "eps_latest_yearly": 0.4,
            "eps_growth_yearly": 56.29
        },
        "20163": {
            "year_quarter": 20163,
            "year": 2016,
            "quarter": 3,
            "eps": 0.19,
            "eps_growth_year": -20.83,
            "eps_4q": 0.65,
            "eps_4q_growth_year": -45.76,
            "roe": 0.9,
            "roe_4q": 3.1,
            "gross_profit": 38540,
            "gross_margin": 33.17,
            "gross_margin_4q_avg": 48.32,
            "net_income": 143525,
            "revenue": 116189,
            "common_shares": 7700000,
            "book_valuer_per_share": 20.9,
            "book_valuer_per_share_4q_avg": 20.92,
            "equity": 16093856,
            "current_ratio": 277.01,
            "debt_ratio": 34.36,
            "inventory_turnover_ratio": 0.04,
            "account_receivable_turnover_ratio": 2.68,
            "reinvestment_rate": -379.72,
            "research_to_sale_ratio": 4.51,
            "price_fair": 44.01,
            "eps_avg_yearly": 1.26,
            "eps_latest_yearly": 0.76,
            "eps_growth_yearly": 79.84
        },
        "20164": {
            "year_quarter": 20164,
            "year": 2016,
            "quarter": 4,
            "eps": -0.05,
            "eps_growth_year": -124.76,
            "eps_4q": 0.4,
            "eps_4q_growth_year": -59.17,
            "roe": -0.23,
            "roe_4q": 1.9300000000000002,
            "gross_profit": 28291,
            "gross_margin": 29.12,
            "gross_margin_4q_avg": 42.12,
            "net_income": -37412,
            "revenue": 97143,
            "common_shares": 7700000,
            "book_valuer_per_share": 20.86,
            "book_valuer_per_share_4q_avg": 20.9,
            "equity": 16058441,
            "current_ratio": 194.44,
            "debt_ratio": 34.11,
            "inventory_turnover_ratio": 0.03,
            "account_receivable_turnover_ratio": 2.22,
            "reinvestment_rate": -525.94,
            "research_to_sale_ratio": 8.5,
            "price_fair": 19.25,
            "eps_avg_yearly": 1.1,
            "eps_latest_yearly": 0.76,
            "eps_growth_yearly": 7.48
        },
        "20171": {
            "year_quarter": 20171,
            "year": 2017,
            "quarter": 1,
            "eps": 0.74,
            "eps_growth_year": 335.29,
            "eps_4q": 0.98,
            "eps_4q_growth_year": 12.81,
            "roe": 3.5,
            "roe_4q": 4.64,
            "gross_profit": 653053,
            "gross_margin": 32.84,
            "gross_margin_4q_avg": 35.68,
            "net_income": 572302,
            "revenue": 1988620,
            "common_shares": 7700000,
            "book_valuer_per_share": 21.6,
            "book_valuer_per_share_4q_avg": 21.02,
            "equity": 16630701,
            "current_ratio": 222.87,
            "debt_ratio": 28.42,
            "inventory_turnover_ratio": 0.95,
            "account_receivable_turnover_ratio": 70,
            "reinvestment_rate": 83.99,
            "research_to_sale_ratio": 0.16,
            "price_fair": 33.96,
            "eps_avg_yearly": 1.05,
            "eps_latest_yearly": 0.76,
            "eps_growth_yearly": 22.3
        },
        "20172": {
            "year_quarter": 20172,
            "year": 2017,
            "quarter": 2,
            "eps": 0.04,
            "eps_growth_year": -60,
            "eps_4q": 0.92,
            "eps_4q_growth_year": 30.19,
            "roe": 0.2,
            "roe_4q": 4.37,
            "gross_profit": 30615,
            "gross_margin": 25.73,
            "gross_margin_4q_avg": 30.22,
            "net_income": 32275,
            "revenue": 119002,
            "common_shares": 7700000,
            "book_valuer_per_share": 21.14,
            "book_valuer_per_share_4q_avg": 21.13,
            "equity": 16277966,
            "current_ratio": 104.21,
            "debt_ratio": 30.08,
            "inventory_turnover_ratio": 0.11,
            "account_receivable_turnover_ratio": 5,
            "reinvestment_rate": 89.05,
            "research_to_sale_ratio": 2,
            "price_fair": 17.81,
            "eps_avg_yearly": 0.99,
            "eps_latest_yearly": 0.16,
            "eps_growth_yearly": 7.97
        },
        "20173": {
            "year_quarter": 20173,
            "year": 2017,
            "quarter": 3,
            "eps": 0,
            "eps_growth_year": -100,
            "eps_4q": 0.74,
            "eps_4q_growth_year": 14.51,
            "roe": 0.02,
            "roe_4q": 3.49,
            "gross_profit": 30017,
            "gross_margin": 36.32,
            "gross_margin_4q_avg": 31,
            "net_income": 3829,
            "revenue": 82657,
            "common_shares": 7700000,
            "book_valuer_per_share": 21.14,
            "book_valuer_per_share_4q_avg": 21.19,
            "equity": 16274454,
            "current_ratio": 119.21,
            "debt_ratio": 30.75,
            "inventory_turnover_ratio": 0.07,
            "account_receivable_turnover_ratio": 3.03,
            "reinvestment_rate": 96.13,
            "research_to_sale_ratio": 2.75,
            "price_fair": 13.36,
            "eps_avg_yearly": 0.98,
            "eps_latest_yearly": 0.16,
            "eps_growth_yearly": 3.66
        },
        "20174": {
            "year_quarter": 20174,
            "year": 2017,
            "quarter": 4,
            "eps": 0.02,
            "eps_growth_year": null,
            "eps_4q": 0.81,
            "eps_4q_growth_year": 100.57,
            "roe": 0.08,
            "roe_4q": 3.8,
            "gross_profit": 26368,
            "gross_margin": 42.78,
            "gross_margin_4q_avg": 34.42,
            "net_income": 13687,
            "revenue": 61642,
            "common_shares": 7700000,
            "book_valuer_per_share": 21.15,
            "book_valuer_per_share_4q_avg": 21.26,
            "equity": 16286025,
            "current_ratio": 119.92,
            "debt_ratio": 31.05,
            "inventory_turnover_ratio": 0.04,
            "account_receivable_turnover_ratio": 2.69,
            "reinvestment_rate": 116.77,
            "research_to_sale_ratio": 4.18,
            "price_fair": 2.67,
            "eps_avg_yearly": 0.89,
            "eps_latest_yearly": 0.16,
            "eps_growth_yearly": -21.32
        },
        "20181": {
            "year_quarter": 20181,
            "year": 2018,
            "quarter": 1,
            "eps": -0.03,
            "eps_growth_year": -104.05,
            "eps_4q": 0.04,
            "eps_4q_growth_year": -96.25,
            "roe": -0.13,
            "roe_4q": 0.17,
            "gross_profit": 29211,
            "gross_margin": 45.84,
            "gross_margin_4q_avg": 37.67,
            "net_income": -21519,
            "revenue": 63717,
            "common_shares": 7700000,
            "book_valuer_per_share": 21.1,
            "book_valuer_per_share_4q_avg": 21.13,
            "equity": 16250798,
            "current_ratio": 225.83,
            "debt_ratio": 31.28,
            "inventory_turnover_ratio": 0.04,
            "account_receivable_turnover_ratio": 3.17,
            "reinvestment_rate": 129.87,
            "research_to_sale_ratio": 3.09,
            "price_fair": 2.66,
            "eps_avg_yearly": 0.89,
            "eps_latest_yearly": 0.16,
            "eps_growth_yearly": -3.3
        },
        "20182": {
            "year_quarter": 20182,
            "year": 2018,
            "quarter": 2,
            "eps": 0.01,
            "eps_growth_year": -75,
            "eps_4q": 0.01,
            "eps_4q_growth_year": -99.09,
            "roe": 0.07,
            "roe_4q": 0.04000000000000001,
            "gross_profit": 30780,
            "gross_margin": 50.21,
            "gross_margin_4q_avg": 43.79,
            "net_income": 10615,
            "revenue": 61302,
            "common_shares": 7900000,
            "book_valuer_per_share": 20.48,
            "book_valuer_per_share_4q_avg": 20.97,
            "equity": 16175496,
            "current_ratio": 128.97,
            "debt_ratio": 32.07,
            "inventory_turnover_ratio": 0.04,
            "account_receivable_turnover_ratio": 3.35,
            "reinvestment_rate": 141.18,
            "research_to_sale_ratio": 3.38,
            "price_fair": 18.58,
            "eps_avg_yearly": 0.92,
            "eps_latest_yearly": 0.16,
            "eps_growth_yearly": 10.28
        },
        "20183": {
            "year_quarter": 20183,
            "year": 2018,
            "quarter": 3,
            "eps": -0.04,
            "eps_growth_year": null,
            "eps_4q": -0.04,
            "eps_4q_growth_year": -104.79,
            "roe": -0.19,
            "roe_4q": -0.16999999999999998,
            "gross_profit": 24875,
            "gross_margin": 39.44,
            "gross_margin_4q_avg": 44.57,
            "net_income": -30830,
            "revenue": 63075,
            "common_shares": 7900000,
            "book_valuer_per_share": 20.44,
            "book_valuer_per_share_4q_avg": 20.79,
            "equity": 16150696,
            "current_ratio": 114.54,
            "debt_ratio": 32.78,
            "inventory_turnover_ratio": 0.05,
            "account_receivable_turnover_ratio": 3.15,
            "reinvestment_rate": 224.19,
            "research_to_sale_ratio": 2.71,
            "price_fair": 2.6,
            "eps_avg_yearly": 0.87,
            "eps_latest_yearly": 0.16,
            "eps_growth_yearly": -44.87
        },
        "20184": {
            "year_quarter": 20184,
            "year": 2018,
            "quarter": 4,
            "eps": -0,
            "eps_growth_year": -101.81,
            "eps_4q": -0.05,
            "eps_4q_growth_year": -106.58,
            "roe": -0,
            "roe_4q": -0.25,
            "gross_profit": 30737,
            "gross_margin": 46.47,
            "gross_margin_4q_avg": 45.49,
            "net_income": -254,
            "revenue": 66143,
            "common_shares": 7900000,
            "book_valuer_per_share": 20.45,
            "book_valuer_per_share_4q_avg": 20.62,
            "equity": 16151787,
            "current_ratio": 221.44,
            "debt_ratio": 33.68,
            "inventory_turnover_ratio": 0.04,
            "account_receivable_turnover_ratio": 3.47,
            "reinvestment_rate": 313.3,
            "research_to_sale_ratio": 2.73,
            "price_fair": 2.27,
            "eps_avg_yearly": 0.76,
            "eps_latest_yearly": 0.16,
            "eps_growth_yearly": -65.18
        },
        "20191": {
            "year_quarter": 20191,
            "year": 2019,
            "quarter": 1,
            "eps": -0.06,
            "eps_growth_year": null,
            "eps_4q": -0.08,
            "eps_4q_growth_year": -328.01,
            "roe": -0.28,
            "roe_4q": -0.4,
            "gross_profit": 31337,
            "gross_margin": 41.99,
            "gross_margin_4q_avg": 44.53,
            "net_income": -45669,
            "revenue": 74621,
            "common_shares": 7900000,
            "book_valuer_per_share": 20.39,
            "book_valuer_per_share_4q_avg": 20.44,
            "equity": 16109003,
            "current_ratio": 221.38,
            "debt_ratio": 34.18,
            "inventory_turnover_ratio": 0.05,
            "account_receivable_turnover_ratio": 3.89,
            "reinvestment_rate": 384.96,
            "research_to_sale_ratio": 2.26,
            "price_fair": 2.07,
            "eps_avg_yearly": 0.69,
            "eps_latest_yearly": 0.16,
            "eps_growth_yearly": -56.31
        },
        "20192": {
            "year_quarter": 20192,
            "year": 2019,
            "quarter": 2,
            "eps": 0.09,
            "eps_growth_year": 800,
            "eps_4q": -0,
            "eps_4q_growth_year": -142.75,
            "roe": 0.46,
            "roe_4q": -0.010000000000000009,
            "gross_profit": 31304,
            "gross_margin": 42.11,
            "gross_margin_4q_avg": 42.5,
            "net_income": 73926,
            "revenue": 74344,
            "common_shares": 7900000,
            "book_valuer_per_share": 20.15,
            "book_valuer_per_share_4q_avg": 20.36,
            "equity": 15918750,
            "current_ratio": 187.59,
            "debt_ratio": 35,
            "inventory_turnover_ratio": 0.05,
            "account_receivable_turnover_ratio": 3.16,
            "reinvestment_rate": 432.74,
            "research_to_sale_ratio": 2.37,
            "price_fair": 1.88,
            "eps_avg_yearly": 0.63,
            "eps_latest_yearly": 0.16,
            "eps_growth_yearly": -59.03
        },
        "20193": {
            "year_quarter": 20193,
            "year": 2019,
            "quarter": 3,
            "eps": -0.04,
            "eps_growth_year": null,
            "eps_4q": -0.01,
            "eps_4q_growth_year": null,
            "roe": -0.2,
            "roe_4q": -0.020000000000000018,
            "gross_profit": 29414,
            "gross_margin": 39.74,
            "gross_margin_4q_avg": 42.58,
            "net_income": -32415,
            "revenue": 74022,
            "common_shares": 7900000,
            "book_valuer_per_share": 20.11,
            "book_valuer_per_share_4q_avg": 20.28,
            "equity": 15890838,
            "current_ratio": 146.99,
            "debt_ratio": 35.28,
            "inventory_turnover_ratio": 0.05,
            "account_receivable_turnover_ratio": 3.33,
            "reinvestment_rate": 485.14,
            "research_to_sale_ratio": 2.59,
            "price_fair": 1.68,
            "eps_avg_yearly": 0.56,
            "eps_latest_yearly": 0.16,
            "eps_growth_yearly": -61.95
        },
        "20194": {
            "year_quarter": 20194,
            "year": 2019,
            "quarter": 4,
            "eps": -0.18,
            "eps_growth_year": null,
            "eps_4q": -0.18,
            "eps_4q_growth_year": null,
            "roe": -0.9,
            "roe_4q": -0.9200000000000002,
            "gross_profit": 28793,
            "gross_margin": 37.88,
            "gross_margin_4q_avg": 40.43,
            "net_income": -141797,
            "revenue": 76011,
            "common_shares": 7900000,
            "book_valuer_per_share": 19.95,
            "book_valuer_per_share_4q_avg": 20.15,
            "equity": 15763669,
            "current_ratio": 179.94,
            "debt_ratio": 35.91,
            "inventory_turnover_ratio": 0.05,
            "account_receivable_turnover_ratio": 3.92,
            "reinvestment_rate": 689.3,
            "research_to_sale_ratio": 2.41,
            "price_fair": 1.5,
            "eps_avg_yearly": 0.5,
            "eps_latest_yearly": 0.16,
            "eps_growth_yearly": -60.77
        },
        "20201": {
            "year_quarter": 20201,
            "year": 2020,
            "quarter": 1,
            "eps": -0.04,
            "eps_growth_year": null,
            "eps_4q": -0.17,
            "eps_4q_growth_year": null,
            "roe": -0.21,
            "roe_4q": -0.8500000000000001,
            "gross_profit": 29618,
            "gross_margin": 44.14,
            "gross_margin_4q_avg": 40.97,
            "net_income": -33703,
            "revenue": 67106,
            "common_shares": 7900000,
            "book_valuer_per_share": 19.9,
            "book_valuer_per_share_4q_avg": 20.03,
            "equity": 15722660,
            "current_ratio": 117.64,
            "debt_ratio": 36.35,
            "inventory_turnover_ratio": 0.04,
            "account_receivable_turnover_ratio": 3.77,
            "reinvestment_rate": 791.17,
            "research_to_sale_ratio": 2.4,
            "price_fair": 1.32,
            "eps_avg_yearly": 0.44,
            "eps_latest_yearly": 0.16,
            "eps_growth_yearly": -61.03
        },
        "20202": {
            "year_quarter": 20202,
            "year": 2020,
            "quarter": 2,
            "eps": -0.03,
            "eps_growth_year": -133.33,
            "eps_4q": -0.29,
            "eps_4q_growth_year": null,
            "roe": -0.16,
            "roe_4q": -1.47,
            "gross_profit": 30116,
            "gross_margin": 40.49,
            "gross_margin_4q_avg": 40.56,
            "net_income": -24988,
            "revenue": 74384,
            "common_shares": 7900000,
            "book_valuer_per_share": 19.87,
            "book_valuer_per_share_4q_avg": 19.96,
            "equity": 15696665,
            "current_ratio": 153.07,
            "debt_ratio": 36.74,
            "inventory_turnover_ratio": 0.05,
            "account_receivable_turnover_ratio": 4.42,
            "reinvestment_rate": 960.97,
            "research_to_sale_ratio": 2.06,
            "price_fair": 1.38,
            "eps_avg_yearly": 0.46,
            "eps_latest_yearly": 0.16,
            "eps_growth_yearly": -9.19
        },
        "20203": {
            "year_quarter": 20203,
            "year": 2020,
            "quarter": 3,
            "eps": -0.05,
            "eps_growth_year": null,
            "eps_4q": -0.3,
            "eps_4q_growth_year": null,
            "roe": -0.23,
            "roe_4q": -1.5,
            "gross_profit": 31460,
            "gross_margin": 37.01,
            "gross_margin_4q_avg": 39.88,
            "net_income": -35949,
            "revenue": 85000,
            "common_shares": 7900000,
            "book_valuer_per_share": 19.82,
            "book_valuer_per_share_4q_avg": 19.89,
            "equity": 15659853,
            "current_ratio": 109.14,
            "debt_ratio": 37.12,
            "inventory_turnover_ratio": 0.06,
            "account_receivable_turnover_ratio": 4.42,
            "reinvestment_rate": 1545.86,
            "research_to_sale_ratio": 1.72,
            "price_fair": 0.48,
            "eps_avg_yearly": 0.16,
            "eps_latest_yearly": 0.16,
            "eps_growth_yearly": -378.38
        },
        "20204": {
            "year_quarter": 20204,
            "year": 2020,
            "quarter": 4,
            "eps": 0.1,
            "eps_growth_year": null,
            "eps_4q": -0.02,
            "eps_4q_growth_year": null,
            "roe": 0.49,
            "roe_4q": -0.10999999999999999,
            "gross_profit": 33450,
            "gross_margin": 39.23,
            "gross_margin_4q_avg": 40.22,
            "net_income": 77289,
            "revenue": 85275,
            "common_shares": 7900000,
            "book_valuer_per_share": 19.99,
            "book_valuer_per_share_4q_avg": 19.9,
            "equity": 15792190,
            "current_ratio": 117.66,
            "debt_ratio": 37.08,
            "inventory_turnover_ratio": 0.06,
            "account_receivable_turnover_ratio": 4.33,
            "reinvestment_rate": 646.88,
            "research_to_sale_ratio": 2.43,
            "price_fair": 0.48,
            "eps_avg_yearly": 0.16,
            "eps_latest_yearly": 0.16,
            "eps_growth_yearly": -378.38
        },
        "20211": {
            "year_quarter": 20211,
            "year": 2021,
            "quarter": 1,
            "eps": 0,
            "eps_growth_year": null,
            "eps_4q": 0.02,
            "eps_4q_growth_year": null,
            "roe": 0.02,
            "roe_4q": 0.12000000000000002,
            "gross_profit": 33013,
            "gross_margin": 36.13,
            "gross_margin_4q_avg": 38.22,
            "net_income": 2398,
            "revenue": 91381,
            "common_shares": 7900000,
            "book_valuer_per_share": 19.99,
            "book_valuer_per_share_4q_avg": 19.92,
            "equity": 15794418,
            "current_ratio": 98.43,
            "debt_ratio": 37.06,
            "inventory_turnover_ratio": 0.07,
            "account_receivable_turnover_ratio": 3.86,
            "reinvestment_rate": null,
            "research_to_sale_ratio": 1.56,
            "price_fair": 0.48,
            "eps_avg_yearly": 0.16,
            "eps_latest_yearly": 0.16,
            "eps_growth_yearly": -378.38
        },
        "20212": {
            "year_quarter": 20212,
            "year": 2021,
            "quarter": 2,
            "eps": -0.04,
            "eps_growth_year": null,
            "eps_4q": 0.01,
            "eps_4q_growth_year": null,
            "roe": -0.22,
            "roe_4q": 0.05999999999999997,
            "gross_profit": 22894,
            "gross_margin": 29.4,
            "gross_margin_4q_avg": 35.44,
            "net_income": -34151,
            "revenue": 77883,
            "common_shares": 7900000,
            "book_valuer_per_share": 19.95,
            "book_valuer_per_share_4q_avg": 19.94,
            "equity": 15760557,
            "current_ratio": 185.56,
            "debt_ratio": 37.5,
            "inventory_turnover_ratio": 0.06,
            "account_receivable_turnover_ratio": 2.66,
            "reinvestment_rate": null,
            "research_to_sale_ratio": 2.29,
            "price_fair": 0,
            "eps_avg_yearly": 0,
            "eps_latest_yearly": 0,
            "eps_growth_yearly": 0
        },
        "20213": {
            "year_quarter": 20213,
            "year": 2021,
            "quarter": 3,
            "eps": -0.04,
            "eps_growth_year": null,
            "eps_4q": 0.02,
            "eps_4q_growth_year": null,
            "roe": -0.18,
            "roe_4q": 0.10999999999999999,
            "gross_profit": 32616,
            "gross_margin": 32.33,
            "gross_margin_4q_avg": 34.27,
            "net_income": -28163,
            "revenue": 100874,
            "common_shares": 7900000,
            "book_valuer_per_share": 19.91,
            "book_valuer_per_share_4q_avg": 19.96,
            "equity": 15731996,
            "current_ratio": 169.85,
            "debt_ratio": 37.56,
            "inventory_turnover_ratio": 0.08,
            "account_receivable_turnover_ratio": 2.94,
            "reinvestment_rate": null,
            "research_to_sale_ratio": 1.77,
            "price_fair": 0,
            "eps_avg_yearly": 0,
            "eps_latest_yearly": 0,
            "eps_growth_yearly": 0
        },
        "20214": {
            "year_quarter": 20214,
            "year": 2021,
            "quarter": 4,
            "eps": -1.34,
            "eps_growth_year": -1474.63,
            "eps_4q": -1.42,
            "eps_4q_growth_year": null,
            "roe": -6.99,
            "roe_4q": -7.37,
            "gross_profit": 28984,
            "gross_margin": 29.26,
            "gross_margin_4q_avg": 31.78,
            "net_income": -1062433,
            "revenue": 99065,
            "common_shares": 7900000,
            "book_valuer_per_share": 18.58,
            "book_valuer_per_share_4q_avg": 19.61,
            "equity": 14677735,
            "current_ratio": 330.34,
            "debt_ratio": 39.47,
            "inventory_turnover_ratio": 0.08,
            "account_receivable_turnover_ratio": 2.6,
            "reinvestment_rate": null,
            "research_to_sale_ratio": 1.62,
            "price_fair": 0,
            "eps_avg_yearly": 0,
            "eps_latest_yearly": 0,
            "eps_growth_yearly": 0
        },
        "20221": {
            "year_quarter": 20221,
            "year": 2022,
            "quarter": 1,
            "eps": 0.03,
            "eps_growth_year": null,
            "eps_4q": -1.39,
            "eps_4q_growth_year": -5958.68,
            "roe": 0.18,
            "roe_4q": -7.21,
            "gross_profit": 41586,
            "gross_margin": 42.98,
            "gross_margin_4q_avg": 33.49,
            "net_income": 26253,
            "revenue": 96748,
            "common_shares": 7900000,
            "book_valuer_per_share": 18.54,
            "book_valuer_per_share_4q_avg": 19.25,
            "equity": 14648187,
            "current_ratio": 272.35,
            "debt_ratio": 39.32,
            "inventory_turnover_ratio": 0.06,
            "account_receivable_turnover_ratio": 3.17,
            "reinvestment_rate": null,
            "research_to_sale_ratio": 1.46,
            "price_fair": 0,
            "eps_avg_yearly": 0,
            "eps_latest_yearly": 0,
            "eps_growth_yearly": 0
        },
        "20222": {
            "year_quarter": 20222,
            "year": 2022,
            "quarter": 2,
            "eps": -0.07,
            "eps_growth_year": null,
            "eps_4q": -1.42,
            "eps_4q_growth_year": -11816.51,
            "roe": -0.4,
            "roe_4q": -7.39,
            "gross_profit": 37520,
            "gross_margin": 47.04,
            "gross_margin_4q_avg": 37.9,
            "net_income": -58878,
            "revenue": 79755,
            "common_shares": 7900000,
            "book_valuer_per_share": 18.47,
            "book_valuer_per_share_4q_avg": 18.88,
            "equity": 14589281,
            "current_ratio": 279.45,
            "debt_ratio": 39.63,
            "inventory_turnover_ratio": 0.05,
            "account_receivable_turnover_ratio": 3.26,
            "reinvestment_rate": null,
            "research_to_sale_ratio": 1.66,
            "price_fair": 0,
            "eps_avg_yearly": 0,
            "eps_latest_yearly": 0,
            "eps_growth_yearly": 0
        },
        "20223": {
            "year_quarter": 20223,
            "year": 2022,
            "quarter": 3,
            "eps": -0.05,
            "eps_growth_year": null,
            "eps_4q": -1.43,
            "eps_4q_growth_year": -6624.66,
            "roe": -0.26,
            "roe_4q": -7.470000000000001,
            "gross_profit": 47324,
            "gross_margin": 43.78,
            "gross_margin_4q_avg": 40.77,
            "net_income": -38463,
            "revenue": 108098,
            "common_shares": 7900000,
            "book_valuer_per_share": 18.42,
            "book_valuer_per_share_4q_avg": 18.5,
            "equity": 14550785,
            "current_ratio": 384.3,
            "debt_ratio": 39.84,
            "inventory_turnover_ratio": 0.07,
            "account_receivable_turnover_ratio": 3.91,
            "reinvestment_rate": null,
            "research_to_sale_ratio": 1.64,
            "price_fair": 0,
            "eps_avg_yearly": 0,
            "eps_latest_yearly": 0,
            "eps_growth_yearly": 0
        },
        "20224": {
            "year_quarter": 20224,
            "year": 2022,
            "quarter": 4,
            "eps": -1.98,
            "eps_growth_year": null,
            "eps_4q": -2.07,
            "eps_4q_growth_year": null,
            "roe": -11.36,
            "roe_4q": -11.84,
            "gross_profit": 38483,
            "gross_margin": 41.65,
            "gross_margin_4q_avg": 43.86,
            "net_income": -1564026,
            "revenue": 92395,
            "common_shares": 7900000,
            "book_valuer_per_share": 16.44,
            "book_valuer_per_share_4q_avg": 17.97,
            "equity": 12986181,
            "current_ratio": 128.41,
            "debt_ratio": 40.57,
            "inventory_turnover_ratio": 0.06,
            "account_receivable_turnover_ratio": 2.89,
            "reinvestment_rate": null,
            "research_to_sale_ratio": 1.57,
            "price_fair": 0,
            "eps_avg_yearly": 0,
            "eps_latest_yearly": 0,
            "eps_growth_yearly": 0
        },
        "20231": {
            "year_quarter": 20231,
            "year": 2023,
            "quarter": 1,
            "eps": -0.08,
            "eps_growth_year": -366.67,
            "eps_4q": -2.18,
            "eps_4q_growth_year": null,
            "roe": -0.49,
            "roe_4q": -12.51,
            "gross_profit": 27837,
            "gross_margin": 28.48,
            "gross_margin_4q_avg": 40.24,
            "net_income": -63034,
            "revenue": 97726,
            "common_shares": 7900000,
            "book_valuer_per_share": 16.36,
            "book_valuer_per_share_4q_avg": 17.42,
            "equity": 12923147,
            "current_ratio": 374.2,
            "debt_ratio": 40.37,
            "inventory_turnover_ratio": 0.07,
            "account_receivable_turnover_ratio": 3.02,
            "reinvestment_rate": null,
            "research_to_sale_ratio": 1.57,
            "price_fair": 0,
            "eps_avg_yearly": 0,
            "eps_latest_yearly": 0,
            "eps_growth_yearly": 0
        }
    },
    "months": {
        "2001-06": {
            "month": "2001-06",
            "price": "4.55",
            "revenue": 199130
        },
        "2001-07": {
            "month": "2001-07",
            "price": "3.44",
            "revenue": 191275
        },
        "2001-08": {
            "month": "2001-08",
            "price": "4.01",
            "revenue": 262887
        },
        "2001-09": {
            "month": "2001-09",
            "price": "4.02",
            "revenue": 157468
        },
        "2001-10": {
            "month": "2001-10",
            "price": "3.62",
            "revenue": 215551
        },
        "2001-11": {
            "month": "2001-11",
            "price": "3.68",
            "revenue": 152519
        },
        "2001-12": {
            "month": "2001-12",
            "price": "4.49",
            "revenue": 134309
        },
        "2002-01": {
            "month": "2002-01",
            "price": "5.02",
            "revenue": 146909
        },
        "2002-02": {
            "month": "2002-02",
            "price": "4.68",
            "revenue": 209357
        },
        "2002-03": {
            "month": "2002-03",
            "price": "5.12",
            "revenue": 179471
        },
        "2002-04": {
            "month": "2002-04",
            "price": "7.03",
            "revenue": 181169
        },
        "2002-05": {
            "month": "2002-05",
            "price": "5.85",
            "revenue": 169858
        },
        "2002-06": {
            "month": "2002-06",
            "price": "5.64",
            "revenue": 191682
        },
        "2002-07": {
            "month": "2002-07",
            "price": "5.34",
            "revenue": 260188
        },
        "2002-08": {
            "month": "2002-08",
            "price": "4.33",
            "revenue": 218942
        },
        "2002-09": {
            "month": "2002-09",
            "price": "3.35",
            "revenue": 207963
        },
        "2002-10": {
            "month": "2002-10",
            "price": "3.10",
            "revenue": 200359
        },
        "2002-11": {
            "month": "2002-11",
            "price": "3.40",
            "revenue": 244644
        },
        "2002-12": {
            "month": "2002-12",
            "price": "3.51",
            "revenue": 265449
        },
        "2003-01": {
            "month": "2003-01",
            "price": "4.43",
            "revenue": 185039
        },
        "2003-02": {
            "month": "2003-02",
            "price": "4.25",
            "revenue": 101619
        },
        "2003-03": {
            "month": "2003-03",
            "price": "4.06",
            "revenue": 195837
        },
        "2003-04": {
            "month": "2003-04",
            "price": "3.77",
            "revenue": 150625
        },
        "2003-05": {
            "month": "2003-05",
            "price": "3.16",
            "revenue": 149379
        },
        "2003-06": {
            "month": "2003-06",
            "price": "3.58",
            "revenue": 211362
        },
        "2003-07": {
            "month": "2003-07",
            "price": "4.12",
            "revenue": 245064
        },
        "2003-08": {
            "month": "2003-08",
            "price": "4.34",
            "revenue": 155734
        },
        "2003-09": {
            "month": "2003-09",
            "price": "5.24",
            "revenue": 140109
        },
        "2003-10": {
            "month": "2003-10",
            "price": "5.26",
            "revenue": 97863
        },
        "2003-11": {
            "month": "2003-11",
            "price": "5.35",
            "revenue": 171451
        },
        "2003-12": {
            "month": "2003-12",
            "price": "5.15",
            "revenue": 155788
        },
        "2004-01": {
            "month": "2004-01",
            "price": "6.41",
            "revenue": 170400
        },
        "2004-02": {
            "month": "2004-02",
            "price": "9.71",
            "revenue": 206455
        },
        "2004-03": {
            "month": "2004-03",
            "price": "8.75",
            "revenue": 180127
        },
        "2004-04": {
            "month": "2004-04",
            "price": "8.34",
            "revenue": 144536
        },
        "2004-05": {
            "month": "2004-05",
            "price": "7.80",
            "revenue": 166688
        },
        "2004-06": {
            "month": "2004-06",
            "price": "7.26",
            "revenue": 195213
        },
        "2004-07": {
            "month": "2004-07",
            "price": "6.33",
            "revenue": 276689
        },
        "2004-08": {
            "month": "2004-08",
            "price": "5.42",
            "revenue": 194037
        },
        "2004-09": {
            "month": "2004-09",
            "price": "5.53",
            "revenue": 213584
        },
        "2004-10": {
            "month": "2004-10",
            "price": "5.42",
            "revenue": 179434
        },
        "2004-11": {
            "month": "2004-11",
            "price": "5.28",
            "revenue": 171071
        },
        "2004-12": {
            "month": "2004-12",
            "price": "5.31",
            "revenue": 155328
        },
        "2005-01": {
            "month": "2005-01",
            "price": "7.25",
            "revenue": 135684
        },
        "2005-02": {
            "month": "2005-02",
            "price": "6.77",
            "revenue": 154711
        },
        "2005-03": {
            "month": "2005-03",
            "price": "6.52",
            "revenue": 164450
        },
        "2005-04": {
            "month": "2005-04",
            "price": "5.16",
            "revenue": 177951
        },
        "2005-05": {
            "month": "2005-05",
            "price": "4.88",
            "revenue": 146939
        },
        "2005-06": {
            "month": "2005-06",
            "price": "5.83",
            "revenue": 143717
        },
        "2005-07": {
            "month": "2005-07",
            "price": "5.92",
            "revenue": 145198
        },
        "2005-08": {
            "month": "2005-08",
            "price": "5.34",
            "revenue": 130529
        },
        "2005-09": {
            "month": "2005-09",
            "price": "4.83",
            "revenue": 126036
        },
        "2005-10": {
            "month": "2005-10",
            "price": "4.35",
            "revenue": 101203
        },
        "2005-11": {
            "month": "2005-11",
            "price": "5.50",
            "revenue": 116543
        },
        "2005-12": {
            "month": "2005-12",
            "price": "5.43",
            "revenue": 105877
        },
        "2006-01": {
            "month": "2006-01",
            "price": "5.61",
            "revenue": 108518
        },
        "2006-02": {
            "month": "2006-02",
            "price": "5.13",
            "revenue": 72646
        },
        "2006-03": {
            "month": "2006-03",
            "price": "4.35",
            "revenue": 147677
        },
        "2006-04": {
            "month": "2006-04",
            "price": "4.85",
            "revenue": 159206
        },
        "2006-05": {
            "month": "2006-05",
            "price": "7.58",
            "revenue": 172913
        },
        "2006-06": {
            "month": "2006-06",
            "price": "7.73",
            "revenue": 164408
        },
        "2006-07": {
            "month": "2006-07",
            "price": "7.51",
            "revenue": 110433
        },
        "2006-08": {
            "month": "2006-08",
            "price": "6.71",
            "revenue": 97646
        },
        "2006-09": {
            "month": "2006-09",
            "price": "5.99",
            "revenue": 78196
        },
        "2006-10": {
            "month": "2006-10",
            "price": "6.68",
            "revenue": 71192
        },
        "2006-11": {
            "month": "2006-11",
            "price": "7.40",
            "revenue": 64510
        },
        "2006-12": {
            "month": "2006-12",
            "price": "7.99",
            "revenue": 86344
        },
        "2007-01": {
            "month": "2007-01",
            "price": "6.90",
            "revenue": 32083
        },
        "2007-02": {
            "month": "2007-02",
            "price": "6.82",
            "revenue": 20601
        },
        "2007-03": {
            "month": "2007-03",
            "price": "6.75",
            "revenue": 29792
        },
        "2007-04": {
            "month": "2007-04",
            "price": "7.29",
            "revenue": 26693
        },
        "2007-05": {
            "month": "2007-05",
            "price": "7.60",
            "revenue": 25689
        },
        "2007-06": {
            "month": "2007-06",
            "price": "10.98",
            "revenue": 35134
        },
        "2007-07": {
            "month": "2007-07",
            "price": "24.48",
            "revenue": 34275
        },
        "2007-08": {
            "month": "2007-08",
            "price": "19.12",
            "revenue": 37686
        },
        "2007-09": {
            "month": "2007-09",
            "price": "19.49",
            "revenue": 52447
        },
        "2007-10": {
            "month": "2007-10",
            "price": "19.92",
            "revenue": 49768
        },
        "2007-11": {
            "month": "2007-11",
            "price": "16.18",
            "revenue": 42511
        },
        "2007-12": {
            "month": "2007-12",
            "price": "15.17",
            "revenue": 46366
        },
        "2008-01": {
            "month": "2008-01",
            "price": "16.36",
            "revenue": 73239
        },
        "2008-02": {
            "month": "2008-02",
            "price": "23.31",
            "revenue": 36467
        },
        "2008-03": {
            "month": "2008-03",
            "price": "28.09",
            "revenue": 52904
        },
        "2008-04": {
            "month": "2008-04",
            "price": "28.02",
            "revenue": 42979
        },
        "2008-05": {
            "month": "2008-05",
            "price": "26.74",
            "revenue": 49018
        },
        "2008-06": {
            "month": "2008-06",
            "price": "20.23",
            "revenue": 36657
        },
        "2008-07": {
            "month": "2008-07",
            "price": "16.74",
            "revenue": 76786
        },
        "2008-08": {
            "month": "2008-08",
            "price": "16.35",
            "revenue": 60176
        },
        "2008-09": {
            "month": "2008-09",
            "price": "12.12",
            "revenue": 83008
        },
        "2008-10": {
            "month": "2008-10",
            "price": "9.66",
            "revenue": 62011
        },
        "2008-11": {
            "month": "2008-11",
            "price": "11.05",
            "revenue": 54846
        },
        "2008-12": {
            "month": "2008-12",
            "price": "11.84",
            "revenue": 53036
        },
        "2009-01": {
            "month": "2009-01",
            "price": "11.63",
            "revenue": 44444
        },
        "2009-02": {
            "month": "2009-02",
            "price": "10.81",
            "revenue": 29579
        },
        "2009-03": {
            "month": "2009-03",
            "price": "11.55",
            "revenue": 52015
        },
        "2009-04": {
            "month": "2009-04",
            "price": "14.61",
            "revenue": 36319
        },
        "2009-05": {
            "month": "2009-05",
            "price": "16.29",
            "revenue": 36376
        },
        "2009-06": {
            "month": "2009-06",
            "price": "18.48",
            "revenue": 71747
        },
        "2009-07": {
            "month": "2009-07",
            "price": "17.97",
            "revenue": 56694
        },
        "2009-08": {
            "month": "2009-08",
            "price": "15.05",
            "revenue": 74995
        },
        "2009-09": {
            "month": "2009-09",
            "price": "14.87",
            "revenue": 81592
        },
        "2009-10": {
            "month": "2009-10",
            "price": "20.32",
            "revenue": 47932
        },
        "2009-11": {
            "month": "2009-11",
            "price": "19.32",
            "revenue": 48287
        },
        "2009-12": {
            "month": "2009-12",
            "price": "20.05",
            "revenue": 56854
        },
        "2010-01": {
            "month": "2010-01",
            "price": "20.33",
            "revenue": 73653
        },
        "2010-02": {
            "month": "2010-02",
            "price": "16.61",
            "revenue": 77494
        },
        "2010-03": {
            "month": "2010-03",
            "price": "17.50",
            "revenue": 104558
        },
        "2010-04": {
            "month": "2010-04",
            "price": "19.03",
            "revenue": 111710
        },
        "2010-05": {
            "month": "2010-05",
            "price": "17.01",
            "revenue": 87210
        },
        "2010-06": {
            "month": "2010-06",
            "price": "17.59",
            "revenue": 72197
        },
        "2010-07": {
            "month": "2010-07",
            "price": "18.80",
            "revenue": 117513
        },
        "2010-08": {
            "month": "2010-08",
            "price": "20.03",
            "revenue": 101748
        },
        "2010-09": {
            "month": "2010-09",
            "price": "19.55",
            "revenue": 65642
        },
        "2010-10": {
            "month": "2010-10",
            "price": "19.70",
            "revenue": 85013
        },
        "2010-11": {
            "month": "2010-11",
            "price": "19.74",
            "revenue": 56917
        },
        "2010-12": {
            "month": "2010-12",
            "price": "20.44",
            "revenue": 91108
        },
        "2011-01": {
            "month": "2011-01",
            "price": "21.12",
            "revenue": 67068
        },
        "2011-02": {
            "month": "2011-02",
            "price": "19.09",
            "revenue": 42303
        },
        "2011-03": {
            "month": "2011-03",
            "price": "17.13",
            "revenue": 105760
        },
        "2011-04": {
            "month": "2011-04",
            "price": "17.92",
            "revenue": 79947
        },
        "2011-05": {
            "month": "2011-05",
            "price": "17.58",
            "revenue": 71418
        },
        "2011-06": {
            "month": "2011-06",
            "price": "19.13",
            "revenue": 55000
        },
        "2011-07": {
            "month": "2011-07",
            "price": "20.07",
            "revenue": 88458
        },
        "2011-08": {
            "month": "2011-08",
            "price": "17.77",
            "revenue": 76527
        },
        "2011-09": {
            "month": "2011-09",
            "price": "16.30",
            "revenue": 97012
        },
        "2011-10": {
            "month": "2011-10",
            "price": "15.66",
            "revenue": 91778
        },
        "2011-11": {
            "month": "2011-11",
            "price": "14.49",
            "revenue": 58091
        },
        "2011-12": {
            "month": "2011-12",
            "price": "12.48",
            "revenue": 85449
        },
        "2012-01": {
            "month": "2012-01",
            "price": "13.09",
            "revenue": 67906
        },
        "2012-02": {
            "month": "2012-02",
            "price": "15.50",
            "revenue": 66335
        },
        "2012-03": {
            "month": "2012-03",
            "price": "16.40",
            "revenue": 86023
        },
        "2012-04": {
            "month": "2012-04",
            "price": "14.76",
            "revenue": 100972
        },
        "2012-05": {
            "month": "2012-05",
            "price": "14.61",
            "revenue": 98372
        },
        "2012-06": {
            "month": "2012-06",
            "price": "14.39",
            "revenue": 86811
        },
        "2012-07": {
            "month": "2012-07",
            "price": "14.43",
            "revenue": 72757
        },
        "2012-08": {
            "month": "2012-08",
            "price": "15.25",
            "revenue": 90135
        },
        "2012-09": {
            "month": "2012-09",
            "price": "15.99",
            "revenue": 79052
        },
        "2012-10": {
            "month": "2012-10",
            "price": "15.29",
            "revenue": 72171
        },
        "2012-11": {
            "month": "2012-11",
            "price": "15.01",
            "revenue": 169851
        },
        "2012-12": {
            "month": "2012-12",
            "price": "15.60",
            "revenue": 584235
        },
        "2013-01": {
            "month": "2013-01",
            "price": "16.24",
            "revenue": 117098
        },
        "2013-02": {
            "month": "2013-02",
            "price": "16.40",
            "revenue": 91832
        },
        "2013-03": {
            "month": "2013-03",
            "price": "16.68",
            "revenue": 139424
        },
        "2013-04": {
            "month": "2013-04",
            "price": "17.64",
            "revenue": 129527
        },
        "2013-05": {
            "month": "2013-05",
            "price": "18.02",
            "revenue": 129450
        },
        "2013-06": {
            "month": "2013-06",
            "price": "17.31",
            "revenue": 142705
        },
        "2013-07": {
            "month": "2013-07",
            "price": "18.05",
            "revenue": 158742
        },
        "2013-08": {
            "month": "2013-08",
            "price": "18.75",
            "revenue": 113941
        },
        "2013-09": {
            "month": "2013-09",
            "price": "18.66",
            "revenue": 177212
        },
        "2013-10": {
            "month": "2013-10",
            "price": "22.98",
            "revenue": 153089
        },
        "2013-11": {
            "month": "2013-11",
            "price": "22.89",
            "revenue": 178857
        },
        "2013-12": {
            "month": "2013-12",
            "price": "24.16",
            "revenue": 242792
        },
        "2014-01": {
            "month": "2014-01",
            "price": "27.30",
            "revenue": 151282
        },
        "2014-02": {
            "month": "2014-02",
            "price": "27.87",
            "revenue": 130227
        },
        "2014-03": {
            "month": "2014-03",
            "price": "24.82",
            "revenue": 142477
        },
        "2014-04": {
            "month": "2014-04",
            "price": "22.12",
            "revenue": 197569
        },
        "2014-05": {
            "month": "2014-05",
            "price": "19.83",
            "revenue": 146367
        },
        "2014-06": {
            "month": "2014-06",
            "price": "19.98",
            "revenue": 186777
        },
        "2014-07": {
            "month": "2014-07",
            "price": "19.90",
            "revenue": 161706
        },
        "2014-08": {
            "month": "2014-08",
            "price": "19.32",
            "revenue": 175235
        },
        "2014-09": {
            "month": "2014-09",
            "price": "18.68",
            "revenue": 145902
        },
        "2014-10": {
            "month": "2014-10",
            "price": "16.45",
            "revenue": 146102
        },
        "2014-11": {
            "month": "2014-11",
            "price": "16.30",
            "revenue": 127067
        },
        "2014-12": {
            "month": "2014-12",
            "price": "17.04",
            "revenue": 171749
        },
        "2015-01": {
            "month": "2015-01",
            "price": "17.92",
            "revenue": 95226
        },
        "2015-02": {
            "month": "2015-02",
            "price": "17.54",
            "revenue": 101895
        },
        "2015-03": {
            "month": "2015-03",
            "price": "17.44",
            "revenue": 97955
        },
        "2015-04": {
            "month": "2015-04",
            "price": "17.15",
            "revenue": 89889
        },
        "2015-05": {
            "month": "2015-05",
            "price": "16.87",
            "revenue": 80290
        },
        "2015-06": {
            "month": "2015-06",
            "price": "16.24",
            "revenue": 89199
        },
        "2015-07": {
            "month": "2015-07",
            "price": "14.85",
            "revenue": 66608
        },
        "2015-08": {
            "month": "2015-08",
            "price": "13.47",
            "revenue": 65060
        },
        "2015-09": {
            "month": "2015-09",
            "price": "13.92",
            "revenue": 60342
        },
        "2015-10": {
            "month": "2015-10",
            "price": "14.60",
            "revenue": 58283
        },
        "2015-11": {
            "month": "2015-11",
            "price": "13.84",
            "revenue": 59282
        },
        "2015-12": {
            "month": "2015-12",
            "price": "14.00",
            "revenue": 72217
        },
        "2016-01": {
            "month": "2016-01",
            "price": "13.70",
            "revenue": 62396
        },
        "2016-02": {
            "month": "2016-02",
            "price": "13.92",
            "revenue": 51912
        },
        "2016-03": {
            "month": "2016-03",
            "price": "14.68",
            "revenue": 60762
        },
        "2016-04": {
            "month": "2016-04",
            "price": "14.75",
            "revenue": 69786
        },
        "2016-05": {
            "month": "2016-05",
            "price": "14.74",
            "revenue": 78938
        },
        "2016-06": {
            "month": "2016-06",
            "price": "15.16",
            "revenue": 79026
        },
        "2016-07": {
            "month": "2016-07",
            "price": "15.42",
            "revenue": 57922
        },
        "2016-08": {
            "month": "2016-08",
            "price": "15.93",
            "revenue": 26860
        },
        "2016-09": {
            "month": "2016-09",
            "price": "14.84",
            "revenue": 26026
        },
        "2016-10": {
            "month": "2016-10",
            "price": "14.14",
            "revenue": 27742
        },
        "2016-11": {
            "month": "2016-11",
            "price": "13.98",
            "revenue": 30732
        },
        "2016-12": {
            "month": "2016-12",
            "price": "14.16",
            "revenue": 38670
        },
        "2017-01": {
            "month": "2017-01",
            "price": "14.21",
            "revenue": 1917541
        },
        "2017-02": {
            "month": "2017-02",
            "price": "15.68",
            "revenue": 34853
        },
        "2017-03": {
            "month": "2017-03",
            "price": "16.20",
            "revenue": 36226
        },
        "2017-04": {
            "month": "2017-04",
            "price": "16.51",
            "revenue": 47644
        },
        "2017-05": {
            "month": "2017-05",
            "price": "16.88",
            "revenue": 52894
        },
        "2017-06": {
            "month": "2017-06",
            "price": "16.63",
            "revenue": 18464
        },
        "2017-07": {
            "month": "2017-07",
            "price": "16.35",
            "revenue": 21195
        },
        "2017-08": {
            "month": "2017-08",
            "price": "16.31",
            "revenue": 22863
        },
        "2017-09": {
            "month": "2017-09",
            "price": "16.07",
            "revenue": 38599
        },
        "2017-10": {
            "month": "2017-10",
            "price": "16.05",
            "revenue": 20072
        },
        "2017-11": {
            "month": "2017-11",
            "price": "15.53",
            "revenue": 21212
        },
        "2017-12": {
            "month": "2017-12",
            "price": "15.30",
            "revenue": 20358
        },
        "2018-01": {
            "month": "2018-01",
            "price": "15.45",
            "revenue": 21601
        },
        "2018-02": {
            "month": "2018-02",
            "price": "14.70",
            "revenue": 21538
        },
        "2018-03": {
            "month": "2018-03",
            "price": "14.77",
            "revenue": 20578
        },
        "2018-04": {
            "month": "2018-04",
            "price": "15.19",
            "revenue": 22261
        },
        "2018-05": {
            "month": "2018-05",
            "price": "15.38",
            "revenue": 20382
        },
        "2018-06": {
            "month": "2018-06",
            "price": "15.08",
            "revenue": 18659
        },
        "2018-07": {
            "month": "2018-07",
            "price": "15.00",
            "revenue": 20713
        },
        "2018-08": {
            "month": "2018-08",
            "price": "15.50",
            "revenue": 20274
        },
        "2018-09": {
            "month": "2018-09",
            "price": "15.39",
            "revenue": 22087
        },
        "2018-10": {
            "month": "2018-10",
            "price": "15.34",
            "revenue": 22670
        },
        "2018-11": {
            "month": "2018-11",
            "price": "16.90",
            "revenue": 20379
        },
        "2018-12": {
            "month": "2018-12",
            "price": "16.77",
            "revenue": 23094
        },
        "2019-01": {
            "month": "2019-01",
            "price": "15.50",
            "revenue": 21914
        },
        "2019-02": {
            "month": "2019-02",
            "price": "15.90",
            "revenue": 27325
        },
        "2019-03": {
            "month": "2019-03",
            "price": "15.88",
            "revenue": 25382
        },
        "2019-04": {
            "month": "2019-04",
            "price": "15.61",
            "revenue": 25860
        },
        "2019-05": {
            "month": "2019-05",
            "price": "16.30",
            "revenue": 22586
        },
        "2019-06": {
            "month": "2019-06",
            "price": "16.33",
            "revenue": 25898
        },
        "2019-07": {
            "month": "2019-07",
            "price": "16.26",
            "revenue": 27219
        },
        "2019-08": {
            "month": "2019-08",
            "price": "15.65",
            "revenue": 23583
        },
        "2019-09": {
            "month": "2019-09",
            "price": "16.26",
            "revenue": 23220
        },
        "2019-10": {
            "month": "2019-10",
            "price": "16.81",
            "revenue": 28101
        },
        "2019-11": {
            "month": "2019-11",
            "price": "16.42",
            "revenue": 23165
        },
        "2019-12": {
            "month": "2019-12",
            "price": "16.29",
            "revenue": 24745
        },
        "2020-01": {
            "month": "2020-01",
            "price": "16.24",
            "revenue": 23884
        },
        "2020-02": {
            "month": "2020-02",
            "price": "15.84",
            "revenue": 20758
        },
        "2020-03": {
            "month": "2020-03",
            "price": "13.58",
            "revenue": 22465
        },
        "2020-04": {
            "month": "2020-04",
            "price": "13.58",
            "revenue": 21521
        },
        "2020-05": {
            "month": "2020-05",
            "price": "14.32",
            "revenue": 24625
        },
        "2020-06": {
            "month": "2020-06",
            "price": "15.54",
            "revenue": 28237
        },
        "2020-07": {
            "month": "2020-07",
            "price": "16.31",
            "revenue": 27494
        },
        "2020-08": {
            "month": "2020-08",
            "price": "16.66",
            "revenue": 31400
        },
        "2020-09": {
            "month": "2020-09",
            "price": "16.74",
            "revenue": 26106
        },
        "2020-10": {
            "month": "2020-10",
            "price": "17.03",
            "revenue": 31966
        },
        "2020-11": {
            "month": "2020-11",
            "price": "17.01",
            "revenue": 27871
        },
        "2020-12": {
            "month": "2020-12",
            "price": "17.26",
            "revenue": 25438
        },
        "2021-01": {
            "month": "2021-01",
            "price": "17.17",
            "revenue": 31374
        },
        "2021-02": {
            "month": "2021-02",
            "price": "16.63",
            "revenue": 29450
        },
        "2021-03": {
            "month": "2021-03",
            "price": "17.13",
            "revenue": 30533
        },
        "2021-04": {
            "month": "2021-04",
            "price": "19.57",
            "revenue": 34433
        },
        "2021-05": {
            "month": "2021-05",
            "price": "19.51",
            "revenue": 30918
        },
        "2021-06": {
            "month": "2021-06",
            "price": "20.75",
            "revenue": 12555
        },
        "2021-07": {
            "month": "2021-07",
            "price": "20.70",
            "revenue": 37123
        },
        "2021-08": {
            "month": "2021-08",
            "price": "20.03",
            "revenue": 32359
        },
        "2021-09": {
            "month": "2021-09",
            "price": "20.46",
            "revenue": 31139
        },
        "2021-10": {
            "month": "2021-10",
            "price": "20.84",
            "revenue": 31176
        },
        "2021-11": {
            "month": "2021-11",
            "price": "20.34",
            "revenue": 33938
        },
        "2021-12": {
            "month": "2021-12",
            "price": "19.66",
            "revenue": 34206
        },
        "2022-01": {
            "month": "2022-01",
            "price": "20.88",
            "revenue": 37578
        },
        "2022-02": {
            "month": "2022-02",
            "price": "21.56",
            "revenue": 30504
        },
        "2022-03": {
            "month": "2022-03",
            "price": "19.69",
            "revenue": 28667
        },
        "2022-04": {
            "month": "2022-04",
            "price": "19.86",
            "revenue": 29342
        },
        "2022-05": {
            "month": "2022-05",
            "price": "18.52",
            "revenue": 26744
        },
        "2022-06": {
            "month": "2022-06",
            "price": "19.18",
            "revenue": 23752
        },
        "2022-07": {
            "month": "2022-07",
            "price": "18.98",
            "revenue": 36201
        },
        "2022-08": {
            "month": "2022-08",
            "price": "19.18",
            "revenue": 43381
        },
        "2022-09": {
            "month": "2022-09",
            "price": "20.61",
            "revenue": 28483
        },
        "2022-10": {
            "month": "2022-10",
            "price": "20.60",
            "revenue": 28358
        },
        "2022-11": {
            "month": "2022-11",
            "price": "22.50",
            "revenue": 30874
        },
        "2022-12": {
            "month": "2022-12",
            "price": "22.37",
            "revenue": 33103
        },
        "2023-01": {
            "month": "2023-01",
            "price": "21.32",
            "revenue": 35447
        },
        "2023-02": {
            "month": "2023-02",
            "price": "21.65",
            "revenue": 30407
        },
        "2023-03": {
            "month": "2023-03",
            "price": "21.85",
            "revenue": 31898
        },
        "2023-04": {
            "month": "2023-04",
            "price": "22.55",
            "revenue": 30099
        },
        "2023-05": {
            "month": "2023-05",
            "price": "22.75",
            "revenue": 28275
        }
    }
}
