{
    "summary": {
        "stock_name": "潤泰全",
        "stock_id": "2915",
        "category": "貿易百貨",
        "main_business": "天然棉．纖維．紡織品之製造加工染整印花營銷及進出口貿易業務<br>農畜水產品．雜貨．衣著．建材．家具及裝飾品之批發及零售業務<br>委託營造商興建國民住宅．商業大樓出租．出售業務",
        "website_url": "http://www.ruentex.com.tw",
        "ceo": "徐志漳",
        "pe_ratio": 8,
        "report_year_from": 2001,
        "report_year_to": 2023,
        "age": 22,
        "eps_negative_percentage": 4,
        "eps_growth_avg": {
            "last_all": 19.99,
            "last_2y": 15.43,
            "last_4y": 12.68,
            "last_8y": 7.18,
            "last_12y": 30.58,
            "last_16y": 28.37,
            "last_20y": 19.99,
            "at_2006_last_3y": 39.16,
            "at_2007_last_3y": 34.17,
            "at_2008_last_3y": 38.02,
            "at_2009_last_3y": 21.18,
            "at_2010_last_3y": 21.18,
            "at_2011_last_3y": 41.38,
            "at_2012_last_3y": 66.39,
            "at_2013_last_3y": 83.23,
            "at_2014_last_3y": 37.28,
            "at_2015_last_3y": 14.03,
            "at_2016_last_3y": 5.33,
            "at_2017_last_3y": 0.29,
            "at_2018_last_3y": 16.27,
            "at_2019_last_3y": 23.77,
            "at_2020_last_3y": 21.69,
            "at_2021_last_3y": 22.03,
            "at_2022_last_3y": 20.83,
            "at_2023_last_3y": 20.83,
            "at_2006_last_all": 4.37,
            "at_2007_last_all": 7.34,
            "at_2008_last_all": -5.07,
            "at_2009_last_all": 0.32,
            "at_2010_last_all": 12.78,
            "at_2011_last_all": 22.47,
            "at_2012_last_all": 23.51,
            "at_2013_last_all": 30.47,
            "at_2014_last_all": 20.94,
            "at_2015_last_all": 19.87,
            "at_2016_last_all": 18.32,
            "at_2017_last_all": 22.42,
            "at_2018_last_all": 19.77,
            "at_2019_last_all": 20.79,
            "at_2020_last_all": 19.07,
            "at_2021_last_all": 22.34,
            "at_2022_last_all": 19.99,
            "at_2023_last_all": 19.99
        },
        "latest_eps": 7.54,
        "latest_price": 59.8,
        "latest_roe": 10.5,
        "latest_gross_margin": 30.5,
        "latest_equity": 90289800,
        "latest_revenue": 750176,
        "latest_gross_profit": 228821,
        "latest_net_income": 143824,
        "latest_debt_ratio": 18.01,
        "latest_current_ratio": 224.95,
        "latest_account_receivable_turnover_ratio": 3.52,
        "latest_inventory_turnover_ratio": 1,
        "latest_reinvestment_rate": 74.49,
        "latest_research_to_sale_ratio": null
    },
    "eps_dividends": {
        "1992": {
            "cash": 0,
            "stock": 0.7,
            "eps": 0
        },
        "1995": {
            "cash": 0.6,
            "stock": 0.4,
            "eps": 0
        },
        "1996": {
            "cash": 0,
            "stock": 0.6,
            "eps": 0
        },
        "1997": {
            "cash": 0,
            "stock": 2,
            "eps": 0
        },
        "1998": {
            "cash": 0,
            "stock": 2,
            "eps": 0
        },
        "1999": {
            "cash": 0.5,
            "stock": 0.5,
            "eps": 0
        },
        "2001": {
            "cash": 0,
            "stock": 0,
            "eps": 0.92
        },
        "2002": {
            "cash": 0,
            "stock": 0,
            "eps": -0.42
        },
        "2003": {
            "cash": 0,
            "stock": 0,
            "eps": 1.03
        },
        "2004": {
            "cash": 0,
            "stock": 0,
            "eps": 0.18
        },
        "2005": {
            "cash": 0,
            "stock": 0,
            "eps": 0.56
        },
        "2006": {
            "cash": 0.3,
            "stock": 0,
            "eps": 1.25
        },
        "2007": {
            "cash": 1.07,
            "stock": 0,
            "eps": 1.49
        },
        "2008": {
            "cash": 1.01,
            "stock": 0,
            "eps": 0.49
        },
        "2009": {
            "cash": 0,
            "stock": 0,
            "eps": 0.65
        },
        "2010": {
            "cash": 1.3,
            "stock": 0,
            "eps": 1.61
        },
        "2011": {
            "cash": 2.3,
            "stock": 0,
            "eps": 3.25
        },
        "2012": {
            "cash": 0,
            "stock": 0,
            "eps": 4.32
        },
        "2013": {
            "cash": 3,
            "stock": 0,
            "eps": 49.29
        },
        "2014": {
            "cash": 5,
            "stock": 0,
            "eps": 7.98
        },
        "2015": {
            "cash": 6,
            "stock": 0,
            "eps": 8.54
        },
        "2016": {
            "cash": 1.6,
            "stock": 0,
            "eps": 8.38
        },
        "2017": {
            "cash": 0.79,
            "stock": 0,
            "eps": 15.07
        },
        "2018": {
            "cash": 4,
            "stock": 0,
            "eps": 12.07
        },
        "2019": {
            "cash": 5.5,
            "stock": 0,
            "eps": 16.54
        },
        "2020": {
            "cash": 5,
            "stock": 0,
            "eps": 14.85
        },
        "2021": {
            "cash": 2,
            "stock": 3,
            "eps": 26.91
        },
        "2022": {
            "cash": 5,
            "stock": 0,
            "eps": 20.26
        },
        "2023": {
            "cash": 2,
            "stock": 0,
            "eps": 0.14
        }
    },
    "dividends": {
        "1992-04-24": {
            "cash": 0,
            "stock": 0.7
        },
        "1995-05-31": {
            "cash": 0.6,
            "stock": 0.4
        },
        "1996-06-05": {
            "cash": 0,
            "stock": 0.6
        },
        "1997-04-08": {
            "cash": 0,
            "stock": 2
        },
        "1998-05-08": {
            "cash": 0,
            "stock": 2
        },
        "1999-06-10": {
            "cash": 0.5,
            "stock": 0.5
        },
        "2006-04-13": {
            "cash": 0.3,
            "stock": 0
        },
        "2007-04-27": {
            "cash": 1.07,
            "stock": 0
        },
        "2008-04-15": {
            "cash": 1.01,
            "stock": 0
        },
        "2010-04-20": {
            "cash": 1.3,
            "stock": 0
        },
        "2011-01-01": {
            "cash": 1,
            "stock": 0
        },
        "2011-04-19": {
            "cash": 1.3,
            "stock": 0
        },
        "2013-03-26": {
            "cash": 3,
            "stock": 0
        },
        "2014-08-29": {
            "cash": 5,
            "stock": 0
        },
        "2015-09-10": {
            "cash": 6,
            "stock": 0
        },
        "2016-09-08": {
            "cash": 1.6,
            "stock": 0
        },
        "2017-08-30": {
            "cash": 0.79,
            "stock": 0
        },
        "2018-08-30": {
            "cash": 4,
            "stock": 0
        },
        "2019-08-01": {
            "cash": 5.5,
            "stock": 0
        },
        "2020-08-10": {
            "cash": 5,
            "stock": 0
        },
        "2021-08-20": {
            "cash": 2,
            "stock": 3
        },
        "2022-08-29": {
            "cash": 5,
            "stock": 0
        },
        "2023-03-14": {
            "cash": 2,
            "stock": 0
        }
    },
    "prices": {
        "200101": "無",
        "200102": "無",
        "200103": "無",
        "200104": "無",
        "200105": "無",
        "200106": "無",
        "200107": "無",
        "200108": "無",
        "200109": "無",
        "200110": "無",
        "200111": "無",
        "200112": "無",
        "200201": "無",
        "200202": "無",
        "200203": "無",
        "200204": "無",
        "200205": "無",
        "200206": "無",
        "200207": "無",
        "200208": "無",
        "200209": "無",
        "200210": "無",
        "200211": "無",
        "200212": "無",
        "200301": "15.85",
        "200302": "15.47",
        "200303": "14.99",
        "200304": "14.75",
        "200305": "14.19",
        "200306": "14.70",
        "200307": "14.82",
        "200308": "13.88",
        "200309": "13.73",
        "200310": "14.00",
        "200311": "15.17",
        "200312": "15.22",
        "200401": "14.59",
        "200402": "14.09",
        "200403": "13.15",
        "200404": "12.36",
        "200405": "12.12",
        "200406": "12.72",
        "200407": "11.75",
        "200408": "11.51",
        "200409": "11.45",
        "200410": "12.34",
        "200411": "13.20",
        "200412": "14.17",
        "200501": "14.90",
        "200502": "15.18",
        "200503": "15.36",
        "200504": "14.16",
        "200505": "13.00",
        "200506": "12.70",
        "200507": "12.27",
        "200508": "11.71",
        "200509": "12.06",
        "200510": "11.69",
        "200511": "11.78",
        "200512": "12.09",
        "200601": "11.48",
        "200602": "11.28",
        "200603": "10.95",
        "200604": "10.92",
        "200605": "13.64",
        "200606": "14.95",
        "200607": "15.88",
        "200608": "15.24",
        "200609": "15.09",
        "200610": "18.03",
        "200611": "18.05",
        "200612": "21.89",
        "200701": "23.57",
        "200702": "22.80",
        "200703": "21.47",
        "200704": "23.50",
        "200705": "20.42",
        "200706": "20.96",
        "200707": "24.08",
        "200708": "28.02",
        "200709": "27.60",
        "200710": "28.80",
        "200711": "26.95",
        "200712": "25.01",
        "200801": "26.96",
        "200802": "27.79",
        "200803": "28.12",
        "200804": "30.77",
        "200805": "31.12",
        "200806": "27.61",
        "200807": "26.22",
        "200808": "25.32",
        "200809": "19.42",
        "200810": "15.60",
        "200811": "16.05",
        "200812": "18.34",
        "200901": "18.51",
        "200902": "19.30",
        "200903": "23.47",
        "200904": "26.35",
        "200905": "31.62",
        "200906": "32.71",
        "200907": "39.57",
        "200908": "37.53",
        "200909": "41.09",
        "200910": "50.89",
        "200911": "55.00",
        "200912": "55.23",
        "201001": "57.18",
        "201002": "52.65",
        "201003": "61.83",
        "201004": "78.80",
        "201005": "72.25",
        "201006": "82.75",
        "201007": "90.40",
        "201008": "98.14",
        "201009": "98.00",
        "201010": "89.52",
        "201011": "93.00",
        "201012": "91.45",
        "201101": "75.78",
        "201102": "68.14",
        "201103": "76.57",
        "201104": "83.00",
        "201105": "76.26",
        "201106": "71.00",
        "201107": "70.81",
        "201108": "55.88",
        "201109": "53.39",
        "201110": "54.14",
        "201111": "55.11",
        "201112": "48.85",
        "201201": "51.80",
        "201202": "57.84",
        "201203": "57.23",
        "201204": "54.68",
        "201205": "49.45",
        "201206": "47.77",
        "201207": "52.58",
        "201208": "58.75",
        "201209": "65.28",
        "201210": "71.10",
        "201211": "68.61",
        "201212": "70.63",
        "201301": "74.98",
        "201302": "74.19",
        "201303": "71.31",
        "201304": "68.46",
        "201305": "70.48",
        "201306": "67.65",
        "201307": "67.62",
        "201308": "72.71",
        "201309": "78.55",
        "201310": "75.67",
        "201311": "78.13",
        "201312": "78.23",
        "201401": "74.94",
        "201402": "71.69",
        "201403": "70.04",
        "201404": "73.21",
        "201405": "72.04",
        "201406": "75.21",
        "201407": "76.80",
        "201408": "72.95",
        "201409": "71.16",
        "201410": "65.22",
        "201411": "62.72",
        "201412": "64.52",
        "201501": "66.87",
        "201502": "67.98",
        "201503": "66.76",
        "201504": "73.60",
        "201505": "73.70",
        "201506": "68.81",
        "201507": "67.37",
        "201508": "57.30",
        "201509": "54.83",
        "201510": "59.73",
        "201511": "59.98",
        "201512": "63.94",
        "201601": "55.40",
        "201602": "57.62",
        "201603": "58.30",
        "201604": "46.74",
        "201605": "44.48",
        "201606": "47.18",
        "201607": "50.37",
        "201608": "51.38",
        "201609": "49.36",
        "201610": "49.28",
        "201611": "52.37",
        "201612": "55.60",
        "201701": "55.77",
        "201702": "59.03",
        "201703": "55.73",
        "201704": "47.92",
        "201705": "46.46",
        "201706": "44.48",
        "201707": "44.92",
        "201708": "46.37",
        "201709": "46.62",
        "201710": "46.72",
        "201711": "50.87",
        "201712": "48.72",
        "201801": "52.05",
        "201802": "49.72",
        "201803": "55.88",
        "201804": "57.92",
        "201805": "59.87",
        "201806": "63.00",
        "201807": "61.41",
        "201808": "61.35",
        "201809": "58.71",
        "201810": "61.71",
        "201811": "81.42",
        "201812": "83.12",
        "201901": "80.83",
        "201902": "81.95",
        "201903": "80.95",
        "201904": "77.08",
        "201905": "70.35",
        "201906": "72.87",
        "201907": "69.03",
        "201908": "67.20",
        "201909": "69.68",
        "201910": "71.06",
        "201911": "75.61",
        "201912": "73.82",
        "202001": "71.51",
        "202002": "67.79",
        "202003": "66.75",
        "202004": "67.43",
        "202005": "67.38",
        "202006": "68.92",
        "202007": "68.12",
        "202008": "66.13",
        "202009": "66.39",
        "202010": "65.71",
        "202011": "68.05",
        "202012": "69.28",
        "202101": "69.39",
        "202102": "71.37",
        "202103": "79.34",
        "202104": "81.83",
        "202105": "83.17",
        "202106": "84.48",
        "202107": "96.03",
        "202108": "98.45",
        "202109": "127.70",
        "202110": "94.02",
        "202111": "104.94",
        "202112": "95.85",
        "202201": "98.96",
        "202202": "106.01",
        "202203": "111.98",
        "202204": "109.11",
        "202205": "89.61",
        "202206": "82.40",
        "202207": "73.44",
        "202208": "65.15",
        "202209": "54.30",
        "202210": "52.15",
        "202211": "63.16",
        "202212": "67.55",
        "202301": "64.28",
        "202302": "67.18",
        "202303": "61.05",
        "202304": "57.36",
        "202305": "56.83",
        "202306": "60.07"
    },
    "quarters": {
        "20011": {
            "year_quarter": 20011,
            "year": 2001,
            "quarter": 1,
            "eps": 1.44,
            "eps_growth_year": 396.55,
            "eps_4q": 0.67,
            "eps_4q_growth_year": null,
            "roe": 15.31,
            "roe_4q": 15.31,
            "gross_profit": 433091,
            "gross_margin": 18.04,
            "gross_margin_4q_avg": 18.04,
            "net_income": 1132662,
            "revenue": 2400658,
            "common_shares": 7880511,
            "book_valuer_per_share": 10.6,
            "book_valuer_per_share_4q_avg": 10.6,
            "equity": 8350594,
            "current_ratio": 92.38,
            "debt_ratio": 61.22,
            "inventory_turnover_ratio": 0.54,
            "account_receivable_turnover_ratio": null,
            "reinvestment_rate": null,
            "research_to_sale_ratio": null,
            "price_fair": 0,
            "eps_avg_yearly": 0,
            "eps_latest_yearly": 0,
            "eps_growth_yearly": 0
        },
        "20012": {
            "year_quarter": 20012,
            "year": 2001,
            "quarter": 2,
            "eps": 0.39,
            "eps_growth_year": null,
            "eps_4q": 1.68,
            "eps_4q_growth_year": null,
            "roe": 3.63,
            "roe_4q": 18.94,
            "gross_profit": 384367,
            "gross_margin": 16.38,
            "gross_margin_4q_avg": 17.21,
            "net_income": 309170,
            "revenue": 2346359,
            "common_shares": 7880511,
            "book_valuer_per_share": 10.99,
            "book_valuer_per_share_4q_avg": 10.8,
            "equity": 8663206,
            "current_ratio": 76.69,
            "debt_ratio": 60.97,
            "inventory_turnover_ratio": 0.54,
            "account_receivable_turnover_ratio": null,
            "reinvestment_rate": null,
            "research_to_sale_ratio": null,
            "price_fair": 0,
            "eps_avg_yearly": 0,
            "eps_latest_yearly": 0,
            "eps_growth_yearly": 0
        },
        "20013": {
            "year_quarter": 20013,
            "year": 2001,
            "quarter": 3,
            "eps": -0.13,
            "eps_growth_year": null,
            "eps_4q": 1.96,
            "eps_4q_growth_year": null,
            "roe": -1.24,
            "roe_4q": 17.7,
            "gross_profit": 397172,
            "gross_margin": 17.83,
            "gross_margin_4q_avg": 17.42,
            "net_income": -106092,
            "revenue": 2228054,
            "common_shares": 7880511,
            "book_valuer_per_share": 10.67,
            "book_valuer_per_share_4q_avg": 10.75,
            "equity": 8410467,
            "current_ratio": 68.27,
            "debt_ratio": 61.3,
            "inventory_turnover_ratio": 0.52,
            "account_receivable_turnover_ratio": null,
            "reinvestment_rate": null,
            "research_to_sale_ratio": null,
            "price_fair": 0,
            "eps_avg_yearly": 0,
            "eps_latest_yearly": 0,
            "eps_growth_yearly": 0
        },
        "20014": {
            "year_quarter": 20014,
            "year": 2001,
            "quarter": 4,
            "eps": -0.78,
            "eps_growth_year": -388.89,
            "eps_4q": 0.92,
            "eps_4q_growth_year": null,
            "roe": -7.63,
            "roe_4q": 10.07,
            "gross_profit": 218089,
            "gross_margin": 10.55,
            "gross_margin_4q_avg": 15.7,
            "net_income": -611188,
            "revenue": 2067143,
            "common_shares": 7880511,
            "book_valuer_per_share": 9.66,
            "book_valuer_per_share_4q_avg": 10.48,
            "equity": 7616417,
            "current_ratio": 61.12,
            "debt_ratio": 64.7,
            "inventory_turnover_ratio": 0.61,
            "account_receivable_turnover_ratio": null,
            "reinvestment_rate": null,
            "research_to_sale_ratio": null,
            "price_fair": 0,
            "eps_avg_yearly": 0,
            "eps_latest_yearly": 0,
            "eps_growth_yearly": 0
        },
        "20021": {
            "year_quarter": 20021,
            "year": 2002,
            "quarter": 1,
            "eps": 0.16,
            "eps_growth_year": -88.89,
            "eps_4q": -0.48,
            "eps_4q_growth_year": -172.25,
            "roe": 1.48,
            "roe_4q": -3.7600000000000007,
            "gross_profit": 323368,
            "gross_margin": 16.1,
            "gross_margin_4q_avg": 15.22,
            "net_income": 101289,
            "revenue": 2008300,
            "common_shares": 7880511,
            "book_valuer_per_share": 7.72,
            "book_valuer_per_share_4q_avg": 9.76,
            "equity": 6087264,
            "current_ratio": 73.19,
            "debt_ratio": 67.86,
            "inventory_turnover_ratio": 0.65,
            "account_receivable_turnover_ratio": null,
            "reinvestment_rate": null,
            "research_to_sale_ratio": null,
            "price_fair": 0,
            "eps_avg_yearly": 0,
            "eps_latest_yearly": 0,
            "eps_growth_yearly": 0
        },
        "20022": {
            "year_quarter": 20022,
            "year": 2002,
            "quarter": 2,
            "eps": 0.05,
            "eps_growth_year": -87.18,
            "eps_4q": -0.92,
            "eps_4q_growth_year": -154.76,
            "roe": 0.51,
            "roe_4q": -6.88,
            "gross_profit": 291556,
            "gross_margin": 13.88,
            "gross_margin_4q_avg": 14.59,
            "net_income": 31716,
            "revenue": 2100909,
            "common_shares": 7880511,
            "book_valuer_per_share": 8.06,
            "book_valuer_per_share_4q_avg": 9.03,
            "equity": 6355500,
            "current_ratio": 67.12,
            "debt_ratio": 66.32,
            "inventory_turnover_ratio": 0.7,
            "account_receivable_turnover_ratio": null,
            "reinvestment_rate": null,
            "research_to_sale_ratio": null,
            "price_fair": 0.6,
            "eps_avg_yearly": 0.2,
            "eps_latest_yearly": 0.2,
            "eps_growth_yearly": -275
        },
        "20023": {
            "year_quarter": 20023,
            "year": 2002,
            "quarter": 3,
            "eps": -0.37,
            "eps_growth_year": null,
            "eps_4q": -0.93,
            "eps_4q_growth_year": -147.12,
            "roe": -4.02,
            "roe_4q": -9.66,
            "gross_profit": 404422,
            "gross_margin": 18.68,
            "gross_margin_4q_avg": 14.8,
            "net_income": -251258,
            "revenue": 2164890,
            "common_shares": 7880511,
            "book_valuer_per_share": 7.81,
            "book_valuer_per_share_4q_avg": 8.31,
            "equity": 6154632,
            "current_ratio": 66.64,
            "debt_ratio": 67.44,
            "inventory_turnover_ratio": 0.67,
            "account_receivable_turnover_ratio": null,
            "reinvestment_rate": null,
            "research_to_sale_ratio": null,
            "price_fair": 0.6,
            "eps_avg_yearly": 0.2,
            "eps_latest_yearly": 0.2,
            "eps_growth_yearly": -275
        },
        "20024": {
            "year_quarter": 20024,
            "year": 2002,
            "quarter": 4,
            "eps": -0.26,
            "eps_growth_year": null,
            "eps_4q": -0.44,
            "eps_4q_growth_year": -147.79,
            "roe": -2.98,
            "roe_4q": -5.01,
            "gross_profit": 371764,
            "gross_margin": 16.51,
            "gross_margin_4q_avg": 16.29,
            "net_income": -180198,
            "revenue": 2252298,
            "common_shares": 7880511,
            "book_valuer_per_share": 7.53,
            "book_valuer_per_share_4q_avg": 7.78,
            "equity": 5934044,
            "current_ratio": 59.46,
            "debt_ratio": 69.43,
            "inventory_turnover_ratio": 0.71,
            "account_receivable_turnover_ratio": null,
            "reinvestment_rate": null,
            "research_to_sale_ratio": null,
            "price_fair": 0.6,
            "eps_avg_yearly": 0.2,
            "eps_latest_yearly": 0.2,
            "eps_growth_yearly": -275
        },
        "20031": {
            "year_quarter": 20031,
            "year": 2003,
            "quarter": 1,
            "eps": -0.2,
            "eps_growth_year": -225,
            "eps_4q": -0.79,
            "eps_4q_growth_year": null,
            "roe": -2.34,
            "roe_4q": -8.83,
            "gross_profit": 370485,
            "gross_margin": 18.46,
            "gross_margin_4q_avg": 16.88,
            "net_income": -134795,
            "revenue": 2006985,
            "common_shares": 7880511,
            "book_valuer_per_share": 7.11,
            "book_valuer_per_share_4q_avg": 7.63,
            "equity": 5605882,
            "current_ratio": 67.05,
            "debt_ratio": 69.1,
            "inventory_turnover_ratio": 0.61,
            "account_receivable_turnover_ratio": null,
            "reinvestment_rate": null,
            "research_to_sale_ratio": null,
            "price_fair": 0.6,
            "eps_avg_yearly": 0.2,
            "eps_latest_yearly": 0.2,
            "eps_growth_yearly": -275
        },
        "20032": {
            "year_quarter": 20032,
            "year": 2003,
            "quarter": 2,
            "eps": -0.02,
            "eps_growth_year": -140,
            "eps_4q": -0.74,
            "eps_4q_growth_year": null,
            "roe": -0.25,
            "roe_4q": -9.59,
            "gross_profit": 356865,
            "gross_margin": 14.84,
            "gross_margin_4q_avg": 17.12,
            "net_income": -14112,
            "revenue": 2404969,
            "common_shares": 7880511,
            "book_valuer_per_share": 7.01,
            "book_valuer_per_share_4q_avg": 7.37,
            "equity": 5525452,
            "current_ratio": 54.34,
            "debt_ratio": 67.81,
            "inventory_turnover_ratio": 0.81,
            "account_receivable_turnover_ratio": null,
            "reinvestment_rate": null,
            "research_to_sale_ratio": null,
            "price_fair": 0.6,
            "eps_avg_yearly": 0.2,
            "eps_latest_yearly": 0.2,
            "eps_growth_yearly": -275
        },
        "20033": {
            "year_quarter": 20033,
            "year": 2003,
            "quarter": 3,
            "eps": -0.05,
            "eps_growth_year": null,
            "eps_4q": -0.46,
            "eps_4q_growth_year": null,
            "roe": -0.57,
            "roe_4q": -6.14,
            "gross_profit": 306800,
            "gross_margin": 14.26,
            "gross_margin_4q_avg": 16.02,
            "net_income": -32143,
            "revenue": 2151594,
            "common_shares": 7880511,
            "book_valuer_per_share": 7.32,
            "book_valuer_per_share_4q_avg": 7.24,
            "equity": 5771631,
            "current_ratio": 47.59,
            "debt_ratio": 66.19,
            "inventory_turnover_ratio": 0.86,
            "account_receivable_turnover_ratio": null,
            "reinvestment_rate": null,
            "research_to_sale_ratio": null,
            "price_fair": 0.6,
            "eps_avg_yearly": 0.2,
            "eps_latest_yearly": 0.2,
            "eps_growth_yearly": -275
        },
        "20034": {
            "year_quarter": 20034,
            "year": 2003,
            "quarter": 4,
            "eps": 1.3,
            "eps_growth_year": null,
            "eps_4q": 1.03,
            "eps_4q_growth_year": null,
            "roe": 13.9,
            "roe_4q": 10.74,
            "gross_profit": 414492,
            "gross_margin": 17.32,
            "gross_margin_4q_avg": 16.22,
            "net_income": 883703,
            "revenue": 2392880,
            "common_shares": 7880511,
            "book_valuer_per_share": 8.81,
            "book_valuer_per_share_4q_avg": 7.56,
            "equity": 6940923,
            "current_ratio": 48.86,
            "debt_ratio": 61.46,
            "inventory_turnover_ratio": 1.06,
            "account_receivable_turnover_ratio": null,
            "reinvestment_rate": -77.78,
            "research_to_sale_ratio": null,
            "price_fair": 0.6,
            "eps_avg_yearly": 0.2,
            "eps_latest_yearly": 0.2,
            "eps_growth_yearly": -275
        },
        "20041": {
            "year_quarter": 20041,
            "year": 2004,
            "quarter": 1,
            "eps": 0.48,
            "eps_growth_year": null,
            "eps_4q": 1.7,
            "eps_4q_growth_year": null,
            "roe": 4.63,
            "roe_4q": 17.71,
            "gross_profit": 284637,
            "gross_margin": 17.11,
            "gross_margin_4q_avg": 15.88,
            "net_income": 328890,
            "revenue": 1663424,
            "common_shares": 7880511,
            "book_valuer_per_share": 9.2,
            "book_valuer_per_share_4q_avg": 8.09,
            "equity": 7252716,
            "current_ratio": 56.66,
            "debt_ratio": 55.16,
            "inventory_turnover_ratio": 0.88,
            "account_receivable_turnover_ratio": null,
            "reinvestment_rate": -83.96,
            "research_to_sale_ratio": null,
            "price_fair": 3.18,
            "eps_avg_yearly": 1.06,
            "eps_latest_yearly": 1.92,
            "eps_growth_yearly": -263.65
        },
        "20042": {
            "year_quarter": 20042,
            "year": 2004,
            "quarter": 2,
            "eps": -0.02,
            "eps_growth_year": null,
            "eps_4q": 1.48,
            "eps_4q_growth_year": null,
            "roe": -0.18,
            "roe_4q": 17.78,
            "gross_profit": 308614,
            "gross_margin": 18.5,
            "gross_margin_4q_avg": 16.8,
            "net_income": -13028,
            "revenue": 1668470,
            "common_shares": 7880511,
            "book_valuer_per_share": 9.19,
            "book_valuer_per_share_4q_avg": 8.63,
            "equity": 7239140,
            "current_ratio": 88.42,
            "debt_ratio": 56.32,
            "inventory_turnover_ratio": 0.93,
            "account_receivable_turnover_ratio": null,
            "reinvestment_rate": -56.2,
            "research_to_sale_ratio": null,
            "price_fair": 3.18,
            "eps_avg_yearly": 1.06,
            "eps_latest_yearly": 1.92,
            "eps_growth_yearly": -263.65
        },
        "20043": {
            "year_quarter": 20043,
            "year": 2004,
            "quarter": 3,
            "eps": -0.02,
            "eps_growth_year": null,
            "eps_4q": 1.51,
            "eps_4q_growth_year": null,
            "roe": -0.16,
            "roe_4q": 18.19,
            "gross_profit": 332601,
            "gross_margin": 18.92,
            "gross_margin_4q_avg": 17.96,
            "net_income": -11308,
            "revenue": 1757780,
            "common_shares": 7880511,
            "book_valuer_per_share": 9.18,
            "book_valuer_per_share_4q_avg": 9.1,
            "equity": 7230502,
            "current_ratio": 85.38,
            "debt_ratio": 53.79,
            "inventory_turnover_ratio": 1,
            "account_receivable_turnover_ratio": null,
            "reinvestment_rate": -51.18,
            "research_to_sale_ratio": null,
            "price_fair": 3.18,
            "eps_avg_yearly": 1.06,
            "eps_latest_yearly": 1.92,
            "eps_growth_yearly": -263.65
        },
        "20044": {
            "year_quarter": 20044,
            "year": 2004,
            "quarter": 4,
            "eps": -0.26,
            "eps_growth_year": -120,
            "eps_4q": 0.19,
            "eps_4q_growth_year": -81.61,
            "roe": -2.51,
            "roe_4q": 1.7799999999999998,
            "gross_profit": 359486,
            "gross_margin": 21.27,
            "gross_margin_4q_avg": 18.95,
            "net_income": -178014,
            "revenue": 1690131,
            "common_shares": 7880511,
            "book_valuer_per_share": 8.79,
            "book_valuer_per_share_4q_avg": 9.09,
            "equity": 6926099,
            "current_ratio": 61.58,
            "debt_ratio": 56.85,
            "inventory_turnover_ratio": 0.99,
            "account_receivable_turnover_ratio": null,
            "reinvestment_rate": -49.68,
            "research_to_sale_ratio": null,
            "price_fair": 3.18,
            "eps_avg_yearly": 1.06,
            "eps_latest_yearly": 1.92,
            "eps_growth_yearly": -263.65
        },
        "20051": {
            "year_quarter": 20051,
            "year": 2005,
            "quarter": 1,
            "eps": 0.44,
            "eps_growth_year": -8.33,
            "eps_4q": 0.14,
            "eps_4q_growth_year": -91.57,
            "roe": 4.24,
            "roe_4q": 1.3900000000000006,
            "gross_profit": 239105,
            "gross_margin": 17.64,
            "gross_margin_4q_avg": 19.08,
            "net_income": 300347,
            "revenue": 1355203,
            "common_shares": 7880511,
            "book_valuer_per_share": 9.18,
            "book_valuer_per_share_4q_avg": 9.09,
            "equity": 7237045,
            "current_ratio": 85.15,
            "debt_ratio": 52.34,
            "inventory_turnover_ratio": 0.81,
            "account_receivable_turnover_ratio": null,
            "reinvestment_rate": -214.92,
            "research_to_sale_ratio": null,
            "price_fair": 3.18,
            "eps_avg_yearly": 1.06,
            "eps_latest_yearly": 1.92,
            "eps_growth_yearly": -263.65
        },
        "20052": {
            "year_quarter": 20052,
            "year": 2005,
            "quarter": 2,
            "eps": 0.07,
            "eps_growth_year": null,
            "eps_4q": 0.22,
            "eps_4q_growth_year": -84.88,
            "roe": 0.71,
            "roe_4q": 2.2800000000000002,
            "gross_profit": 232824,
            "gross_margin": 16.26,
            "gross_margin_4q_avg": 18.52,
            "net_income": 50447,
            "revenue": 1432074,
            "common_shares": 7880511,
            "book_valuer_per_share": 8.77,
            "book_valuer_per_share_4q_avg": 8.98,
            "equity": 6913200,
            "current_ratio": 71.1,
            "debt_ratio": 52.68,
            "inventory_turnover_ratio": 0.83,
            "account_receivable_turnover_ratio": null,
            "reinvestment_rate": -589.51,
            "research_to_sale_ratio": null,
            "price_fair": 2.4,
            "eps_avg_yearly": 0.8,
            "eps_latest_yearly": 0.28,
            "eps_growth_yearly": -287.89
        },
        "20053": {
            "year_quarter": 20053,
            "year": 2005,
            "quarter": 3,
            "eps": -0.12,
            "eps_growth_year": null,
            "eps_4q": 0.12,
            "eps_4q_growth_year": -92.3,
            "roe": -1.18,
            "roe_4q": 1.2600000000000007,
            "gross_profit": 255674,
            "gross_margin": 18.2,
            "gross_margin_4q_avg": 18.34,
            "net_income": -81308,
            "revenue": 1404703,
            "common_shares": 7880511,
            "book_valuer_per_share": 8.64,
            "book_valuer_per_share_4q_avg": 8.85,
            "equity": 6810961,
            "current_ratio": 74.29,
            "debt_ratio": 52.97,
            "inventory_turnover_ratio": 0.8,
            "account_receivable_turnover_ratio": null,
            "reinvestment_rate": -565.86,
            "research_to_sale_ratio": null,
            "price_fair": 2.4,
            "eps_avg_yearly": 0.8,
            "eps_latest_yearly": 0.28,
            "eps_growth_yearly": -287.89
        },
        "20054": {
            "year_quarter": 20054,
            "year": 2005,
            "quarter": 4,
            "eps": 0.17,
            "eps_growth_year": null,
            "eps_4q": 0.57,
            "eps_4q_growth_year": 202.36,
            "roe": 1.49,
            "roe_4q": 5.26,
            "gross_profit": 301390,
            "gross_margin": 21.36,
            "gross_margin_4q_avg": 18.37,
            "net_income": 113158,
            "revenue": 1411032,
            "common_shares": 7880511,
            "book_valuer_per_share": 8.96,
            "book_valuer_per_share_4q_avg": 8.89,
            "equity": 8381206,
            "current_ratio": 71.81,
            "debt_ratio": 60,
            "inventory_turnover_ratio": 0.54,
            "account_receivable_turnover_ratio": null,
            "reinvestment_rate": 6.17,
            "research_to_sale_ratio": null,
            "price_fair": 2.4,
            "eps_avg_yearly": 0.8,
            "eps_latest_yearly": 0.28,
            "eps_growth_yearly": -287.89
        },
        "20061": {
            "year_quarter": 20061,
            "year": 2006,
            "quarter": 1,
            "eps": -0.2,
            "eps_growth_year": -145.45,
            "eps_4q": -0.07,
            "eps_4q_growth_year": -150.8,
            "roe": -1.67,
            "roe_4q": -0.6499999999999999,
            "gross_profit": 223571,
            "gross_margin": 18.86,
            "gross_margin_4q_avg": 18.67,
            "net_income": -129532,
            "revenue": 1185152,
            "common_shares": 7880511,
            "book_valuer_per_share": 9.04,
            "book_valuer_per_share_4q_avg": 8.85,
            "equity": 7125887,
            "current_ratio": 104.69,
            "debt_ratio": 52.78,
            "inventory_turnover_ratio": 0.47,
            "account_receivable_turnover_ratio": null,
            "reinvestment_rate": -169.42,
            "research_to_sale_ratio": null,
            "price_fair": 2.4,
            "eps_avg_yearly": 0.8,
            "eps_latest_yearly": 0.28,
            "eps_growth_yearly": -287.89
        },
        "20062": {
            "year_quarter": 20062,
            "year": 2006,
            "quarter": 2,
            "eps": 0.82,
            "eps_growth_year": 1071.43,
            "eps_4q": 0.67,
            "eps_4q_growth_year": 200.09,
            "roe": 7.27,
            "roe_4q": 5.91,
            "gross_profit": 190676,
            "gross_margin": 14.84,
            "gross_margin_4q_avg": 18.32,
            "net_income": 542585,
            "revenue": 1285068,
            "common_shares": 7880511,
            "book_valuer_per_share": 9.91,
            "book_valuer_per_share_4q_avg": 9.14,
            "equity": 7810456,
            "current_ratio": 90.11,
            "debt_ratio": 51.17,
            "inventory_turnover_ratio": 0.76,
            "account_receivable_turnover_ratio": null,
            "reinvestment_rate": -92.56,
            "research_to_sale_ratio": null,
            "price_fair": 3.3,
            "eps_avg_yearly": 1.1,
            "eps_latest_yearly": 0.28,
            "eps_growth_yearly": -294.34
        },
        "20063": {
            "year_quarter": 20063,
            "year": 2006,
            "quarter": 3,
            "eps": 0.01,
            "eps_growth_year": null,
            "eps_4q": 0.68,
            "eps_4q_growth_year": 487.08,
            "roe": 0.06,
            "roe_4q": 7.1499999999999995,
            "gross_profit": 189379,
            "gross_margin": 14.82,
            "gross_margin_4q_avg": 17.47,
            "net_income": 4872,
            "revenue": 1277605,
            "common_shares": 7793410,
            "book_valuer_per_share": 10.25,
            "book_valuer_per_share_4q_avg": 9.54,
            "equity": 7991502,
            "current_ratio": 84.37,
            "debt_ratio": 49.63,
            "inventory_turnover_ratio": 0.77,
            "account_receivable_turnover_ratio": null,
            "reinvestment_rate": -80.37,
            "research_to_sale_ratio": null,
            "price_fair": 2.24,
            "eps_avg_yearly": 0.75,
            "eps_latest_yearly": 0.04,
            "eps_growth_yearly": -327.93
        },
        "20064": {
            "year_quarter": 20064,
            "year": 2006,
            "quarter": 4,
            "eps": 0.62,
            "eps_growth_year": 264.71,
            "eps_4q": 1.25,
            "eps_4q_growth_year": 117.12,
            "roe": 4.36,
            "roe_4q": 10.02,
            "gross_profit": 194997,
            "gross_margin": 15.48,
            "gross_margin_4q_avg": 16,
            "net_income": 412503,
            "revenue": 1259956,
            "common_shares": 7793410,
            "book_valuer_per_share": 11.1,
            "book_valuer_per_share_4q_avg": 10.08,
            "equity": 10914270,
            "current_ratio": 117.94,
            "debt_ratio": 48.61,
            "inventory_turnover_ratio": 0.56,
            "account_receivable_turnover_ratio": null,
            "reinvestment_rate": -29.75,
            "research_to_sale_ratio": null,
            "price_fair": 41.3,
            "eps_avg_yearly": 1.18,
            "eps_latest_yearly": 2.48,
            "eps_growth_yearly": 5854.05
        },
        "20071": {
            "year_quarter": 20071,
            "year": 2007,
            "quarter": 1,
            "eps": 0.07,
            "eps_growth_year": null,
            "eps_4q": 1.47,
            "eps_4q_growth_year": null,
            "roe": 0.49,
            "roe_4q": 12.18,
            "gross_profit": 180237,
            "gross_margin": 15.8,
            "gross_margin_4q_avg": 15.24,
            "net_income": 48154,
            "revenue": 1140721,
            "common_shares": 7793409,
            "book_valuer_per_share": 11.1,
            "book_valuer_per_share_4q_avg": 10.59,
            "equity": 8648362,
            "current_ratio": 78.13,
            "debt_ratio": 43.4,
            "inventory_turnover_ratio": 0.51,
            "account_receivable_turnover_ratio": null,
            "reinvestment_rate": -83.87,
            "research_to_sale_ratio": null,
            "price_fair": 35,
            "eps_avg_yearly": 1,
            "eps_latest_yearly": 0.28,
            "eps_growth_yearly": 4612.27
        },
        "20072": {
            "year_quarter": 20072,
            "year": 2007,
            "quarter": 2,
            "eps": 0.97,
            "eps_growth_year": 18.29,
            "eps_4q": 1.65,
            "eps_4q_growth_year": 144.68,
            "roe": 7.98,
            "roe_4q": 12.890000000000002,
            "gross_profit": 208234,
            "gross_margin": 16.53,
            "gross_margin_4q_avg": 15.66,
            "net_income": 668786,
            "revenue": 1259646,
            "common_shares": 7276747,
            "book_valuer_per_share": 11.14,
            "book_valuer_per_share_4q_avg": 10.9,
            "equity": 8108363,
            "current_ratio": 88.68,
            "debt_ratio": 48.96,
            "inventory_turnover_ratio": 0.71,
            "account_receivable_turnover_ratio": null,
            "reinvestment_rate": -72.66,
            "research_to_sale_ratio": null,
            "price_fair": 51.8,
            "eps_avg_yearly": 1.48,
            "eps_latest_yearly": 3.88,
            "eps_growth_yearly": 4700.7
        },
        "20073": {
            "year_quarter": 20073,
            "year": 2007,
            "quarter": 3,
            "eps": 0.42,
            "eps_growth_year": 4100,
            "eps_4q": 2.05,
            "eps_4q_growth_year": 201.24,
            "roe": 3.44,
            "roe_4q": 16.27,
            "gross_profit": 220812,
            "gross_margin": 16.91,
            "gross_margin_4q_avg": 16.18,
            "net_income": 290528,
            "revenue": 1306085,
            "common_shares": 7276747,
            "book_valuer_per_share": 12.05,
            "book_valuer_per_share_4q_avg": 11.35,
            "equity": 8766656,
            "current_ratio": 95.87,
            "debt_ratio": 43.22,
            "inventory_turnover_ratio": 0.71,
            "account_receivable_turnover_ratio": null,
            "reinvestment_rate": -66.89,
            "research_to_sale_ratio": null,
            "price_fair": 52.8,
            "eps_avg_yearly": 1.51,
            "eps_latest_yearly": 1.68,
            "eps_growth_yearly": 3996.77
        },
        "20074": {
            "year_quarter": 20074,
            "year": 2007,
            "quarter": 4,
            "eps": 0.03,
            "eps_growth_year": -95.16,
            "eps_4q": 1.31,
            "eps_4q_growth_year": 5.25,
            "roe": 0.23,
            "roe_4q": 12.14,
            "gross_profit": 302432,
            "gross_margin": 19.23,
            "gross_margin_4q_avg": 17.12,
            "net_income": 23546,
            "revenue": 1572825,
            "common_shares": 7276747,
            "book_valuer_per_share": 11.39,
            "book_valuer_per_share_4q_avg": 11.42,
            "equity": 11671480,
            "current_ratio": 110.39,
            "debt_ratio": 42.43,
            "inventory_turnover_ratio": 0.66,
            "account_receivable_turnover_ratio": null,
            "reinvestment_rate": -26.92,
            "research_to_sale_ratio": null,
            "price_fair": 46.73,
            "eps_avg_yearly": 1.34,
            "eps_latest_yearly": 0.12,
            "eps_growth_yearly": 3450.75
        },
        "20081": {
            "year_quarter": 20081,
            "year": 2008,
            "quarter": 1,
            "eps": -0.02,
            "eps_growth_year": -128.57,
            "eps_4q": 0.55,
            "eps_4q_growth_year": -62.29,
            "roe": 0.3,
            "roe_4q": 11.95,
            "gross_profit": 497701,
            "gross_margin": 19.21,
            "gross_margin_4q_avg": 17.97,
            "net_income": 34981,
            "revenue": 2590366,
            "common_shares": 7114343,
            "book_valuer_per_share": 11.88,
            "book_valuer_per_share_4q_avg": 11.62,
            "equity": 11727072,
            "current_ratio": 120.92,
            "debt_ratio": 43.12,
            "inventory_turnover_ratio": 0.93,
            "account_receivable_turnover_ratio": null,
            "reinvestment_rate": -33.81,
            "research_to_sale_ratio": null,
            "price_fair": 43.8,
            "eps_avg_yearly": 1.25,
            "eps_latest_yearly": 0.12,
            "eps_growth_yearly": 3979.76
        },
        "20082": {
            "year_quarter": 20082,
            "year": 2008,
            "quarter": 2,
            "eps": 0.34,
            "eps_growth_year": -64.95,
            "eps_4q": 0.32,
            "eps_4q_growth_year": -80.75,
            "roe": 4.88,
            "roe_4q": 8.85,
            "gross_profit": 340588,
            "gross_margin": 18.59,
            "gross_margin_4q_avg": 18.49,
            "net_income": 569030,
            "revenue": 1832271,
            "common_shares": 7114343,
            "book_valuer_per_share": 11.05,
            "book_valuer_per_share_4q_avg": 11.59,
            "equity": 11605948,
            "current_ratio": 109.12,
            "debt_ratio": 46.72,
            "inventory_turnover_ratio": 0.68,
            "account_receivable_turnover_ratio": null,
            "reinvestment_rate": -25.59,
            "research_to_sale_ratio": null,
            "price_fair": 43.8,
            "eps_avg_yearly": 1.25,
            "eps_latest_yearly": 0.12,
            "eps_growth_yearly": 3979.76
        },
        "20083": {
            "year_quarter": 20083,
            "year": 2008,
            "quarter": 3,
            "eps": -0.14,
            "eps_growth_year": -133.33,
            "eps_4q": 0.2,
            "eps_4q_growth_year": -90.06,
            "roe": -0.78,
            "roe_4q": 4.63,
            "gross_profit": 299105,
            "gross_margin": 14.4,
            "gross_margin_4q_avg": 17.86,
            "net_income": -88860,
            "revenue": 2077177,
            "common_shares": 7114343,
            "book_valuer_per_share": 10.16,
            "book_valuer_per_share_4q_avg": 11.12,
            "equity": 11154696,
            "current_ratio": 96.05,
            "debt_ratio": 47.05,
            "inventory_turnover_ratio": 0.8,
            "account_receivable_turnover_ratio": null,
            "reinvestment_rate": -26.44,
            "research_to_sale_ratio": null,
            "price_fair": 43.8,
            "eps_avg_yearly": 1.25,
            "eps_latest_yearly": 0.12,
            "eps_growth_yearly": 3979.76
        },
        "20084": {
            "year_quarter": 20084,
            "year": 2008,
            "quarter": 4,
            "eps": 0.31,
            "eps_growth_year": 933.33,
            "eps_4q": 0.22,
            "eps_4q_growth_year": -83.08,
            "roe": 4.09,
            "roe_4q": 8.49,
            "gross_profit": 245516,
            "gross_margin": 13.46,
            "gross_margin_4q_avg": 16.42,
            "net_income": 467736,
            "revenue": 1824175,
            "common_shares": 7114343,
            "book_valuer_per_share": 10.34,
            "book_valuer_per_share_4q_avg": 10.86,
            "equity": 11710180,
            "current_ratio": 105.35,
            "debt_ratio": 44.85,
            "inventory_turnover_ratio": 0.69,
            "account_receivable_turnover_ratio": 8.41,
            "reinvestment_rate": -26.11,
            "research_to_sale_ratio": null,
            "price_fair": 43.8,
            "eps_avg_yearly": 1.25,
            "eps_latest_yearly": 0.12,
            "eps_growth_yearly": 3979.76
        },
        "20091": {
            "year_quarter": 20091,
            "year": 2009,
            "quarter": 1,
            "eps": -0.14,
            "eps_growth_year": null,
            "eps_4q": 0.36,
            "eps_4q_growth_year": -34.52,
            "roe": -0.92,
            "roe_4q": 7.27,
            "gross_profit": 280244,
            "gross_margin": 16.06,
            "gross_margin_4q_avg": 15.63,
            "net_income": -108080,
            "revenue": 1744447,
            "common_shares": 7114343,
            "book_valuer_per_share": 10.32,
            "book_valuer_per_share_4q_avg": 10.47,
            "equity": 11726086,
            "current_ratio": 104.4,
            "debt_ratio": 45.08,
            "inventory_turnover_ratio": 0.64,
            "account_receivable_turnover_ratio": 4.37,
            "reinvestment_rate": -23.68,
            "research_to_sale_ratio": null,
            "price_fair": 43.8,
            "eps_avg_yearly": 1.25,
            "eps_latest_yearly": 0.12,
            "eps_growth_yearly": 3979.76
        },
        "20092": {
            "year_quarter": 20092,
            "year": 2009,
            "quarter": 2,
            "eps": 0.68,
            "eps_growth_year": 100,
            "eps_4q": 0.39,
            "eps_4q_growth_year": 22.24,
            "roe": 6.93,
            "roe_4q": 9.32,
            "gross_profit": 259604,
            "gross_margin": 15.28,
            "gross_margin_4q_avg": 14.8,
            "net_income": 866582,
            "revenue": 1698486,
            "common_shares": 7114343,
            "book_valuer_per_share": 12.22,
            "book_valuer_per_share_4q_avg": 10.76,
            "equity": 13300803,
            "current_ratio": 96.27,
            "debt_ratio": 39.81,
            "inventory_turnover_ratio": 0.67,
            "account_receivable_turnover_ratio": 4.33,
            "reinvestment_rate": -16.32,
            "research_to_sale_ratio": null,
            "price_fair": 49.47,
            "eps_avg_yearly": 1.41,
            "eps_latest_yearly": 0.12,
            "eps_growth_yearly": 4699.11
        },
        "20093": {
            "year_quarter": 20093,
            "year": 2009,
            "quarter": 3,
            "eps": -0.1,
            "eps_growth_year": null,
            "eps_4q": 0.73,
            "eps_4q_growth_year": 257.17,
            "roe": -0.65,
            "roe_4q": 9.45,
            "gross_profit": 262738,
            "gross_margin": 15.4,
            "gross_margin_4q_avg": 15.05,
            "net_income": -86943,
            "revenue": 1706010,
            "common_shares": 7114343,
            "book_valuer_per_share": 12.41,
            "book_valuer_per_share_4q_avg": 11.32,
            "equity": 13314480,
            "current_ratio": 97.82,
            "debt_ratio": 39.12,
            "inventory_turnover_ratio": 0.71,
            "account_receivable_turnover_ratio": 4.24,
            "reinvestment_rate": -16.36,
            "research_to_sale_ratio": null,
            "price_fair": 49.47,
            "eps_avg_yearly": 1.41,
            "eps_latest_yearly": 0.12,
            "eps_growth_yearly": 4699.11
        },
        "20094": {
            "year_quarter": 20094,
            "year": 2009,
            "quarter": 4,
            "eps": 0.21,
            "eps_growth_year": -32.26,
            "eps_4q": 0.68,
            "eps_4q_growth_year": 204.98,
            "roe": 3.62,
            "roe_4q": 8.98,
            "gross_profit": 330050,
            "gross_margin": 20.13,
            "gross_margin_4q_avg": 16.72,
            "net_income": 488496,
            "revenue": 1639726,
            "common_shares": 7114343,
            "book_valuer_per_share": 13.43,
            "book_valuer_per_share_4q_avg": 12.1,
            "equity": 13669940,
            "current_ratio": 111.61,
            "debt_ratio": 37.82,
            "inventory_turnover_ratio": 0.68,
            "account_receivable_turnover_ratio": 7.21,
            "reinvestment_rate": 270.59,
            "research_to_sale_ratio": null,
            "price_fair": 49.47,
            "eps_avg_yearly": 1.41,
            "eps_latest_yearly": 0.12,
            "eps_growth_yearly": 4699.11
        },
        "20101": {
            "year_quarter": 20101,
            "year": 2010,
            "quarter": 1,
            "eps": -0.08,
            "eps_growth_year": null,
            "eps_4q": 0.76,
            "eps_4q_growth_year": 110.27,
            "roe": -0.39,
            "roe_4q": 9.51,
            "gross_profit": 270635,
            "gross_margin": 17.59,
            "gross_margin_4q_avg": 17.1,
            "net_income": -52415,
            "revenue": 1538878,
            "common_shares": 7114343,
            "book_valuer_per_share": 13.03,
            "book_valuer_per_share_4q_avg": 12.77,
            "equity": 13389513,
            "current_ratio": 126.35,
            "debt_ratio": 38.81,
            "inventory_turnover_ratio": 0.69,
            "account_receivable_turnover_ratio": 3.6,
            "reinvestment_rate": 311.92,
            "research_to_sale_ratio": null,
            "price_fair": 49.47,
            "eps_avg_yearly": 1.41,
            "eps_latest_yearly": 0.12,
            "eps_growth_yearly": 4699.11
        },
        "20102": {
            "year_quarter": 20102,
            "year": 2010,
            "quarter": 2,
            "eps": 0.95,
            "eps_growth_year": 39.74,
            "eps_4q": 1.01,
            "eps_4q_growth_year": 160.11,
            "roe": 8.45,
            "roe_4q": 11.03,
            "gross_profit": 1354636,
            "gross_margin": 48.64,
            "gross_margin_4q_avg": 25.44,
            "net_income": 1129748,
            "revenue": 2784890,
            "common_shares": 7114343,
            "book_valuer_per_share": 12.59,
            "book_valuer_per_share_4q_avg": 12.87,
            "equity": 13351063,
            "current_ratio": 120.15,
            "debt_ratio": 40.55,
            "inventory_turnover_ratio": 0.8,
            "account_receivable_turnover_ratio": 6.8,
            "reinvestment_rate": 332.31,
            "research_to_sale_ratio": null,
            "price_fair": 49.47,
            "eps_avg_yearly": 1.41,
            "eps_latest_yearly": 0.12,
            "eps_growth_yearly": 4699.11
        },
        "20103": {
            "year_quarter": 20103,
            "year": 2010,
            "quarter": 3,
            "eps": 0.05,
            "eps_growth_year": null,
            "eps_4q": 1.16,
            "eps_4q_growth_year": 59.81,
            "roe": 0.37,
            "roe_4q": 12.049999999999997,
            "gross_profit": 347432,
            "gross_margin": 22.1,
            "gross_margin_4q_avg": 27.12,
            "net_income": 49796,
            "revenue": 1572094,
            "common_shares": 7114343,
            "book_valuer_per_share": 12.86,
            "book_valuer_per_share_4q_avg": 12.98,
            "equity": 13420562,
            "current_ratio": 127.47,
            "debt_ratio": 40.29,
            "inventory_turnover_ratio": 0.7,
            "account_receivable_turnover_ratio": 3.62,
            "reinvestment_rate": 325.11,
            "research_to_sale_ratio": null,
            "price_fair": 50.4,
            "eps_avg_yearly": 1.44,
            "eps_latest_yearly": 0.2,
            "eps_growth_yearly": 4701.81
        },
        "20104": {
            "year_quarter": 20104,
            "year": 2010,
            "quarter": 4,
            "eps": 0.69,
            "eps_growth_year": 227.02,
            "eps_4q": 1.63,
            "eps_4q_growth_year": 140.79,
            "roe": 6.26,
            "roe_4q": 14.689999999999998,
            "gross_profit": 1306682,
            "gross_margin": 45.23,
            "gross_margin_4q_avg": 33.39,
            "net_income": 869598,
            "revenue": 2889184,
            "common_shares": 7114343,
            "book_valuer_per_share": 13.75,
            "book_valuer_per_share_4q_avg": 13.06,
            "equity": 14344831,
            "current_ratio": 144.41,
            "debt_ratio": 39.2,
            "inventory_turnover_ratio": 0.91,
            "account_receivable_turnover_ratio": 6.46,
            "reinvestment_rate": 299.09,
            "research_to_sale_ratio": null,
            "price_fair": 52.03,
            "eps_avg_yearly": 1.49,
            "eps_latest_yearly": 2.76,
            "eps_growth_yearly": 1488.47
        },
        "20111": {
            "year_quarter": 20111,
            "year": 2011,
            "quarter": 1,
            "eps": 0.02,
            "eps_growth_year": null,
            "eps_4q": 1.71,
            "eps_4q_growth_year": 125.08,
            "roe": 0.05,
            "roe_4q": 15.129999999999999,
            "gross_profit": 377869,
            "gross_margin": 21.28,
            "gross_margin_4q_avg": 34.31,
            "net_income": 7929,
            "revenue": 1775444,
            "common_shares": 7114343,
            "book_valuer_per_share": 14.41,
            "book_valuer_per_share_4q_avg": 13.4,
            "equity": 14829861,
            "current_ratio": 219.8,
            "debt_ratio": 37.47,
            "inventory_turnover_ratio": 0.79,
            "account_receivable_turnover_ratio": 4.38,
            "reinvestment_rate": 342.5,
            "research_to_sale_ratio": null,
            "price_fair": 50.87,
            "eps_avg_yearly": 1.45,
            "eps_latest_yearly": 0.08,
            "eps_growth_yearly": 1482.88
        },
        "20112": {
            "year_quarter": 20112,
            "year": 2011,
            "quarter": 2,
            "eps": 1.17,
            "eps_growth_year": 23.58,
            "eps_4q": 1.94,
            "eps_4q_growth_year": 92.36,
            "roe": 9.73,
            "roe_4q": 16.41,
            "gross_profit": 1735192,
            "gross_margin": 54.07,
            "gross_margin_4q_avg": 35.67,
            "net_income": 1463388,
            "revenue": 3208909,
            "common_shares": 7114343,
            "book_valuer_per_share": 14.05,
            "book_valuer_per_share_4q_avg": 13.77,
            "equity": 15245732,
            "current_ratio": 228.18,
            "debt_ratio": 41.93,
            "inventory_turnover_ratio": 0.82,
            "account_receivable_turnover_ratio": 7.83,
            "reinvestment_rate": 371.96,
            "research_to_sale_ratio": null,
            "price_fair": 55.53,
            "eps_avg_yearly": 1.59,
            "eps_latest_yearly": 4.68,
            "eps_growth_yearly": 4459.07
        },
        "20113": {
            "year_quarter": 20113,
            "year": 2011,
            "quarter": 3,
            "eps": -0,
            "eps_growth_year": -109.12,
            "eps_4q": 1.88,
            "eps_4q_growth_year": 61.25,
            "roe": -0.08,
            "roe_4q": 15.96,
            "gross_profit": 311071,
            "gross_margin": 20.43,
            "gross_margin_4q_avg": 35.25,
            "net_income": -11786,
            "revenue": 1522752,
            "common_shares": 7114343,
            "book_valuer_per_share": 13.89,
            "book_valuer_per_share_4q_avg": 14.03,
            "equity": 14608662,
            "current_ratio": 69.96,
            "debt_ratio": 57.47,
            "inventory_turnover_ratio": 0.68,
            "account_receivable_turnover_ratio": 3.27,
            "reinvestment_rate": 646.69,
            "research_to_sale_ratio": null,
            "price_fair": 54.88,
            "eps_avg_yearly": 1.57,
            "eps_latest_yearly": 4.68,
            "eps_growth_yearly": 5396.24
        },
        "20114": {
            "year_quarter": 20114,
            "year": 2011,
            "quarter": 4,
            "eps": 2.06,
            "eps_growth_year": 199.45,
            "eps_4q": 3.05,
            "eps_4q_growth_year": 87.05,
            "roe": 9.61,
            "roe_4q": 19.31,
            "gross_profit": 1332227,
            "gross_margin": 49.89,
            "gross_margin_4q_avg": 36.42,
            "net_income": 2089985,
            "revenue": 2670173,
            "common_shares": 8414343,
            "book_valuer_per_share": 24.61,
            "book_valuer_per_share_4q_avg": 16.74,
            "equity": 28885298,
            "current_ratio": 140.27,
            "debt_ratio": 32.33,
            "inventory_turnover_ratio": 0.73,
            "account_receivable_turnover_ratio": 5.67,
            "reinvestment_rate": 635.12,
            "research_to_sale_ratio": null,
            "price_fair": 67.55,
            "eps_avg_yearly": 1.93,
            "eps_latest_yearly": 4.68,
            "eps_growth_yearly": 6838.16
        },
        "20121": {
            "year_quarter": 20121,
            "year": 2012,
            "quarter": 1,
            "eps": -0.03,
            "eps_growth_year": -250,
            "eps_4q": 3,
            "eps_4q_growth_year": 75.16,
            "roe": -0.24,
            "roe_4q": 19.02,
            "gross_profit": 292046,
            "gross_margin": 17.25,
            "gross_margin_4q_avg": 35.41,
            "net_income": -71779,
            "revenue": 1692596,
            "common_shares": 8414343,
            "book_valuer_per_share": 24.69,
            "book_valuer_per_share_4q_avg": 19.31,
            "equity": 29792771,
            "current_ratio": 83.47,
            "debt_ratio": 34.04,
            "inventory_turnover_ratio": 0.77,
            "account_receivable_turnover_ratio": 3.53,
            "reinvestment_rate": 662.03,
            "research_to_sale_ratio": 0.03,
            "price_fair": 67.55,
            "eps_avg_yearly": 1.93,
            "eps_latest_yearly": 4.68,
            "eps_growth_yearly": 6838.16
        },
        "20122": {
            "year_quarter": 20122,
            "year": 2012,
            "quarter": 2,
            "eps": 2.27,
            "eps_growth_year": 92.93,
            "eps_4q": 4.28,
            "eps_4q_growth_year": 121.16,
            "roe": 7.98,
            "roe_4q": 17.270000000000003,
            "gross_profit": 1606657,
            "gross_margin": 51.91,
            "gross_margin_4q_avg": 34.87,
            "net_income": 2401826,
            "revenue": 3094974,
            "common_shares": 8414343,
            "book_valuer_per_share": 24.64,
            "book_valuer_per_share_4q_avg": 21.96,
            "equity": 30434183,
            "current_ratio": 82.24,
            "debt_ratio": 34.42,
            "inventory_turnover_ratio": 0.85,
            "account_receivable_turnover_ratio": 6.48,
            "reinvestment_rate": 536.24,
            "research_to_sale_ratio": null,
            "price_fair": 67.55,
            "eps_avg_yearly": 1.93,
            "eps_latest_yearly": 4.68,
            "eps_growth_yearly": 6838.16
        },
        "20123": {
            "year_quarter": 20123,
            "year": 2012,
            "quarter": 3,
            "eps": -0.09,
            "eps_growth_year": null,
            "eps_4q": 4.2,
            "eps_4q_growth_year": 123.47,
            "roe": -0.5,
            "roe_4q": 16.85,
            "gross_profit": 237444,
            "gross_margin": 12.58,
            "gross_margin_4q_avg": 32.91,
            "net_income": -149943,
            "revenue": 1887172,
            "common_shares": 8414343,
            "book_valuer_per_share": 24.66,
            "book_valuer_per_share_4q_avg": 24.65,
            "equity": 29856300,
            "current_ratio": 86.35,
            "debt_ratio": 33.84,
            "inventory_turnover_ratio": 1.01,
            "account_receivable_turnover_ratio": 3.89,
            "reinvestment_rate": 530.36,
            "research_to_sale_ratio": null,
            "price_fair": 67.55,
            "eps_avg_yearly": 1.93,
            "eps_latest_yearly": 4.68,
            "eps_growth_yearly": 6838.16
        },
        "20124": {
            "year_quarter": 20124,
            "year": 2012,
            "quarter": 4,
            "eps": 2.17,
            "eps_growth_year": 5.42,
            "eps_4q": 4.31,
            "eps_4q_growth_year": 41.12,
            "roe": 6.96,
            "roe_4q": 14.200000000000001,
            "gross_profit": 1302839,
            "gross_margin": 50.82,
            "gross_margin_4q_avg": 33.14,
            "net_income": 2170863,
            "revenue": 2563684,
            "common_shares": 8414343,
            "book_valuer_per_share": 27.52,
            "book_valuer_per_share_4q_avg": 25.38,
            "equity": 32548573,
            "current_ratio": 82.67,
            "debt_ratio": 31.87,
            "inventory_turnover_ratio": 0.8,
            "account_receivable_turnover_ratio": 5.56,
            "reinvestment_rate": 483.98,
            "research_to_sale_ratio": null,
            "price_fair": 67.55,
            "eps_avg_yearly": 1.93,
            "eps_latest_yearly": 4.68,
            "eps_growth_yearly": 6838.16
        },
        "20131": {
            "year_quarter": 20131,
            "year": 2013,
            "quarter": 1,
            "eps": 1.2,
            "eps_growth_year": null,
            "eps_4q": 5.54,
            "eps_4q_growth_year": 84.84,
            "roe": 4.33,
            "roe_4q": 18.77,
            "gross_profit": 1252100,
            "gross_margin": 48.34,
            "gross_margin_4q_avg": 40.91,
            "net_income": 1392874,
            "revenue": 2590167,
            "common_shares": 8414343,
            "book_valuer_per_share": 25.37,
            "book_valuer_per_share_4q_avg": 25.55,
            "equity": 31733339,
            "current_ratio": 149.34,
            "debt_ratio": 33.24,
            "inventory_turnover_ratio": 0.87,
            "account_receivable_turnover_ratio": 6.85,
            "reinvestment_rate": 402.7,
            "research_to_sale_ratio": null,
            "price_fair": 87.64,
            "eps_avg_yearly": 2.5,
            "eps_latest_yearly": 4.8,
            "eps_growth_yearly": 5434.77
        },
        "20132": {
            "year_quarter": 20132,
            "year": 2013,
            "quarter": 2,
            "eps": 1.89,
            "eps_growth_year": -16.58,
            "eps_4q": 5.16,
            "eps_4q_growth_year": 20.59,
            "roe": 5.97,
            "roe_4q": 16.76,
            "gross_profit": 736366,
            "gross_margin": 35.68,
            "gross_margin_4q_avg": 36.86,
            "net_income": 1676843,
            "revenue": 2063748,
            "common_shares": 8414343,
            "book_valuer_per_share": 16.23,
            "book_valuer_per_share_4q_avg": 23.45,
            "equity": 24440338,
            "current_ratio": 115.19,
            "debt_ratio": 43.6,
            "inventory_turnover_ratio": 0.9,
            "account_receivable_turnover_ratio": 5.97,
            "reinvestment_rate": 299.21,
            "research_to_sale_ratio": null,
            "price_fair": 117.13,
            "eps_avg_yearly": 3.35,
            "eps_latest_yearly": 7.56,
            "eps_growth_yearly": 4567.31
        },
        "20133": {
            "year_quarter": 20133,
            "year": 2013,
            "quarter": 3,
            "eps": 1.95,
            "eps_growth_year": null,
            "eps_4q": 7.2,
            "eps_4q_growth_year": 71.68,
            "roe": 7.81,
            "roe_4q": 25.07,
            "gross_profit": 872394,
            "gross_margin": 34.17,
            "gross_margin_4q_avg": 42.25,
            "net_income": 1804250,
            "revenue": 2553016,
            "common_shares": 8414343,
            "book_valuer_per_share": 12.72,
            "book_valuer_per_share_4q_avg": 20.46,
            "equity": 21737329,
            "current_ratio": 69.45,
            "debt_ratio": 49.17,
            "inventory_turnover_ratio": 1.16,
            "account_receivable_turnover_ratio": 7.37,
            "reinvestment_rate": 264.24,
            "research_to_sale_ratio": null,
            "price_fair": 139.4,
            "eps_avg_yearly": 3.98,
            "eps_latest_yearly": 7.8,
            "eps_growth_yearly": 3916.65
        },
        "20134": {
            "year_quarter": 20134,
            "year": 2013,
            "quarter": 4,
            "eps": 44.25,
            "eps_growth_year": 1941.36,
            "eps_4q": 48.73,
            "eps_4q_growth_year": 1031.1,
            "roe": 119.09,
            "roe_4q": 137.20000000000002,
            "gross_profit": 68387054,
            "gross_margin": 98.63,
            "gross_margin_4q_avg": 54.21,
            "net_income": 74078571,
            "revenue": 69339609,
            "common_shares": 9414343,
            "book_valuer_per_share": 64.28,
            "book_valuer_per_share_4q_avg": 29.65,
            "equity": 102671284,
            "current_ratio": 112.48,
            "debt_ratio": 12.34,
            "inventory_turnover_ratio": 0.63,
            "account_receivable_turnover_ratio": 190.95,
            "reinvestment_rate": 182.86,
            "research_to_sale_ratio": null,
            "price_fair": 896.35,
            "eps_avg_yearly": 25.61,
            "eps_latest_yearly": 177,
            "eps_growth_yearly": 4511.68
        },
        "20141": {
            "year_quarter": 20141,
            "year": 2014,
            "quarter": 1,
            "eps": 1.15,
            "eps_growth_year": -4.17,
            "eps_4q": 48.8,
            "eps_4q_growth_year": 780.18,
            "roe": 1.48,
            "roe_4q": 134.35,
            "gross_profit": 1448341,
            "gross_margin": 53.58,
            "gross_margin_4q_avg": 55.52,
            "net_income": 1555750,
            "revenue": 2703303,
            "common_shares": 9414343,
            "book_valuer_per_share": 68.59,
            "book_valuer_per_share_4q_avg": 40.46,
            "equity": 108026725,
            "current_ratio": 123.41,
            "debt_ratio": 12.88,
            "inventory_turnover_ratio": 0.82,
            "account_receivable_turnover_ratio": 7.91,
            "reinvestment_rate": 191.2,
            "research_to_sale_ratio": null,
            "price_fair": 814.64,
            "eps_avg_yearly": 23.28,
            "eps_latest_yearly": 4.6,
            "eps_growth_yearly": 3967.1
        },
        "20142": {
            "year_quarter": 20142,
            "year": 2014,
            "quarter": 2,
            "eps": -0.95,
            "eps_growth_year": -150.26,
            "eps_4q": 46.18,
            "eps_4q_growth_year": 794.1,
            "roe": -0.63,
            "roe_4q": 127.75,
            "gross_profit": 741730,
            "gross_margin": 35.94,
            "gross_margin_4q_avg": 55.58,
            "net_income": -667071,
            "revenue": 2063799,
            "common_shares": 9414343,
            "book_valuer_per_share": 64.99,
            "book_valuer_per_share_4q_avg": 52.65,
            "equity": 104140072,
            "current_ratio": 81.3,
            "debt_ratio": 17.55,
            "inventory_turnover_ratio": 0.89,
            "account_receivable_turnover_ratio": 5.95,
            "reinvestment_rate": 196.75,
            "research_to_sale_ratio": null,
            "price_fair": 814.64,
            "eps_avg_yearly": 23.28,
            "eps_latest_yearly": 4.6,
            "eps_growth_yearly": 3967.1
        },
        "20143": {
            "year_quarter": 20143,
            "year": 2014,
            "quarter": 3,
            "eps": 3.53,
            "eps_growth_year": 81.03,
            "eps_4q": 47.96,
            "eps_4q_growth_year": 565.61,
            "roe": 3.39,
            "roe_4q": 123.33,
            "gross_profit": 928662,
            "gross_margin": 40.59,
            "gross_margin_4q_avg": 57.19,
            "net_income": 3487056,
            "revenue": 2287799,
            "common_shares": 9414343,
            "book_valuer_per_share": 61.75,
            "book_valuer_per_share_4q_avg": 64.9,
            "equity": 101507891,
            "current_ratio": 123.31,
            "debt_ratio": 15.72,
            "inventory_turnover_ratio": 0.9,
            "account_receivable_turnover_ratio": 5.79,
            "reinvestment_rate": 178.91,
            "research_to_sale_ratio": null,
            "price_fair": 915.6,
            "eps_avg_yearly": 26.16,
            "eps_latest_yearly": 4.6,
            "eps_growth_yearly": 4510.35
        },
        "20144": {
            "year_quarter": 20144,
            "year": 2014,
            "quarter": 4,
            "eps": 4.25,
            "eps_growth_year": -90.4,
            "eps_4q": 7.95,
            "eps_4q_growth_year": -83.68,
            "roe": 3.76,
            "roe_4q": 8,
            "gross_profit": 871147,
            "gross_margin": 43.78,
            "gross_margin_4q_avg": 43.47,
            "net_income": 4039897,
            "revenue": 1989870,
            "common_shares": 9414343,
            "book_valuer_per_share": 72.72,
            "book_valuer_per_share_4q_avg": 67.01,
            "equity": 113420890,
            "current_ratio": 216.21,
            "debt_ratio": 12.59,
            "inventory_turnover_ratio": 0.7,
            "account_receivable_turnover_ratio": 5.05,
            "reinvestment_rate": 185.22,
            "research_to_sale_ratio": null,
            "price_fair": 977.9,
            "eps_avg_yearly": 27.94,
            "eps_latest_yearly": 17,
            "eps_growth_yearly": 3880.55
        },
        "20151": {
            "year_quarter": 20151,
            "year": 2015,
            "quarter": 1,
            "eps": 1.6,
            "eps_growth_year": 39.13,
            "eps_4q": 8.4,
            "eps_4q_growth_year": -82.78,
            "roe": 2.17,
            "roe_4q": 8.69,
            "gross_profit": 1279920,
            "gross_margin": 47.33,
            "gross_margin_4q_avg": 41.91,
            "net_income": 1675475,
            "revenue": 2704131,
            "common_shares": 9414343,
            "book_valuer_per_share": 30.86,
            "book_valuer_per_share_4q_avg": 57.58,
            "equity": 40895163,
            "current_ratio": 78.29,
            "debt_ratio": 27.46,
            "inventory_turnover_ratio": 0.88,
            "account_receivable_turnover_ratio": 7.26,
            "reinvestment_rate": 56.78,
            "research_to_sale_ratio": null,
            "price_fair": 1005.55,
            "eps_avg_yearly": 28.73,
            "eps_latest_yearly": 6.4,
            "eps_growth_yearly": 3897.92
        },
        "20152": {
            "year_quarter": 20152,
            "year": 2015,
            "quarter": 2,
            "eps": 1.9,
            "eps_growth_year": null,
            "eps_4q": 11.23,
            "eps_4q_growth_year": -75.67,
            "roe": 4.98,
            "roe_4q": 14.3,
            "gross_profit": 627817,
            "gross_margin": 33.85,
            "gross_margin_4q_avg": 41.39,
            "net_income": 1832238,
            "revenue": 1854931,
            "common_shares": 9414343,
            "book_valuer_per_share": 21.69,
            "book_valuer_per_share_4q_avg": 46.76,
            "equity": 32761245,
            "current_ratio": 55.31,
            "debt_ratio": 41.65,
            "inventory_turnover_ratio": 0.5,
            "account_receivable_turnover_ratio": 5.23,
            "reinvestment_rate": 50.69,
            "research_to_sale_ratio": null,
            "price_fair": 1018.33,
            "eps_avg_yearly": 29.1,
            "eps_latest_yearly": 7.6,
            "eps_growth_yearly": 1032.3
        },
        "20153": {
            "year_quarter": 20153,
            "year": 2015,
            "quarter": 3,
            "eps": 3,
            "eps_growth_year": -15.01,
            "eps_4q": 10.71,
            "eps_4q_growth_year": -77.67,
            "roe": 8.38,
            "roe_4q": 19.29,
            "gross_profit": 876702,
            "gross_margin": 39.19,
            "gross_margin_4q_avg": 41.04,
            "net_income": 2493391,
            "revenue": 2237254,
            "common_shares": 9414343,
            "book_valuer_per_share": 15.9,
            "book_valuer_per_share_4q_avg": 35.29,
            "equity": 26729058,
            "current_ratio": 72.23,
            "debt_ratio": 48.03,
            "inventory_turnover_ratio": 0.41,
            "account_receivable_turnover_ratio": 6.88,
            "reinvestment_rate": 29.5,
            "research_to_sale_ratio": null,
            "price_fair": 951.84,
            "eps_avg_yearly": 27.2,
            "eps_latest_yearly": 12,
            "eps_growth_yearly": 943.33
        },
        "20154": {
            "year_quarter": 20154,
            "year": 2015,
            "quarter": 4,
            "eps": 2.04,
            "eps_growth_year": -51.88,
            "eps_4q": 8.5,
            "eps_4q_growth_year": 6.94,
            "roe": 6.89,
            "roe_4q": 22.42,
            "gross_profit": 814243,
            "gross_margin": 46.65,
            "gross_margin_4q_avg": 41.76,
            "net_income": 2065241,
            "revenue": 1745401,
            "common_shares": 9414343,
            "book_valuer_per_share": 22.48,
            "book_valuer_per_share_4q_avg": 22.73,
            "equity": 33204343,
            "current_ratio": 86.36,
            "debt_ratio": 41.32,
            "inventory_turnover_ratio": 0.27,
            "account_receivable_turnover_ratio": 5.93,
            "reinvestment_rate": 20.21,
            "research_to_sale_ratio": null,
            "price_fair": 885.22,
            "eps_avg_yearly": 25.29,
            "eps_latest_yearly": 8.16,
            "eps_growth_yearly": 836.2
        },
        "20161": {
            "year_quarter": 20161,
            "year": 2016,
            "quarter": 1,
            "eps": 2.51,
            "eps_growth_year": 56.88,
            "eps_4q": 9.4,
            "eps_4q_growth_year": 11.92,
            "roe": 8.03,
            "roe_4q": 28.279999999999998,
            "gross_profit": 1437957,
            "gross_margin": 53.75,
            "gross_margin_4q_avg": 43.36,
            "net_income": 2786525,
            "revenue": 2675344,
            "common_shares": 9414343,
            "book_valuer_per_share": 25.42,
            "book_valuer_per_share_4q_avg": 21.37,
            "equity": 36211311,
            "current_ratio": 120.21,
            "debt_ratio": 39.09,
            "inventory_turnover_ratio": 0.35,
            "account_receivable_turnover_ratio": 8.12,
            "reinvestment_rate": 22.91,
            "research_to_sale_ratio": null,
            "price_fair": 836.69,
            "eps_avg_yearly": 23.91,
            "eps_latest_yearly": 10.04,
            "eps_growth_yearly": 768.56
        },
        "20162": {
            "year_quarter": 20162,
            "year": 2016,
            "quarter": 2,
            "eps": 0.53,
            "eps_growth_year": -72.11,
            "eps_4q": 8.04,
            "eps_4q_growth_year": -28.41,
            "roe": 1.88,
            "roe_4q": 25.18,
            "gross_profit": 713606,
            "gross_margin": 39.02,
            "gross_margin_4q_avg": 44.65,
            "net_income": 672912,
            "revenue": 1828778,
            "common_shares": 9414343,
            "book_valuer_per_share": 24.85,
            "book_valuer_per_share_4q_avg": 22.16,
            "equity": 35540976,
            "current_ratio": 96.22,
            "debt_ratio": 41.04,
            "inventory_turnover_ratio": 0.33,
            "account_receivable_turnover_ratio": 5.34,
            "reinvestment_rate": 22.15,
            "research_to_sale_ratio": null,
            "price_fair": 773.15,
            "eps_avg_yearly": 22.09,
            "eps_latest_yearly": 2.12,
            "eps_growth_yearly": 678.22
        },
        "20163": {
            "year_quarter": 20163,
            "year": 2016,
            "quarter": 3,
            "eps": 2.46,
            "eps_growth_year": -18,
            "eps_4q": 7.5,
            "eps_4q_growth_year": -29.96,
            "roe": 7.15,
            "roe_4q": 23.950000000000003,
            "gross_profit": 975155,
            "gross_margin": 43.88,
            "gross_margin_4q_avg": 45.83,
            "net_income": 2551075,
            "revenue": 2222248,
            "common_shares": 9414343,
            "book_valuer_per_share": 25.92,
            "book_valuer_per_share_4q_avg": 24.67,
            "equity": 35799069,
            "current_ratio": 122.34,
            "debt_ratio": 40.11,
            "inventory_turnover_ratio": 0.37,
            "account_receivable_turnover_ratio": 6.99,
            "reinvestment_rate": 23,
            "research_to_sale_ratio": null,
            "price_fair": 740.17,
            "eps_avg_yearly": 21.15,
            "eps_latest_yearly": 9.84,
            "eps_growth_yearly": 738.09
        },
        "20164": {
            "year_quarter": 20164,
            "year": 2016,
            "quarter": 4,
            "eps": 2.88,
            "eps_growth_year": 40.76,
            "eps_4q": 8.33,
            "eps_4q_growth_year": -2,
            "roe": 8.39,
            "roe_4q": 25.450000000000003,
            "gross_profit": 865869,
            "gross_margin": 50.11,
            "gross_margin_4q_avg": 46.69,
            "net_income": 2850208,
            "revenue": 1727853,
            "common_shares": 9414343,
            "book_valuer_per_share": 21.66,
            "book_valuer_per_share_4q_avg": 24.46,
            "equity": 32179496,
            "current_ratio": 136.78,
            "debt_ratio": 43.69,
            "inventory_turnover_ratio": 0.26,
            "account_receivable_turnover_ratio": 5.63,
            "reinvestment_rate": 12.52,
            "research_to_sale_ratio": null,
            "price_fair": 716.1,
            "eps_avg_yearly": 20.46,
            "eps_latest_yearly": 11.52,
            "eps_growth_yearly": 690.25
        },
        "20171": {
            "year_quarter": 20171,
            "year": 2017,
            "quarter": 1,
            "eps": 0.52,
            "eps_growth_year": -79.28,
            "eps_4q": 6.35,
            "eps_4q_growth_year": -32.44,
            "roe": 2.95,
            "roe_4q": 20.37,
            "gross_profit": 1250004,
            "gross_margin": 53.75,
            "gross_margin_4q_avg": 46.69,
            "net_income": 960512,
            "revenue": 2325556,
            "common_shares": 9414343,
            "book_valuer_per_share": 22.87,
            "book_valuer_per_share_4q_avg": 23.83,
            "equity": 32987554,
            "current_ratio": 100.63,
            "debt_ratio": 42.39,
            "inventory_turnover_ratio": 0.32,
            "account_receivable_turnover_ratio": 8.73,
            "reinvestment_rate": 17.44,
            "research_to_sale_ratio": null,
            "price_fair": 709.3,
            "eps_avg_yearly": 20.27,
            "eps_latest_yearly": 2.08,
            "eps_growth_yearly": 679.61
        },
        "20172": {
            "year_quarter": 20172,
            "year": 2017,
            "quarter": 2,
            "eps": 1.19,
            "eps_growth_year": 124.53,
            "eps_4q": 7.01,
            "eps_4q_growth_year": -12.8,
            "roe": 3.97,
            "roe_4q": 22.46,
            "gross_profit": 929439,
            "gross_margin": 45.74,
            "gross_margin_4q_avg": 48.37,
            "net_income": 1388909,
            "revenue": 2032222,
            "common_shares": 9414343,
            "book_valuer_per_share": 26.96,
            "book_valuer_per_share_4q_avg": 24.35,
            "equity": 37063157,
            "current_ratio": 119.68,
            "debt_ratio": 40.66,
            "inventory_turnover_ratio": 0.33,
            "account_receivable_turnover_ratio": 7.51,
            "reinvestment_rate": 31.35,
            "research_to_sale_ratio": null,
            "price_fair": 702.3,
            "eps_avg_yearly": 20.07,
            "eps_latest_yearly": 4.76,
            "eps_growth_yearly": 699.99
        },
        "20173": {
            "year_quarter": 20173,
            "year": 2017,
            "quarter": 3,
            "eps": 3.1,
            "eps_growth_year": 26.02,
            "eps_4q": 7.65,
            "eps_4q_growth_year": 1.98,
            "roe": 7.81,
            "roe_4q": 23.12,
            "gross_profit": 791377,
            "gross_margin": 41.07,
            "gross_margin_4q_avg": 47.67,
            "net_income": 3037103,
            "revenue": 1927077,
            "common_shares": 9414343,
            "book_valuer_per_share": 31.61,
            "book_valuer_per_share_4q_avg": 25.78,
            "equity": 40719754,
            "current_ratio": 114.81,
            "debt_ratio": 37.78,
            "inventory_turnover_ratio": 0.35,
            "account_receivable_turnover_ratio": 7.21,
            "reinvestment_rate": 36.47,
            "research_to_sale_ratio": null,
            "price_fair": 713.8,
            "eps_avg_yearly": 20.39,
            "eps_latest_yearly": 12.4,
            "eps_growth_yearly": 744.94
        },
        "20174": {
            "year_quarter": 20174,
            "year": 2017,
            "quarter": 4,
            "eps": 10.26,
            "eps_growth_year": 256.63,
            "eps_4q": 15.03,
            "eps_4q_growth_year": 80.41,
            "roe": 45.11,
            "roe_4q": 59.84,
            "gross_profit": 23815117,
            "gross_margin": 96.19,
            "gross_margin_4q_avg": 59.19,
            "net_income": 18659402,
            "revenue": 24758819,
            "common_shares": 9414343,
            "book_valuer_per_share": 41.34,
            "book_valuer_per_share_4q_avg": 30.7,
            "equity": 42006546,
            "current_ratio": 193.17,
            "debt_ratio": 47.88,
            "inventory_turnover_ratio": 0.29,
            "account_receivable_turnover_ratio": 102.96,
            "reinvestment_rate": -179.59,
            "research_to_sale_ratio": null,
            "price_fair": 373.9,
            "eps_avg_yearly": 10.68,
            "eps_latest_yearly": 41.04,
            "eps_growth_yearly": 191.15
        },
        "20181": {
            "year_quarter": 20181,
            "year": 2018,
            "quarter": 1,
            "eps": 3.47,
            "eps_growth_year": 567.31,
            "eps_4q": 17.97,
            "eps_4q_growth_year": 182.77,
            "roe": 11.06,
            "roe_4q": 67.95,
            "gross_profit": 5293463,
            "gross_margin": 82.73,
            "gross_margin_4q_avg": 66.43,
            "net_income": 5315135,
            "revenue": 6398323,
            "common_shares": 9414343,
            "book_valuer_per_share": 52.66,
            "book_valuer_per_share_4q_avg": 38.14,
            "equity": 54137498,
            "current_ratio": 136.84,
            "debt_ratio": 41.4,
            "inventory_turnover_ratio": 0.35,
            "account_receivable_turnover_ratio": 24.93,
            "reinvestment_rate": -195.04,
            "research_to_sale_ratio": null,
            "price_fair": 397.1,
            "eps_avg_yearly": 11.35,
            "eps_latest_yearly": 13.88,
            "eps_growth_yearly": 200.07
        },
        "20182": {
            "year_quarter": 20182,
            "year": 2018,
            "quarter": 2,
            "eps": 4.7,
            "eps_growth_year": 294.96,
            "eps_4q": 21.45,
            "eps_4q_growth_year": 205.83,
            "roe": 12.3,
            "roe_4q": 76.28,
            "gross_profit": 394718,
            "gross_margin": 27.55,
            "gross_margin_4q_avg": 61.89,
            "net_income": 6715696,
            "revenue": 1432716,
            "common_shares": 9414343,
            "book_valuer_per_share": 50.31,
            "book_valuer_per_share_4q_avg": 43.98,
            "equity": 55053812,
            "current_ratio": 140.62,
            "debt_ratio": 39.39,
            "inventory_turnover_ratio": 0.33,
            "account_receivable_turnover_ratio": 4.92,
            "reinvestment_rate": -176.41,
            "research_to_sale_ratio": null,
            "price_fair": 414.49,
            "eps_avg_yearly": 11.84,
            "eps_latest_yearly": 18.8,
            "eps_growth_yearly": 196.19
        },
        "20183": {
            "year_quarter": 20183,
            "year": 2018,
            "quarter": 3,
            "eps": 3.45,
            "eps_growth_year": 11.29,
            "eps_4q": 36.07,
            "eps_4q_growth_year": 371.6,
            "roe": 5.96,
            "roe_4q": 74.43,
            "gross_profit": 373076,
            "gross_margin": 23.63,
            "gross_margin_4q_avg": 57.53,
            "net_income": 3035412,
            "revenue": 1578778,
            "common_shares": 5648606,
            "book_valuer_per_share": 68.24,
            "book_valuer_per_share_4q_avg": 53.14,
            "equity": 46791506,
            "current_ratio": 263.11,
            "debt_ratio": 40.48,
            "inventory_turnover_ratio": 0.39,
            "account_receivable_turnover_ratio": 5.02,
            "reinvestment_rate": -181.36,
            "research_to_sale_ratio": null,
            "price_fair": 418.78,
            "eps_avg_yearly": 11.97,
            "eps_latest_yearly": 13.8,
            "eps_growth_yearly": 177.28
        },
        "20184": {
            "year_quarter": 20184,
            "year": 2018,
            "quarter": 4,
            "eps": 0.45,
            "eps_growth_year": -95.61,
            "eps_4q": 19.41,
            "eps_4q_growth_year": 29.13,
            "roe": 0.89,
            "roe_4q": 30.21,
            "gross_profit": 209665,
            "gross_margin": 19.26,
            "gross_margin_4q_avg": 38.29,
            "net_income": 350663,
            "revenue": 1088511,
            "common_shares": 5648606,
            "book_valuer_per_share": 40.53,
            "book_valuer_per_share_4q_avg": 52.94,
            "equity": 32157792,
            "current_ratio": 434.57,
            "debt_ratio": 48.01,
            "inventory_turnover_ratio": 0.29,
            "account_receivable_turnover_ratio": 3.77,
            "reinvestment_rate": -261.9,
            "research_to_sale_ratio": null,
            "price_fair": 385.53,
            "eps_avg_yearly": 11.02,
            "eps_latest_yearly": 1.8,
            "eps_growth_yearly": 150.44
        },
        "20191": {
            "year_quarter": 20191,
            "year": 2019,
            "quarter": 1,
            "eps": 3.91,
            "eps_growth_year": 12.68,
            "eps_4q": 17.56,
            "eps_4q_growth_year": -2.28,
            "roe": 4.66,
            "roe_4q": 23.810000000000002,
            "gross_profit": 189347,
            "gross_margin": 21.76,
            "gross_margin_4q_avg": 23.05,
            "net_income": 2109497,
            "revenue": 870222,
            "common_shares": 5648606,
            "book_valuer_per_share": 89.56,
            "book_valuer_per_share_4q_avg": 62.16,
            "equity": 58387177,
            "current_ratio": 430.8,
            "debt_ratio": 33.8,
            "inventory_turnover_ratio": 0.24,
            "account_receivable_turnover_ratio": 3.43,
            "reinvestment_rate": -9.44,
            "research_to_sale_ratio": null,
            "price_fair": 405.74,
            "eps_avg_yearly": 11.59,
            "eps_latest_yearly": 15.64,
            "eps_growth_yearly": 358.25
        },
        "20192": {
            "year_quarter": 20192,
            "year": 2019,
            "quarter": 2,
            "eps": 7.13,
            "eps_growth_year": 51.7,
            "eps_4q": 16.85,
            "eps_4q_growth_year": -21.41,
            "roe": 6.12,
            "roe_4q": 17.630000000000003,
            "gross_profit": 395755,
            "gross_margin": 35.2,
            "gross_margin_4q_avg": 24.96,
            "net_income": 3969794,
            "revenue": 1124418,
            "common_shares": 5648606,
            "book_valuer_per_share": 113.56,
            "book_valuer_per_share_4q_avg": 77.97,
            "equity": 71416448,
            "current_ratio": 309.02,
            "debt_ratio": 32.03,
            "inventory_turnover_ratio": 0.27,
            "account_receivable_turnover_ratio": 4.51,
            "reinvestment_rate": 44.98,
            "research_to_sale_ratio": null,
            "price_fair": 451.5,
            "eps_avg_yearly": 12.9,
            "eps_latest_yearly": 28.52,
            "eps_growth_yearly": 374.15
        },
        "20193": {
            "year_quarter": 20193,
            "year": 2019,
            "quarter": 3,
            "eps": 7.91,
            "eps_growth_year": 129.28,
            "eps_4q": 19.25,
            "eps_4q_growth_year": -46.64,
            "roe": 5.42,
            "roe_4q": 17.09,
            "gross_profit": 73398,
            "gross_margin": 9.48,
            "gross_margin_4q_avg": 21.43,
            "net_income": 4245639,
            "revenue": 774160,
            "common_shares": 5648606,
            "book_valuer_per_share": 139.59,
            "book_valuer_per_share_4q_avg": 95.81,
            "equity": 85370380,
            "current_ratio": 512.94,
            "debt_ratio": 28.17,
            "inventory_turnover_ratio": 0.27,
            "account_receivable_turnover_ratio": 3.38,
            "reinvestment_rate": 86.19,
            "research_to_sale_ratio": null,
            "price_fair": 494.46,
            "eps_avg_yearly": 14.13,
            "eps_latest_yearly": 31.64,
            "eps_growth_yearly": 362.41
        },
        "20194": {
            "year_quarter": 20194,
            "year": 2019,
            "quarter": 4,
            "eps": -2.41,
            "eps_growth_year": -635.6,
            "eps_4q": 16.39,
            "eps_4q_growth_year": -15.6,
            "roe": -1.34,
            "roe_4q": 14.86,
            "gross_profit": 237581,
            "gross_margin": 33.11,
            "gross_margin_4q_avg": 24.89,
            "net_income": -1138290,
            "revenue": 717592,
            "common_shares": 5648606,
            "book_valuer_per_share": 136.89,
            "book_valuer_per_share_4q_avg": 119.9,
            "equity": 84325616,
            "current_ratio": 728.43,
            "debt_ratio": 28.91,
            "inventory_turnover_ratio": 0.19,
            "account_receivable_turnover_ratio": 3.52,
            "reinvestment_rate": 76.65,
            "research_to_sale_ratio": null,
            "price_fair": 508.39,
            "eps_avg_yearly": 14.53,
            "eps_latest_yearly": 31.64,
            "eps_growth_yearly": 395.11
        },
        "20201": {
            "year_quarter": 20201,
            "year": 2020,
            "quarter": 1,
            "eps": 5.61,
            "eps_growth_year": 43.48,
            "eps_4q": 18.06,
            "eps_4q_growth_year": 2.89,
            "roe": 4.05,
            "roe_4q": 14.25,
            "gross_profit": 202706,
            "gross_margin": 29.05,
            "gross_margin_4q_avg": 26.71,
            "net_income": 3013512,
            "revenue": 697845,
            "common_shares": 5648606,
            "book_valuer_per_share": 98.1,
            "book_valuer_per_share_4q_avg": 122.04,
            "equity": 64471347,
            "current_ratio": 625.94,
            "debt_ratio": 35,
            "inventory_turnover_ratio": 0.2,
            "account_receivable_turnover_ratio": 4.01,
            "reinvestment_rate": 18.03,
            "research_to_sale_ratio": null,
            "price_fair": 519.6,
            "eps_avg_yearly": 14.85,
            "eps_latest_yearly": 31.64,
            "eps_growth_yearly": 416.75
        },
        "20202": {
            "year_quarter": 20202,
            "year": 2020,
            "quarter": 2,
            "eps": 2.02,
            "eps_growth_year": -71.67,
            "eps_4q": 13,
            "eps_4q_growth_year": -22.88,
            "roe": 1.54,
            "roe_4q": 9.67,
            "gross_profit": 374061,
            "gross_margin": 44.05,
            "gross_margin_4q_avg": 28.92,
            "net_income": 1223562,
            "revenue": 849145,
            "common_shares": 5648606,
            "book_valuer_per_share": 152.19,
            "book_valuer_per_share_4q_avg": 131.69,
            "equity": 94173196,
            "current_ratio": 216.05,
            "debt_ratio": 29.43,
            "inventory_turnover_ratio": 0.19,
            "account_receivable_turnover_ratio": 4.62,
            "reinvestment_rate": 97.66,
            "research_to_sale_ratio": null,
            "price_fair": 534.5,
            "eps_avg_yearly": 15.27,
            "eps_latest_yearly": 8.08,
            "eps_growth_yearly": 421
        },
        "20203": {
            "year_quarter": 20203,
            "year": 2020,
            "quarter": 3,
            "eps": 7.1,
            "eps_growth_year": -10.24,
            "eps_4q": 12.2,
            "eps_4q_growth_year": -36.62,
            "roe": 3.96,
            "roe_4q": 8.21,
            "gross_profit": 150098,
            "gross_margin": 26.1,
            "gross_margin_4q_avg": 33.08,
            "net_income": 3785711,
            "revenue": 575103,
            "common_shares": 5648606,
            "book_valuer_per_share": 161.63,
            "book_valuer_per_share_4q_avg": 137.2,
            "equity": 97238140,
            "current_ratio": 316.54,
            "debt_ratio": 28.42,
            "inventory_turnover_ratio": 0.17,
            "account_receivable_turnover_ratio": 3.25,
            "reinvestment_rate": 107.89,
            "research_to_sale_ratio": null,
            "price_fair": 580.9,
            "eps_avg_yearly": 16.6,
            "eps_latest_yearly": 28.4,
            "eps_growth_yearly": 388.81
        },
        "20204": {
            "year_quarter": 20204,
            "year": 2020,
            "quarter": 4,
            "eps": 0.12,
            "eps_growth_year": null,
            "eps_4q": 14.73,
            "eps_4q_growth_year": -10.08,
            "roe": 0.06,
            "roe_4q": 9.61,
            "gross_profit": 246089,
            "gross_margin": 40.06,
            "gross_margin_4q_avg": 34.82,
            "net_income": 68564,
            "revenue": 614301,
            "common_shares": 5648606,
            "book_valuer_per_share": 196.76,
            "book_valuer_per_share_4q_avg": 152.17,
            "equity": 115606494,
            "current_ratio": 254.49,
            "debt_ratio": 24.77,
            "inventory_turnover_ratio": 0.15,
            "account_receivable_turnover_ratio": 4.09,
            "reinvestment_rate": 171.46,
            "research_to_sale_ratio": null,
            "price_fair": 553.3,
            "eps_avg_yearly": 15.81,
            "eps_latest_yearly": 0.48,
            "eps_growth_yearly": 355.84
        },
        "20211": {
            "year_quarter": 20211,
            "year": 2021,
            "quarter": 1,
            "eps": 12.8,
            "eps_growth_year": 128.16,
            "eps_4q": 21.87,
            "eps_4q_growth_year": 21.06,
            "roe": 6.49,
            "roe_4q": 12.05,
            "gross_profit": 201845,
            "gross_margin": 31.42,
            "gross_margin_4q_avg": 35.41,
            "net_income": 6810256,
            "revenue": 642486,
            "common_shares": 5648606,
            "book_valuer_per_share": 157.46,
            "book_valuer_per_share_4q_avg": 167.01,
            "equity": 94276111,
            "current_ratio": 212.76,
            "debt_ratio": 28.35,
            "inventory_turnover_ratio": 0.18,
            "account_receivable_turnover_ratio": 3.79,
            "reinvestment_rate": 99.01,
            "research_to_sale_ratio": null,
            "price_fair": 676.1,
            "eps_avg_yearly": 19.32,
            "eps_latest_yearly": 51.2,
            "eps_growth_yearly": 3398.3
        },
        "20212": {
            "year_quarter": 20212,
            "year": 2021,
            "quarter": 2,
            "eps": 6.37,
            "eps_growth_year": 215.35,
            "eps_4q": 19.9,
            "eps_4q_growth_year": 53.1,
            "roe": 3.37,
            "roe_4q": 13.879999999999999,
            "gross_profit": 194001,
            "gross_margin": 27.68,
            "gross_margin_4q_avg": 31.32,
            "net_income": 3414186,
            "revenue": 700857,
            "common_shares": 5648606,
            "book_valuer_per_share": 184.64,
            "book_valuer_per_share_4q_avg": 175.12,
            "equity": 108264029,
            "current_ratio": 184.34,
            "debt_ratio": 26.71,
            "inventory_turnover_ratio": 0.21,
            "account_receivable_turnover_ratio": 4.53,
            "reinvestment_rate": 121.73,
            "research_to_sale_ratio": null,
            "price_fair": 727.9,
            "eps_avg_yearly": 20.8,
            "eps_latest_yearly": 25.48,
            "eps_growth_yearly": 3347.14
        },
        "20213": {
            "year_quarter": 20213,
            "year": 2021,
            "quarter": 3,
            "eps": 5.66,
            "eps_growth_year": -20.28,
            "eps_4q": 20.09,
            "eps_4q_growth_year": 64.67,
            "roe": 3.73,
            "roe_4q": 13.65,
            "gross_profit": 289093,
            "gross_margin": 40.06,
            "gross_margin_4q_avg": 34.81,
            "net_income": 3968139,
            "revenue": 721654,
            "common_shares": 5648606,
            "book_valuer_per_share": 178.95,
            "book_valuer_per_share_4q_avg": 179.45,
            "equity": 104322440,
            "current_ratio": 317.24,
            "debt_ratio": 27.09,
            "inventory_turnover_ratio": 0.27,
            "account_receivable_turnover_ratio": 5.89,
            "reinvestment_rate": 103.41,
            "research_to_sale_ratio": null,
            "price_fair": 753.5,
            "eps_avg_yearly": 21.53,
            "eps_latest_yearly": 22.64,
            "eps_growth_yearly": 3298.1
        },
        "20214": {
            "year_quarter": 20214,
            "year": 2021,
            "quarter": 4,
            "eps": 2.08,
            "eps_growth_year": 1570.43,
            "eps_4q": 22.31,
            "eps_4q_growth_year": 51.42,
            "roe": 1.35,
            "roe_4q": 14.94,
            "gross_profit": 260283,
            "gross_margin": 41.25,
            "gross_margin_4q_avg": 35.1,
            "net_income": 1448050,
            "revenue": 630984,
            "common_shares": 7343188,
            "book_valuer_per_share": 153.3,
            "book_valuer_per_share_4q_avg": 168.59,
            "equity": 109986577,
            "current_ratio": 233.18,
            "debt_ratio": 25.82,
            "inventory_turnover_ratio": 0.5,
            "account_receivable_turnover_ratio": 4.4,
            "reinvestment_rate": 178.96,
            "research_to_sale_ratio": null,
            "price_fair": 671.7,
            "eps_avg_yearly": 19.19,
            "eps_latest_yearly": 8.32,
            "eps_growth_yearly": 3214.03
        },
        "20221": {
            "year_quarter": 20221,
            "year": 2022,
            "quarter": 1,
            "eps": 6.19,
            "eps_growth_year": -51.64,
            "eps_4q": 18.68,
            "eps_4q_growth_year": -14.56,
            "roe": 5,
            "roe_4q": 13.45,
            "gross_profit": 184687,
            "gross_margin": 25.47,
            "gross_margin_4q_avg": 33.62,
            "net_income": 4280348,
            "revenue": 725185,
            "common_shares": 7343188,
            "book_valuer_per_share": 83.57,
            "book_valuer_per_share_4q_avg": 150.12,
            "equity": 61206845,
            "current_ratio": 159.8,
            "debt_ratio": 38.55,
            "inventory_turnover_ratio": 0.74,
            "account_receivable_turnover_ratio": 4.07,
            "reinvestment_rate": 69.8,
            "research_to_sale_ratio": null,
            "price_fair": 698.9,
            "eps_avg_yearly": 19.97,
            "eps_latest_yearly": 24.76,
            "eps_growth_yearly": 3289.4
        },
        "20222": {
            "year_quarter": 20222,
            "year": 2022,
            "quarter": 2,
            "eps": 8.61,
            "eps_growth_year": 35.16,
            "eps_4q": 22.37,
            "eps_4q_growth_year": 12.41,
            "roe": 17.77,
            "roe_4q": 27.85,
            "gross_profit": 284658,
            "gross_margin": 35,
            "gross_margin_4q_avg": 35.45,
            "net_income": 6049493,
            "revenue": 813279,
            "common_shares": 7343188,
            "book_valuer_per_share": 5.76,
            "book_valuer_per_share_4q_avg": 105.4,
            "equity": 6894743,
            "current_ratio": 102.12,
            "debt_ratio": 86.14,
            "inventory_turnover_ratio": 0.74,
            "account_receivable_turnover_ratio": 4.5,
            "reinvestment_rate": -44.94,
            "research_to_sale_ratio": null,
            "price_fair": 738,
            "eps_avg_yearly": 21.09,
            "eps_latest_yearly": 34.44,
            "eps_growth_yearly": 3290.44
        },
        "20223": {
            "year_quarter": 20223,
            "year": 2022,
            "quarter": 3,
            "eps": 10.53,
            "eps_growth_year": 86.04,
            "eps_4q": 17.85,
            "eps_4q_growth_year": -11.14,
            "roe": 52.89,
            "roe_4q": 77.00999999999999,
            "gross_profit": 258184,
            "gross_margin": 38.14,
            "gross_margin_4q_avg": 34.97,
            "net_income": 7386742,
            "revenue": 676970,
            "common_shares": 11043188,
            "book_valuer_per_share": 17.27,
            "book_valuer_per_share_4q_avg": 64.98,
            "equity": 21038171,
            "current_ratio": 346.43,
            "debt_ratio": 64.65,
            "inventory_turnover_ratio": 0.66,
            "account_receivable_turnover_ratio": 3.75,
            "reinvestment_rate": -49.05,
            "research_to_sale_ratio": null,
            "price_fair": 808.8,
            "eps_avg_yearly": 23.11,
            "eps_latest_yearly": 42.12,
            "eps_growth_yearly": 3304.41
        },
        "20224": {
            "year_quarter": 20224,
            "year": 2022,
            "quarter": 4,
            "eps": -5.07,
            "eps_growth_year": -344.46,
            "eps_4q": 11.42,
            "eps_4q_growth_year": -48.82,
            "roe": -10.9,
            "roe_4q": 64.76,
            "gross_profit": 250046,
            "gross_margin": 37.96,
            "gross_margin_4q_avg": 34.14,
            "net_income": -5629305,
            "revenue": 658761,
            "common_shares": 11043188,
            "book_valuer_per_share": 74.55,
            "book_valuer_per_share_4q_avg": 45.29,
            "equity": 82278508,
            "current_ratio": 169.1,
            "debt_ratio": 19.43,
            "inventory_turnover_ratio": 0.75,
            "account_receivable_turnover_ratio": 3.52,
            "reinvestment_rate": 114.37,
            "research_to_sale_ratio": null,
            "price_fair": 866.17,
            "eps_avg_yearly": 24.75,
            "eps_latest_yearly": 42.12,
            "eps_growth_yearly": 3585.35
        },
        "20231": {
            "year_quarter": 20231,
            "year": 2023,
            "quarter": 1,
            "eps": 0.14,
            "eps_growth_year": -97.74,
            "eps_4q": 7.54,
            "eps_4q_growth_year": -59.63,
            "roe": 0.17,
            "roe_4q": 59.92999999999999,
            "gross_profit": 228821,
            "gross_margin": 30.5,
            "gross_margin_4q_avg": 35.4,
            "net_income": 143824,
            "revenue": 750176,
            "common_shares": 11043188,
            "book_valuer_per_share": 81.82,
            "book_valuer_per_share_4q_avg": 44.85,
            "equity": 90289800,
            "current_ratio": 224.95,
            "debt_ratio": 18.01,
            "inventory_turnover_ratio": 1,
            "account_receivable_turnover_ratio": 3.52,
            "reinvestment_rate": 74.49,
            "research_to_sale_ratio": null,
            "price_fair": 892.73,
            "eps_avg_yearly": 25.51,
            "eps_latest_yearly": 42.12,
            "eps_growth_yearly": 3627.83
        }
    },
    "months": {
        "2003-01": {
            "month": "2003-01",
            "price": "15.85",
            "revenue": 846840
        },
        "2003-02": {
            "month": "2003-02",
            "price": "15.47",
            "revenue": 532725
        },
        "2003-03": {
            "month": "2003-03",
            "price": "14.99",
            "revenue": 627420
        },
        "2003-04": {
            "month": "2003-04",
            "price": "14.75",
            "revenue": 665303
        },
        "2003-05": {
            "month": "2003-05",
            "price": "14.19",
            "revenue": 1045158
        },
        "2003-06": {
            "month": "2003-06",
            "price": "14.70",
            "revenue": 694508
        },
        "2003-07": {
            "month": "2003-07",
            "price": "14.82",
            "revenue": 748268
        },
        "2003-08": {
            "month": "2003-08",
            "price": "13.88",
            "revenue": 662013
        },
        "2003-09": {
            "month": "2003-09",
            "price": "13.73",
            "revenue": 741313
        },
        "2003-10": {
            "month": "2003-10",
            "price": "14.00",
            "revenue": 751936
        },
        "2003-11": {
            "month": "2003-11",
            "price": "15.17",
            "revenue": 738835
        },
        "2003-12": {
            "month": "2003-12",
            "price": "15.22",
            "revenue": 902110
        },
        "2004-01": {
            "month": "2004-01",
            "price": "14.59",
            "revenue": 520088
        },
        "2004-02": {
            "month": "2004-02",
            "price": "14.09",
            "revenue": 413395
        },
        "2004-03": {
            "month": "2004-03",
            "price": "13.15",
            "revenue": 729940
        },
        "2004-04": {
            "month": "2004-04",
            "price": "12.36",
            "revenue": 561525
        },
        "2004-05": {
            "month": "2004-05",
            "price": "12.12",
            "revenue": 534915
        },
        "2004-06": {
            "month": "2004-06",
            "price": "12.72",
            "revenue": 572030
        },
        "2004-07": {
            "month": "2004-07",
            "price": "11.75",
            "revenue": 636007
        },
        "2004-08": {
            "month": "2004-08",
            "price": "11.51",
            "revenue": 535491
        },
        "2004-09": {
            "month": "2004-09",
            "price": "11.45",
            "revenue": 586281
        },
        "2004-10": {
            "month": "2004-10",
            "price": "12.34",
            "revenue": 655832
        },
        "2004-11": {
            "month": "2004-11",
            "price": "13.20",
            "revenue": 508190
        },
        "2004-12": {
            "month": "2004-12",
            "price": "14.17",
            "revenue": 518059
        },
        "2005-01": {
            "month": "2005-01",
            "price": "14.90",
            "revenue": 453700
        },
        "2005-02": {
            "month": "2005-02",
            "price": "15.18",
            "revenue": 392809
        },
        "2005-03": {
            "month": "2005-03",
            "price": "15.36",
            "revenue": 508694
        },
        "2005-04": {
            "month": "2005-04",
            "price": "14.16",
            "revenue": 499681
        },
        "2005-05": {
            "month": "2005-05",
            "price": "13.00",
            "revenue": 453190
        },
        "2005-06": {
            "month": "2005-06",
            "price": "12.70",
            "revenue": 529821
        },
        "2005-07": {
            "month": "2005-07",
            "price": "12.27",
            "revenue": 386553
        },
        "2005-08": {
            "month": "2005-08",
            "price": "11.71",
            "revenue": 483999
        },
        "2005-09": {
            "month": "2005-09",
            "price": "12.06",
            "revenue": 483532
        },
        "2005-10": {
            "month": "2005-10",
            "price": "11.69",
            "revenue": 492438
        },
        "2005-11": {
            "month": "2005-11",
            "price": "11.78",
            "revenue": 455518
        },
        "2005-12": {
            "month": "2005-12",
            "price": "12.09",
            "revenue": 463077
        },
        "2006-01": {
            "month": "2006-01",
            "price": "11.48",
            "revenue": 428684
        },
        "2006-02": {
            "month": "2006-02",
            "price": "11.28",
            "revenue": 320344
        },
        "2006-03": {
            "month": "2006-03",
            "price": "10.95",
            "revenue": 436124
        },
        "2006-04": {
            "month": "2006-04",
            "price": "10.92",
            "revenue": 435951
        },
        "2006-05": {
            "month": "2006-05",
            "price": "13.64",
            "revenue": 405188
        },
        "2006-06": {
            "month": "2006-06",
            "price": "14.95",
            "revenue": 443928
        },
        "2006-07": {
            "month": "2006-07",
            "price": "15.88",
            "revenue": 410112
        },
        "2006-08": {
            "month": "2006-08",
            "price": "15.24",
            "revenue": 447775
        },
        "2006-09": {
            "month": "2006-09",
            "price": "15.09",
            "revenue": 419720
        },
        "2006-10": {
            "month": "2006-10",
            "price": "18.03",
            "revenue": 448825
        },
        "2006-11": {
            "month": "2006-11",
            "price": "18.05",
            "revenue": 407349
        },
        "2006-12": {
            "month": "2006-12",
            "price": "21.89",
            "revenue": 403780
        },
        "2007-01": {
            "month": "2007-01",
            "price": "23.57",
            "revenue": 369482
        },
        "2007-02": {
            "month": "2007-02",
            "price": "22.80",
            "revenue": 392502
        },
        "2007-03": {
            "month": "2007-03",
            "price": "21.47",
            "revenue": 378737
        },
        "2007-04": {
            "month": "2007-04",
            "price": "23.50",
            "revenue": 410332
        },
        "2007-05": {
            "month": "2007-05",
            "price": "20.42",
            "revenue": 425594
        },
        "2007-06": {
            "month": "2007-06",
            "price": "20.96",
            "revenue": 423720
        },
        "2007-07": {
            "month": "2007-07",
            "price": "24.08",
            "revenue": 409630
        },
        "2007-08": {
            "month": "2007-08",
            "price": "28.02",
            "revenue": 476805
        },
        "2007-09": {
            "month": "2007-09",
            "price": "27.60",
            "revenue": 419649
        },
        "2007-10": {
            "month": "2007-10",
            "price": "28.80",
            "revenue": 535438
        },
        "2007-11": {
            "month": "2007-11",
            "price": "26.95",
            "revenue": 508787
        },
        "2007-12": {
            "month": "2007-12",
            "price": "25.01",
            "revenue": 528601
        },
        "2008-01": {
            "month": "2008-01",
            "price": "26.96",
            "revenue": 558296
        },
        "2008-02": {
            "month": "2008-02",
            "price": "27.79",
            "revenue": 493665
        },
        "2008-03": {
            "month": "2008-03",
            "price": "28.12",
            "revenue": 476862
        },
        "2008-04": {
            "month": "2008-04",
            "price": "30.77",
            "revenue": 459002
        },
        "2008-05": {
            "month": "2008-05",
            "price": "31.12",
            "revenue": 385722
        },
        "2008-06": {
            "month": "2008-06",
            "price": "27.61",
            "revenue": 375314
        },
        "2008-07": {
            "month": "2008-07",
            "price": "26.22",
            "revenue": 397437
        },
        "2008-08": {
            "month": "2008-08",
            "price": "25.32",
            "revenue": 518817
        },
        "2008-09": {
            "month": "2008-09",
            "price": "19.42",
            "revenue": 424807
        },
        "2008-10": {
            "month": "2008-10",
            "price": "15.60",
            "revenue": 424272
        },
        "2008-11": {
            "month": "2008-11",
            "price": "16.05",
            "revenue": 399546
        },
        "2008-12": {
            "month": "2008-12",
            "price": "18.34",
            "revenue": 380916
        },
        "2009-01": {
            "month": "2009-01",
            "price": "18.51",
            "revenue": 461157
        },
        "2009-02": {
            "month": "2009-02",
            "price": "19.30",
            "revenue": 325157
        },
        "2009-03": {
            "month": "2009-03",
            "price": "23.47",
            "revenue": 355602
        },
        "2009-04": {
            "month": "2009-04",
            "price": "26.35",
            "revenue": 414294
        },
        "2009-05": {
            "month": "2009-05",
            "price": "31.62",
            "revenue": 361409
        },
        "2009-06": {
            "month": "2009-06",
            "price": "32.71",
            "revenue": 352912
        },
        "2009-07": {
            "month": "2009-07",
            "price": "39.57",
            "revenue": 379516
        },
        "2009-08": {
            "month": "2009-08",
            "price": "37.53",
            "revenue": 389053
        },
        "2009-09": {
            "month": "2009-09",
            "price": "41.09",
            "revenue": 391440
        },
        "2009-10": {
            "month": "2009-10",
            "price": "50.89",
            "revenue": 439295
        },
        "2009-11": {
            "month": "2009-11",
            "price": "55.00",
            "revenue": 366094
        },
        "2009-12": {
            "month": "2009-12",
            "price": "55.23",
            "revenue": 401465
        },
        "2010-01": {
            "month": "2010-01",
            "price": "57.18",
            "revenue": 358902
        },
        "2010-02": {
            "month": "2010-02",
            "price": "52.65",
            "revenue": 364039
        },
        "2010-03": {
            "month": "2010-03",
            "price": "61.83",
            "revenue": 338937
        },
        "2010-04": {
            "month": "2010-04",
            "price": "78.80",
            "revenue": 432321
        },
        "2010-05": {
            "month": "2010-05",
            "price": "72.25",
            "revenue": 428837
        },
        "2010-06": {
            "month": "2010-06",
            "price": "82.75",
            "revenue": 389816
        },
        "2010-07": {
            "month": "2010-07",
            "price": "90.40",
            "revenue": 458789
        },
        "2010-08": {
            "month": "2010-08",
            "price": "98.14",
            "revenue": 444996
        },
        "2010-09": {
            "month": "2010-09",
            "price": "98.00",
            "revenue": 403630
        },
        "2010-10": {
            "month": "2010-10",
            "price": "89.52",
            "revenue": 498031
        },
        "2010-11": {
            "month": "2010-11",
            "price": "93.00",
            "revenue": 414302
        },
        "2010-12": {
            "month": "2010-12",
            "price": "91.45",
            "revenue": 424728
        },
        "2011-01": {
            "month": "2011-01",
            "price": "75.78",
            "revenue": 499524
        },
        "2011-02": {
            "month": "2011-02",
            "price": "68.14",
            "revenue": 362811
        },
        "2011-03": {
            "month": "2011-03",
            "price": "76.57",
            "revenue": 385688
        },
        "2011-04": {
            "month": "2011-04",
            "price": "83.00",
            "revenue": 379323
        },
        "2011-05": {
            "month": "2011-05",
            "price": "76.26",
            "revenue": 397564
        },
        "2011-06": {
            "month": "2011-06",
            "price": "71.00",
            "revenue": 395129
        },
        "2011-07": {
            "month": "2011-07",
            "price": "70.81",
            "revenue": 399202
        },
        "2011-08": {
            "month": "2011-08",
            "price": "55.88",
            "revenue": 413654
        },
        "2011-09": {
            "month": "2011-09",
            "price": "53.39",
            "revenue": 391076
        },
        "2011-10": {
            "month": "2011-10",
            "price": "54.14",
            "revenue": 447891
        },
        "2011-11": {
            "month": "2011-11",
            "price": "55.11",
            "revenue": 360338
        },
        "2011-12": {
            "month": "2011-12",
            "price": "48.85",
            "revenue": 392227
        },
        "2012-01": {
            "month": "2012-01",
            "price": "51.80",
            "revenue": 455047
        },
        "2012-02": {
            "month": "2012-02",
            "price": "57.84",
            "revenue": 363195
        },
        "2012-03": {
            "month": "2012-03",
            "price": "57.23",
            "revenue": 398393
        },
        "2012-04": {
            "month": "2012-04",
            "price": "54.68",
            "revenue": 461951
        },
        "2012-05": {
            "month": "2012-05",
            "price": "49.45",
            "revenue": 461687
        },
        "2012-06": {
            "month": "2012-06",
            "price": "47.77",
            "revenue": 380385
        },
        "2012-07": {
            "month": "2012-07",
            "price": "52.58",
            "revenue": 352947
        },
        "2012-08": {
            "month": "2012-08",
            "price": "58.75",
            "revenue": 657368
        },
        "2012-09": {
            "month": "2012-09",
            "price": "65.28",
            "revenue": 372694
        },
        "2012-10": {
            "month": "2012-10",
            "price": "71.10",
            "revenue": 388166
        },
        "2012-11": {
            "month": "2012-11",
            "price": "68.61",
            "revenue": 357921
        },
        "2012-12": {
            "month": "2012-12",
            "price": "70.63",
            "revenue": 342287
        },
        "2013-01": {
            "month": "2013-01",
            "price": "74.98",
            "revenue": 553967
        },
        "2013-02": {
            "month": "2013-02",
            "price": "74.19",
            "revenue": 505486
        },
        "2013-03": {
            "month": "2013-03",
            "price": "71.31",
            "revenue": 1530714
        },
        "2013-04": {
            "month": "2013-04",
            "price": "68.46",
            "revenue": 490438
        },
        "2013-05": {
            "month": "2013-05",
            "price": "70.48",
            "revenue": 516289
        },
        "2013-06": {
            "month": "2013-06",
            "price": "67.65",
            "revenue": 1057022
        },
        "2013-07": {
            "month": "2013-07",
            "price": "67.62",
            "revenue": 526103
        },
        "2013-08": {
            "month": "2013-08",
            "price": "72.71",
            "revenue": 627529
        },
        "2013-09": {
            "month": "2013-09",
            "price": "78.55",
            "revenue": 1399384
        },
        "2013-11": {
            "month": "2013-11",
            "price": "78.13",
            "revenue": 461660
        },
        "2013-12": {
            "month": "2013-12",
            "price": "78.23",
            "revenue": 68414619
        },
        "2014-01": {
            "month": "2014-01",
            "price": "74.94",
            "revenue": 614800
        },
        "2014-02": {
            "month": "2014-02",
            "price": "71.69",
            "revenue": 373758
        },
        "2014-03": {
            "month": "2014-03",
            "price": "70.04",
            "revenue": 1714749
        },
        "2014-04": {
            "month": "2014-04",
            "price": "73.21",
            "revenue": 480844
        },
        "2014-05": {
            "month": "2014-05",
            "price": "72.04",
            "revenue": 532287
        },
        "2014-06": {
            "month": "2014-06",
            "price": "75.21",
            "revenue": 1050664
        },
        "2014-07": {
            "month": "2014-07",
            "price": "76.80",
            "revenue": 526500
        },
        "2014-08": {
            "month": "2014-08",
            "price": "72.95",
            "revenue": 654959
        },
        "2014-09": {
            "month": "2014-09",
            "price": "71.16",
            "revenue": 1106340
        },
        "2014-10": {
            "month": "2014-10",
            "price": "65.22",
            "revenue": 426359
        },
        "2014-11": {
            "month": "2014-11",
            "price": "62.72",
            "revenue": 437411
        },
        "2014-12": {
            "month": "2014-12",
            "price": "64.52",
            "revenue": 1126099
        },
        "2015-01": {
            "month": "2015-01",
            "price": "66.87",
            "revenue": 530103
        },
        "2015-02": {
            "month": "2015-02",
            "price": "67.98",
            "revenue": 569495
        },
        "2015-03": {
            "month": "2015-03",
            "price": "66.76",
            "revenue": 1604533
        },
        "2015-04": {
            "month": "2015-04",
            "price": "73.60",
            "revenue": 448034
        },
        "2015-05": {
            "month": "2015-05",
            "price": "73.70",
            "revenue": 501615
        },
        "2015-06": {
            "month": "2015-06",
            "price": "68.81",
            "revenue": 905281
        },
        "2015-07": {
            "month": "2015-07",
            "price": "67.37",
            "revenue": 491454
        },
        "2015-08": {
            "month": "2015-08",
            "price": "57.30",
            "revenue": 565955
        },
        "2015-09": {
            "month": "2015-09",
            "price": "54.83",
            "revenue": 1179846
        },
        "2015-10": {
            "month": "2015-10",
            "price": "59.73",
            "revenue": 439882
        },
        "2015-11": {
            "month": "2015-11",
            "price": "59.98",
            "revenue": 410002
        },
        "2015-12": {
            "month": "2015-12",
            "price": "63.94",
            "revenue": 895518
        },
        "2016-01": {
            "month": "2016-01",
            "price": "55.40",
            "revenue": 617786
        },
        "2016-02": {
            "month": "2016-02",
            "price": "57.62",
            "revenue": 530552
        },
        "2016-03": {
            "month": "2016-03",
            "price": "58.30",
            "revenue": 1527007
        },
        "2016-04": {
            "month": "2016-04",
            "price": "46.74",
            "revenue": 428353
        },
        "2016-05": {
            "month": "2016-05",
            "price": "44.48",
            "revenue": 522810
        },
        "2016-06": {
            "month": "2016-06",
            "price": "47.18",
            "revenue": 877614
        },
        "2016-07": {
            "month": "2016-07",
            "price": "50.37",
            "revenue": 502280
        },
        "2016-08": {
            "month": "2016-08",
            "price": "51.38",
            "revenue": 494267
        },
        "2016-09": {
            "month": "2016-09",
            "price": "49.36",
            "revenue": 1225701
        },
        "2016-10": {
            "month": "2016-10",
            "price": "49.28",
            "revenue": 420073
        },
        "2016-11": {
            "month": "2016-11",
            "price": "52.37",
            "revenue": 393774
        },
        "2016-12": {
            "month": "2016-12",
            "price": "55.60",
            "revenue": 914005
        },
        "2017-01": {
            "month": "2017-01",
            "price": "55.77",
            "revenue": 587843
        },
        "2017-02": {
            "month": "2017-02",
            "price": "59.03",
            "revenue": 332870
        },
        "2017-03": {
            "month": "2017-03",
            "price": "55.73",
            "revenue": 396878
        },
        "2017-04": {
            "month": "2017-04",
            "price": "47.92",
            "revenue": 400039
        },
        "2017-05": {
            "month": "2017-05",
            "price": "46.46",
            "revenue": 494967
        },
        "2017-06": {
            "month": "2017-06",
            "price": "44.48",
            "revenue": 464066
        },
        "2017-07": {
            "month": "2017-07",
            "price": "44.92",
            "revenue": 498237
        },
        "2017-08": {
            "month": "2017-08",
            "price": "46.37",
            "revenue": 468847
        },
        "2017-09": {
            "month": "2017-09",
            "price": "46.62",
            "revenue": 414787
        },
        "2017-10": {
            "month": "2017-10",
            "price": "46.72",
            "revenue": 432842
        },
        "2017-11": {
            "month": "2017-11",
            "price": "50.87",
            "revenue": 402755
        },
        "2017-12": {
            "month": "2017-12",
            "price": "48.72",
            "revenue": 21136503
        },
        "2018-01": {
            "month": "2018-01",
            "price": "52.05",
            "revenue": 3453496
        },
        "2018-02": {
            "month": "2018-02",
            "price": "49.72",
            "revenue": 508106
        },
        "2018-03": {
            "month": "2018-03",
            "price": "55.88",
            "revenue": 371446
        },
        "2018-04": {
            "month": "2018-04",
            "price": "57.92",
            "revenue": 379475
        },
        "2018-05": {
            "month": "2018-05",
            "price": "59.87",
            "revenue": 450475
        },
        "2018-06": {
            "month": "2018-06",
            "price": "63.00",
            "revenue": 464318
        },
        "2018-07": {
            "month": "2018-07",
            "price": "61.41",
            "revenue": 549547
        },
        "2018-08": {
            "month": "2018-08",
            "price": "61.35",
            "revenue": 537064
        },
        "2018-09": {
            "month": "2018-09",
            "price": "58.71",
            "revenue": 490375
        },
        "2018-10": {
            "month": "2018-10",
            "price": "61.71",
            "revenue": 375292
        },
        "2018-11": {
            "month": "2018-11",
            "price": "81.42",
            "revenue": 356480
        },
        "2018-12": {
            "month": "2018-12",
            "price": "83.12",
            "revenue": 356271
        },
        "2019-01": {
            "month": "2019-01",
            "price": "80.83",
            "revenue": 366004
        },
        "2019-02": {
            "month": "2019-02",
            "price": "81.95",
            "revenue": 240961
        },
        "2019-03": {
            "month": "2019-03",
            "price": "80.95",
            "revenue": 262084
        },
        "2019-04": {
            "month": "2019-04",
            "price": "77.08",
            "revenue": 285873
        },
        "2019-05": {
            "month": "2019-05",
            "price": "70.35",
            "revenue": 328088
        },
        "2019-06": {
            "month": "2019-06",
            "price": "72.87",
            "revenue": 511630
        },
        "2019-07": {
            "month": "2019-07",
            "price": "69.03",
            "revenue": 263590
        },
        "2019-08": {
            "month": "2019-08",
            "price": "67.20",
            "revenue": 288912
        },
        "2019-09": {
            "month": "2019-09",
            "price": "69.68",
            "revenue": 221217
        },
        "2019-10": {
            "month": "2019-10",
            "price": "71.06",
            "revenue": 230237
        },
        "2019-11": {
            "month": "2019-11",
            "price": "75.61",
            "revenue": 253246
        },
        "2019-12": {
            "month": "2019-12",
            "price": "73.82",
            "revenue": 234254
        },
        "2020-01": {
            "month": "2020-01",
            "price": "71.51",
            "revenue": 278127
        },
        "2020-02": {
            "month": "2020-02",
            "price": "67.79",
            "revenue": 197439
        },
        "2020-03": {
            "month": "2020-03",
            "price": "66.75",
            "revenue": 223394
        },
        "2020-04": {
            "month": "2020-04",
            "price": "67.43",
            "revenue": 165256
        },
        "2020-05": {
            "month": "2020-05",
            "price": "67.38",
            "revenue": 214715
        },
        "2020-06": {
            "month": "2020-06",
            "price": "68.92",
            "revenue": 468059
        },
        "2020-07": {
            "month": "2020-07",
            "price": "68.12",
            "revenue": 201260
        },
        "2020-08": {
            "month": "2020-08",
            "price": "66.13",
            "revenue": 219743
        },
        "2020-09": {
            "month": "2020-09",
            "price": "66.39",
            "revenue": 154100
        },
        "2020-10": {
            "month": "2020-10",
            "price": "65.71",
            "revenue": 189755
        },
        "2020-11": {
            "month": "2020-11",
            "price": "68.05",
            "revenue": 199445
        },
        "2020-12": {
            "month": "2020-12",
            "price": "69.28",
            "revenue": 225101
        },
        "2021-01": {
            "month": "2021-01",
            "price": "69.39",
            "revenue": 258111
        },
        "2021-02": {
            "month": "2021-02",
            "price": "71.37",
            "revenue": 194442
        },
        "2021-03": {
            "month": "2021-03",
            "price": "79.34",
            "revenue": 189933
        },
        "2021-04": {
            "month": "2021-04",
            "price": "81.83",
            "revenue": 241407
        },
        "2021-05": {
            "month": "2021-05",
            "price": "83.17",
            "revenue": 235223
        },
        "2021-06": {
            "month": "2021-06",
            "price": "84.48",
            "revenue": 224227
        },
        "2021-07": {
            "month": "2021-07",
            "price": "96.03",
            "revenue": 203983
        },
        "2021-08": {
            "month": "2021-08",
            "price": "98.45",
            "revenue": 326241
        },
        "2021-09": {
            "month": "2021-09",
            "price": "127.70",
            "revenue": 191430
        },
        "2021-10": {
            "month": "2021-10",
            "price": "94.02",
            "revenue": 198317
        },
        "2021-11": {
            "month": "2021-11",
            "price": "104.94",
            "revenue": 207268
        },
        "2021-12": {
            "month": "2021-12",
            "price": "95.85",
            "revenue": 225101
        },
        "2022-01": {
            "month": "2022-01",
            "price": "98.96",
            "revenue": 351814
        },
        "2022-02": {
            "month": "2022-02",
            "price": "106.01",
            "revenue": 165585
        },
        "2022-03": {
            "month": "2022-03",
            "price": "111.98",
            "revenue": 207786
        },
        "2022-04": {
            "month": "2022-04",
            "price": "109.11",
            "revenue": 271521
        },
        "2022-05": {
            "month": "2022-05",
            "price": "89.61",
            "revenue": 236811
        },
        "2022-06": {
            "month": "2022-06",
            "price": "82.40",
            "revenue": 304947
        },
        "2022-07": {
            "month": "2022-07",
            "price": "73.44",
            "revenue": 228155
        },
        "2022-08": {
            "month": "2022-08",
            "price": "65.15",
            "revenue": 245519
        },
        "2022-09": {
            "month": "2022-09",
            "price": "54.30",
            "revenue": 203296
        },
        "2022-10": {
            "month": "2022-10",
            "price": "52.15",
            "revenue": 230599
        },
        "2022-11": {
            "month": "2022-11",
            "price": "63.16",
            "revenue": 202758
        },
        "2022-12": {
            "month": "2022-12",
            "price": "67.55",
            "revenue": 224716
        },
        "2023-01": {
            "month": "2023-01",
            "price": "64.28",
            "revenue": 256578
        },
        "2023-02": {
            "month": "2023-02",
            "price": "67.18",
            "revenue": 197265
        },
        "2023-03": {
            "month": "2023-03",
            "price": "61.05",
            "revenue": 294605
        },
        "2023-04": {
            "month": "2023-04",
            "price": "57.36",
            "revenue": 217110
        },
        "2023-05": {
            "month": "2023-05",
            "price": "56.83",
            "revenue": 226898
        }
    }
}
