{
    "summary": {
        "stock_name": "滿心",
        "stock_id": "2916",
        "category": "居家生活",
        "main_business": "各種成衣針織品製造買賣業務<br>代理國內外廠商有關產品經銷投標報價業務<br>前項有關之進出口貿易業務",
        "website_url": "http://www.munsin.com.tw",
        "ceo": "後藤憲二",
        "pe_ratio": 13,
        "report_year_from": 2001,
        "report_year_to": 2023,
        "age": 23,
        "eps_negative_percentage": 0,
        "eps_growth_avg": {
            "last_all": 18.44,
            "last_2y": 42.4,
            "last_4y": 26.74,
            "last_8y": 18.35,
            "last_12y": 13.99,
            "last_16y": 15.14,
            "last_20y": null,
            "at_2006_last_3y": null,
            "at_2007_last_3y": 16.04,
            "at_2008_last_3y": -28.25,
            "at_2009_last_3y": -9.44,
            "at_2010_last_3y": 18.89,
            "at_2011_last_3y": 25.69,
            "at_2012_last_3y": 26.79,
            "at_2013_last_3y": 18.13,
            "at_2014_last_3y": 4.18,
            "at_2015_last_3y": 14.04,
            "at_2016_last_3y": 25.14,
            "at_2017_last_3y": 14.92,
            "at_2018_last_3y": 7.85,
            "at_2019_last_3y": 0.89,
            "at_2020_last_3y": 11.74,
            "at_2021_last_3y": 19.73,
            "at_2022_last_3y": 23.4,
            "at_2023_last_3y": 35.55,
            "at_2024_last_3y": 35.55,
            "at_2006_last_all": 37.15,
            "at_2007_last_all": 16.04,
            "at_2008_last_all": -2.6,
            "at_2009_last_all": 14.5,
            "at_2010_last_all": 26.72,
            "at_2011_last_all": 20.87,
            "at_2012_last_all": 10.46,
            "at_2013_last_all": 15.95,
            "at_2014_last_all": 18.52,
            "at_2015_last_all": 18.59,
            "at_2016_last_all": 14.98,
            "at_2017_last_all": 15.66,
            "at_2018_last_all": 15.68,
            "at_2019_last_all": 14.16,
            "at_2020_last_all": 14.21,
            "at_2021_last_all": 16.56,
            "at_2022_last_all": 17.3,
            "at_2023_last_all": 18.44,
            "at_2024_last_all": 18.44
        },
        "latest_eps": 4.61,
        "latest_price": 61.7,
        "latest_roe": 22.99,
        "latest_gross_margin": 54.49,
        "latest_equity": 1138004,
        "latest_revenue": 588514,
        "latest_gross_profit": 320679,
        "latest_net_income": 105061,
        "latest_debt_ratio": 28.96,
        "latest_current_ratio": 259.69,
        "latest_account_receivable_turnover_ratio": 2.11,
        "latest_inventory_turnover_ratio": 0.4,
        "latest_reinvestment_rate": 30.91,
        "latest_research_to_sale_ratio": null
    },
    "eps_dividends": {
        "2001": {
            "cash": 0,
            "stock": 0,
            "eps": 0
        },
        "2002": {
            "cash": 0,
            "stock": 0,
            "eps": 0
        },
        "2003": {
            "cash": 0.8,
            "stock": 0.8,
            "eps": 1.38
        },
        "2004": {
            "cash": 1.5,
            "stock": 1.5,
            "eps": 3.07
        },
        "2005": {
            "cash": 1.5,
            "stock": 1.1,
            "eps": 3.83
        },
        "2006": {
            "cash": 1.7,
            "stock": 1,
            "eps": 3.32
        },
        "2007": {
            "cash": 2.9,
            "stock": 0.5,
            "eps": 1.75
        },
        "2008": {
            "cash": 0,
            "stock": 0,
            "eps": 0.4
        },
        "2009": {
            "cash": 0.3,
            "stock": 0,
            "eps": 0.95
        },
        "2010": {
            "cash": 0.8,
            "stock": 0.1,
            "eps": 2.39
        },
        "2011": {
            "cash": 2,
            "stock": 0,
            "eps": 1.91
        },
        "2012": {
            "cash": 1.5,
            "stock": 0,
            "eps": 0.52
        },
        "2013": {
            "cash": 0.4,
            "stock": 0,
            "eps": 0.86
        },
        "2014": {
            "cash": 1,
            "stock": 0,
            "eps": 1.24
        },
        "2015": {
            "cash": 1.1,
            "stock": 0,
            "eps": 1.48
        },
        "2016": {
            "cash": 1.3,
            "stock": 0,
            "eps": 1.06
        },
        "2017": {
            "cash": 0.7,
            "stock": 0,
            "eps": 1.32
        },
        "2018": {
            "cash": 1.2,
            "stock": 0,
            "eps": 1.53
        },
        "2019": {
            "cash": 1.4,
            "stock": 0,
            "eps": 1.4
        },
        "2020": {
            "cash": 1.1,
            "stock": 0,
            "eps": 1.61
        },
        "2021": {
            "cash": 1.5,
            "stock": 0,
            "eps": 2.52
        },
        "2022": {
            "cash": 2.2,
            "stock": 0,
            "eps": 3.29
        },
        "2023": {
            "cash": 3,
            "stock": 0,
            "eps": 4.61
        },
        "2024": {
            "cash": 4,
            "stock": 0,
            "eps": 0
        }
    },
    "dividends": {
        "2003-06-16": {
            "cash": 0.8,
            "stock": 0.8
        },
        "2004-04-21": {
            "cash": 1.5,
            "stock": 1.5
        },
        "2005-03-17": {
            "cash": 1.5,
            "stock": 1.1
        },
        "2006-03-14": {
            "cash": 1.7,
            "stock": 1
        },
        "2007-03-25": {
            "cash": 1.2,
            "stock": 0
        },
        "2007-03-29": {
            "cash": 1.7,
            "stock": 0.5
        },
        "2009-03-24": {
            "cash": 0.3,
            "stock": 0
        },
        "2010-06-15": {
            "cash": 0.8,
            "stock": 0.1
        },
        "2011-03-15": {
            "cash": 2,
            "stock": 0
        },
        "2012-03-15": {
            "cash": 1.5,
            "stock": 0
        },
        "2013-06-11": {
            "cash": 0.4,
            "stock": 0
        },
        "2014-06-06": {
            "cash": 1,
            "stock": 0
        },
        "2015-07-15": {
            "cash": 1.1,
            "stock": 0
        },
        "2016-07-20": {
            "cash": 1.3,
            "stock": 0
        },
        "2017-07-17": {
            "cash": 0.7,
            "stock": 0
        },
        "2018-07-18": {
            "cash": 1.2,
            "stock": 0
        },
        "2019-07-18": {
            "cash": 1.4,
            "stock": 0
        },
        "2020-07-15": {
            "cash": 1.1,
            "stock": 0
        },
        "2021-07-15": {
            "cash": 1.5,
            "stock": 0
        },
        "2022-07-15": {
            "cash": 2.2,
            "stock": 0
        },
        "2023-07-14": {
            "cash": 3,
            "stock": 0
        },
        "2024-03-08": {
            "cash": 4,
            "stock": 0
        }
    },
    "prices": {
        "200101": "無",
        "200102": "無",
        "200103": "無",
        "200104": "無",
        "200105": "無",
        "200106": "無",
        "200107": "無",
        "200108": "無",
        "200109": "無",
        "200110": "無",
        "200111": "無",
        "200112": "無",
        "200201": "無",
        "200202": "無",
        "200203": "無",
        "200204": "無",
        "200205": "無",
        "200206": "無",
        "200207": "無",
        "200208": "無",
        "200209": "無",
        "200210": "無",
        "200211": "無",
        "200212": "無",
        "200301": "無",
        "200302": "無",
        "200303": "無",
        "200304": "無",
        "200305": "無",
        "200306": "無",
        "200307": "無",
        "200308": "無",
        "200309": "無",
        "200310": "無",
        "200311": "無",
        "200312": "無",
        "200401": "無",
        "200402": "無",
        "200403": "無",
        "200404": "無",
        "200405": "22.68",
        "200406": "18.43",
        "200407": "20.07",
        "200408": "19.57",
        "200409": "18.50",
        "200410": "18.00",
        "200411": "19.01",
        "200412": "20.56",
        "200501": "20.74",
        "200502": "25.34",
        "200503": "27.55",
        "200504": "26.24",
        "200505": "26.32",
        "200506": "27.47",
        "200507": "27.75",
        "200508": "26.54",
        "200509": "26.93",
        "200510": "26.63",
        "200511": "26.68",
        "200512": "27.48",
        "200601": "29.02",
        "200602": "28.54",
        "200603": "26.60",
        "200604": "26.85",
        "200605": "27.63",
        "200606": "27.96",
        "200607": "25.88",
        "200608": "24.74",
        "200609": "24.58",
        "200610": "26.48",
        "200611": "26.53",
        "200612": "27.50",
        "200701": "28.46",
        "200702": "29.10",
        "200703": "29.81",
        "200704": "32.38",
        "200705": "28.89",
        "200706": "30.44",
        "200707": "30.81",
        "200708": "26.98",
        "200709": "23.93",
        "200710": "24.16",
        "200711": "22.63",
        "200712": "21.49",
        "200801": "20.32",
        "200802": "20.14",
        "200803": "20.66",
        "200804": "21.63",
        "200805": "21.96",
        "200806": "20.81",
        "200807": "16.37",
        "200808": "15.67",
        "200809": "14.40",
        "200810": "12.47",
        "200811": "9.40",
        "200812": "9.25",
        "200901": "9.36",
        "200902": "9.20",
        "200903": "9.69",
        "200904": "10.90",
        "200905": "11.54",
        "200906": "11.96",
        "200907": "12.36",
        "200908": "12.78",
        "200909": "12.38",
        "200910": "12.62",
        "200911": "12.74",
        "200912": "13.34",
        "201001": "13.78",
        "201002": "13.99",
        "201003": "16.27",
        "201004": "19.01",
        "201005": "22.14",
        "201006": "22.01",
        "201007": "22.18",
        "201008": "21.60",
        "201009": "20.78",
        "201010": "21.08",
        "201011": "21.75",
        "201012": "22.04",
        "201101": "23.20",
        "201102": "23.31",
        "201103": "23.75",
        "201104": "25.53",
        "201105": "26.78",
        "201106": "27.29",
        "201107": "27.63",
        "201108": "27.47",
        "201109": "24.99",
        "201110": "24.16",
        "201111": "21.44",
        "201112": "18.34",
        "201201": "19.69",
        "201202": "22.18",
        "201203": "23.22",
        "201204": "22.22",
        "201205": "20.58",
        "201206": "18.90",
        "201207": "18.02",
        "201208": "18.25",
        "201209": "17.72",
        "201210": "17.63",
        "201211": "17.44",
        "201212": "17.84",
        "201301": "18.81",
        "201302": "18.28",
        "201303": "18.02",
        "201304": "17.49",
        "201305": "16.95",
        "201306": "16.75",
        "201307": "16.16",
        "201308": "15.14",
        "201309": "15.70",
        "201310": "15.71",
        "201311": "15.88",
        "201312": "16.56",
        "201401": "17.43",
        "201402": "17.46",
        "201403": "17.64",
        "201404": "18.03",
        "201405": "18.03",
        "201406": "18.18",
        "201407": "17.52",
        "201408": "17.52",
        "201409": "17.80",
        "201410": "17.89",
        "201411": "17.84",
        "201412": "17.79",
        "201501": "17.92",
        "201502": "18.03",
        "201503": "18.28",
        "201504": "18.94",
        "201505": "19.98",
        "201506": "19.18",
        "201507": "17.22",
        "201508": "16.68",
        "201509": "17.03",
        "201510": "17.58",
        "201511": "17.97",
        "201512": "17.93",
        "201601": "17.42",
        "201602": "17.28",
        "201603": "18.01",
        "201604": "18.46",
        "201605": "18.18",
        "201606": "17.82",
        "201607": "16.50",
        "201608": "16.49",
        "201609": "16.21",
        "201610": "16.20",
        "201611": "15.60",
        "201612": "15.58",
        "201701": "15.79",
        "201702": "16.30",
        "201703": "16.58",
        "201704": "16.21",
        "201705": "15.96",
        "201706": "15.97",
        "201707": "15.42",
        "201708": "15.21",
        "201709": "15.49",
        "201710": "15.84",
        "201711": "16.06",
        "201712": "15.99",
        "201801": "16.27",
        "201802": "16.25",
        "201803": "16.66",
        "201804": "17.36",
        "201805": "17.92",
        "201806": "18.14",
        "201807": "17.31",
        "201808": "17.70",
        "201809": "17.58",
        "201810": "17.62",
        "201811": "17.57",
        "201812": "17.36",
        "201901": "17.70",
        "201902": "17.73",
        "201903": "18.53",
        "201904": "19.29",
        "201905": "19.30",
        "201906": "19.11",
        "201907": "18.55",
        "201908": "18.48",
        "201909": "18.64",
        "201910": "18.87",
        "201911": "18.49",
        "201912": "18.32",
        "202001": "18.23",
        "202002": "17.74",
        "202003": "16.27",
        "202004": "16.22",
        "202005": "16.53",
        "202006": "16.71",
        "202007": "15.93",
        "202008": "15.84",
        "202009": "15.94",
        "202010": "15.96",
        "202011": "16.06",
        "202012": "16.46",
        "202101": "16.74",
        "202102": "16.95",
        "202103": "19.20",
        "202104": "22.93",
        "202105": "22.62",
        "202106": "21.63",
        "202107": "19.66",
        "202108": "19.23",
        "202109": "19.22",
        "202110": "19.35",
        "202111": "20.57",
        "202112": "21.37",
        "202201": "21.64",
        "202202": "22.73",
        "202203": "23.86",
        "202204": "24.60",
        "202205": "23.25",
        "202206": "23.07",
        "202207": "20.93",
        "202208": "23.10",
        "202209": "22.90",
        "202210": "22.12",
        "202211": "23.18",
        "202212": "23.52",
        "202301": "26.60",
        "202302": "30.43",
        "202303": "32.97",
        "202304": "33.90",
        "202305": "41.48",
        "202306": "48.52",
        "202307": "49.67",
        "202308": "46.22",
        "202309": "44.39",
        "202310": "45.35",
        "202311": "47.04",
        "202312": "48.43"
    },
    "quarters": {
        "20011": {
            "year_quarter": 20011,
            "year": 2001,
            "quarter": 1,
            "eps": null,
            "eps_growth_year": null,
            "eps_4q": null,
            "eps_4q_growth_year": null,
            "roe": null,
            "roe_4q": 0,
            "gross_profit": null,
            "gross_margin": null,
            "gross_margin_4q_avg": 0,
            "net_income": null,
            "net_income_4q": null,
            "revenue": null,
            "revenue_4q": null,
            "common_shares": null,
            "book_valuer_per_share": null,
            "book_valuer_per_share_4q_avg": 0,
            "equity": null,
            "current_ratio": null,
            "debt_ratio": null,
            "inventory_turnover_ratio": null,
            "account_receivable_turnover_ratio": null,
            "reinvestment_rate": null,
            "research_to_sale_ratio": null,
            "price_fair": 0,
            "eps_avg_yearly": 0,
            "eps_latest_yearly": 0,
            "eps_growth_yearly": 0
        },
        "20012": {
            "year_quarter": 20012,
            "year": 2001,
            "quarter": 2,
            "eps": null,
            "eps_growth_year": null,
            "eps_4q": null,
            "eps_4q_growth_year": null,
            "roe": null,
            "roe_4q": 0,
            "gross_profit": null,
            "gross_margin": null,
            "gross_margin_4q_avg": 0,
            "net_income": null,
            "net_income_4q": null,
            "revenue": null,
            "revenue_4q": null,
            "common_shares": null,
            "book_valuer_per_share": null,
            "book_valuer_per_share_4q_avg": 0,
            "equity": null,
            "current_ratio": null,
            "debt_ratio": null,
            "inventory_turnover_ratio": null,
            "account_receivable_turnover_ratio": null,
            "reinvestment_rate": null,
            "research_to_sale_ratio": null,
            "price_fair": 0,
            "eps_avg_yearly": 0,
            "eps_latest_yearly": 0,
            "eps_growth_yearly": 0
        },
        "20013": {
            "year_quarter": 20013,
            "year": 2001,
            "quarter": 3,
            "eps": null,
            "eps_growth_year": null,
            "eps_4q": null,
            "eps_4q_growth_year": null,
            "roe": null,
            "roe_4q": 0,
            "gross_profit": null,
            "gross_margin": null,
            "gross_margin_4q_avg": 0,
            "net_income": null,
            "net_income_4q": null,
            "revenue": null,
            "revenue_4q": null,
            "common_shares": null,
            "book_valuer_per_share": null,
            "book_valuer_per_share_4q_avg": 0,
            "equity": null,
            "current_ratio": null,
            "debt_ratio": null,
            "inventory_turnover_ratio": null,
            "account_receivable_turnover_ratio": null,
            "reinvestment_rate": null,
            "research_to_sale_ratio": null,
            "price_fair": 0,
            "eps_avg_yearly": 0,
            "eps_latest_yearly": 0,
            "eps_growth_yearly": 0
        },
        "20014": {
            "year_quarter": 20014,
            "year": 2001,
            "quarter": 4,
            "eps": null,
            "eps_growth_year": null,
            "eps_4q": null,
            "eps_4q_growth_year": null,
            "roe": null,
            "roe_4q": 0,
            "gross_profit": null,
            "gross_margin": null,
            "gross_margin_4q_avg": 0,
            "net_income": null,
            "net_income_4q": null,
            "revenue": null,
            "revenue_4q": null,
            "common_shares": 329280,
            "book_valuer_per_share": 13.39,
            "book_valuer_per_share_4q_avg": 3.35,
            "equity": 440811,
            "current_ratio": 154.88,
            "debt_ratio": 43.21,
            "inventory_turnover_ratio": null,
            "account_receivable_turnover_ratio": null,
            "reinvestment_rate": null,
            "research_to_sale_ratio": null,
            "price_fair": 0,
            "eps_avg_yearly": 0,
            "eps_latest_yearly": 0,
            "eps_growth_yearly": 0
        },
        "20021": {
            "year_quarter": 20021,
            "year": 2002,
            "quarter": 1,
            "eps": null,
            "eps_growth_year": null,
            "eps_4q": null,
            "eps_4q_growth_year": null,
            "roe": null,
            "roe_4q": 0,
            "gross_profit": null,
            "gross_margin": null,
            "gross_margin_4q_avg": 0,
            "net_income": null,
            "net_income_4q": null,
            "revenue": null,
            "revenue_4q": null,
            "common_shares": null,
            "book_valuer_per_share": null,
            "book_valuer_per_share_4q_avg": 3.35,
            "equity": null,
            "current_ratio": null,
            "debt_ratio": null,
            "inventory_turnover_ratio": null,
            "account_receivable_turnover_ratio": null,
            "reinvestment_rate": null,
            "research_to_sale_ratio": null,
            "price_fair": 0,
            "eps_avg_yearly": 0,
            "eps_latest_yearly": 0,
            "eps_growth_yearly": 0
        },
        "20022": {
            "year_quarter": 20022,
            "year": 2002,
            "quarter": 2,
            "eps": null,
            "eps_growth_year": null,
            "eps_4q": null,
            "eps_4q_growth_year": null,
            "roe": null,
            "roe_4q": 0,
            "gross_profit": null,
            "gross_margin": null,
            "gross_margin_4q_avg": 0,
            "net_income": null,
            "net_income_4q": null,
            "revenue": null,
            "revenue_4q": null,
            "common_shares": null,
            "book_valuer_per_share": null,
            "book_valuer_per_share_4q_avg": 3.35,
            "equity": null,
            "current_ratio": null,
            "debt_ratio": null,
            "inventory_turnover_ratio": null,
            "account_receivable_turnover_ratio": null,
            "reinvestment_rate": null,
            "research_to_sale_ratio": null,
            "price_fair": 0,
            "eps_avg_yearly": 0,
            "eps_latest_yearly": 0,
            "eps_growth_yearly": 0
        },
        "20023": {
            "year_quarter": 20023,
            "year": 2002,
            "quarter": 3,
            "eps": null,
            "eps_growth_year": null,
            "eps_4q": null,
            "eps_4q_growth_year": null,
            "roe": null,
            "roe_4q": 0,
            "gross_profit": null,
            "gross_margin": null,
            "gross_margin_4q_avg": 0,
            "net_income": null,
            "net_income_4q": null,
            "revenue": null,
            "revenue_4q": null,
            "common_shares": null,
            "book_valuer_per_share": null,
            "book_valuer_per_share_4q_avg": 3.35,
            "equity": null,
            "current_ratio": null,
            "debt_ratio": null,
            "inventory_turnover_ratio": null,
            "account_receivable_turnover_ratio": null,
            "reinvestment_rate": null,
            "research_to_sale_ratio": null,
            "price_fair": 0,
            "eps_avg_yearly": 0,
            "eps_latest_yearly": 0,
            "eps_growth_yearly": 0
        },
        "20024": {
            "year_quarter": 20024,
            "year": 2002,
            "quarter": 4,
            "eps": null,
            "eps_growth_year": null,
            "eps_4q": null,
            "eps_4q_growth_year": null,
            "roe": null,
            "roe_4q": 0,
            "gross_profit": null,
            "gross_margin": null,
            "gross_margin_4q_avg": 0,
            "net_income": null,
            "net_income_4q": null,
            "revenue": null,
            "revenue_4q": null,
            "common_shares": 329280,
            "book_valuer_per_share": 13.88,
            "book_valuer_per_share_4q_avg": 3.47,
            "equity": 457124,
            "current_ratio": 149.54,
            "debt_ratio": 47.07,
            "inventory_turnover_ratio": null,
            "account_receivable_turnover_ratio": null,
            "reinvestment_rate": null,
            "research_to_sale_ratio": null,
            "price_fair": 0,
            "eps_avg_yearly": 0,
            "eps_latest_yearly": 0,
            "eps_growth_yearly": 0
        },
        "20031": {
            "year_quarter": 20031,
            "year": 2003,
            "quarter": 1,
            "eps": null,
            "eps_growth_year": null,
            "eps_4q": null,
            "eps_4q_growth_year": null,
            "roe": null,
            "roe_4q": 0,
            "gross_profit": null,
            "gross_margin": null,
            "gross_margin_4q_avg": 0,
            "net_income": null,
            "net_income_4q": null,
            "revenue": null,
            "revenue_4q": null,
            "common_shares": null,
            "book_valuer_per_share": null,
            "book_valuer_per_share_4q_avg": 3.47,
            "equity": null,
            "current_ratio": null,
            "debt_ratio": null,
            "inventory_turnover_ratio": null,
            "account_receivable_turnover_ratio": null,
            "reinvestment_rate": null,
            "research_to_sale_ratio": null,
            "price_fair": 0,
            "eps_avg_yearly": 0,
            "eps_latest_yearly": 0,
            "eps_growth_yearly": 0
        },
        "20032": {
            "year_quarter": 20032,
            "year": 2003,
            "quarter": 2,
            "eps": null,
            "eps_growth_year": null,
            "eps_4q": null,
            "eps_4q_growth_year": null,
            "roe": null,
            "roe_4q": 0,
            "gross_profit": null,
            "gross_margin": null,
            "gross_margin_4q_avg": 0,
            "net_income": null,
            "net_income_4q": null,
            "revenue": null,
            "revenue_4q": null,
            "common_shares": null,
            "book_valuer_per_share": null,
            "book_valuer_per_share_4q_avg": 3.47,
            "equity": null,
            "current_ratio": null,
            "debt_ratio": null,
            "inventory_turnover_ratio": null,
            "account_receivable_turnover_ratio": null,
            "reinvestment_rate": null,
            "research_to_sale_ratio": null,
            "price_fair": 0,
            "eps_avg_yearly": 0,
            "eps_latest_yearly": 0,
            "eps_growth_yearly": 0
        },
        "20033": {
            "year_quarter": 20033,
            "year": 2003,
            "quarter": 3,
            "eps": 0.67,
            "eps_growth_year": null,
            "eps_4q": null,
            "eps_4q_growth_year": null,
            "roe": 4.75,
            "roe_4q": 4.75,
            "gross_profit": 87518,
            "gross_margin": 45.78,
            "gross_margin_4q_avg": 11.45,
            "net_income": 22177,
            "net_income_4q": null,
            "revenue": 191163,
            "revenue_4q": null,
            "common_shares": 329280,
            "book_valuer_per_share": 14.19,
            "book_valuer_per_share_4q_avg": 7.02,
            "equity": 467309,
            "current_ratio": 161.33,
            "debt_ratio": 43.49,
            "inventory_turnover_ratio": 0.29,
            "account_receivable_turnover_ratio": null,
            "reinvestment_rate": null,
            "research_to_sale_ratio": null,
            "price_fair": 0,
            "eps_avg_yearly": 0,
            "eps_latest_yearly": 0,
            "eps_growth_yearly": 0
        },
        "20034": {
            "year_quarter": 20034,
            "year": 2003,
            "quarter": 4,
            "eps": 0.71,
            "eps_growth_year": null,
            "eps_4q": null,
            "eps_4q_growth_year": null,
            "roe": 4.87,
            "roe_4q": 9.620000000000001,
            "gross_profit": 136164,
            "gross_margin": 48.59,
            "gross_margin_4q_avg": 23.59,
            "net_income": 23346,
            "net_income_4q": null,
            "revenue": 280237,
            "revenue_4q": null,
            "common_shares": 329280,
            "book_valuer_per_share": 14.9,
            "book_valuer_per_share_4q_avg": 7.27,
            "equity": 490655,
            "current_ratio": 167.47,
            "debt_ratio": 42.32,
            "inventory_turnover_ratio": 0.4,
            "account_receivable_turnover_ratio": null,
            "reinvestment_rate": null,
            "research_to_sale_ratio": null,
            "price_fair": 96.22,
            "eps_avg_yearly": 2.84,
            "eps_latest_yearly": 2.84,
            "eps_growth_yearly": 23.88
        },
        "20041": {
            "year_quarter": 20041,
            "year": 2004,
            "quarter": 1,
            "eps": 1.24,
            "eps_growth_year": null,
            "eps_4q": null,
            "eps_4q_growth_year": null,
            "roe": 7.98,
            "roe_4q": 17.6,
            "gross_profit": 120576,
            "gross_margin": 42.87,
            "gross_margin_4q_avg": 34.31,
            "net_income": 40788,
            "net_income_4q": null,
            "revenue": 281256,
            "revenue_4q": null,
            "common_shares": 329280,
            "book_valuer_per_share": 16.14,
            "book_valuer_per_share_4q_avg": 11.31,
            "equity": 531443,
            "current_ratio": 191.33,
            "debt_ratio": 36.93,
            "inventory_turnover_ratio": 0.43,
            "account_receivable_turnover_ratio": null,
            "reinvestment_rate": null,
            "research_to_sale_ratio": null,
            "price_fair": 136.5,
            "eps_avg_yearly": 3.9,
            "eps_latest_yearly": 4.96,
            "eps_growth_yearly": 161.24
        },
        "20042": {
            "year_quarter": 20042,
            "year": 2004,
            "quarter": 2,
            "eps": 0.11,
            "eps_growth_year": null,
            "eps_4q": 2.76,
            "eps_4q_growth_year": null,
            "roe": 0.71,
            "roe_4q": 18.310000000000002,
            "gross_profit": 101598,
            "gross_margin": 45.46,
            "gross_margin_4q_avg": 45.68,
            "net_income": 3586,
            "net_income_4q": null,
            "revenue": 223512,
            "revenue_4q": null,
            "common_shares": 329280,
            "book_valuer_per_share": 14.66,
            "book_valuer_per_share_4q_avg": 14.97,
            "equity": 482882,
            "current_ratio": 178.8,
            "debt_ratio": 44.74,
            "inventory_turnover_ratio": 0.33,
            "account_receivable_turnover_ratio": null,
            "reinvestment_rate": null,
            "research_to_sale_ratio": null,
            "price_fair": 8.24,
            "eps_avg_yearly": 2.75,
            "eps_latest_yearly": 0.44,
            "eps_growth_yearly": -14.01
        },
        "20043": {
            "year_quarter": 20043,
            "year": 2004,
            "quarter": 3,
            "eps": 0.52,
            "eps_growth_year": -22.39,
            "eps_4q": 2.59,
            "eps_4q_growth_year": null,
            "roe": 3.46,
            "roe_4q": 17.02,
            "gross_profit": 96136,
            "gross_margin": 44.89,
            "gross_margin_4q_avg": 45.45,
            "net_income": 17002,
            "net_income_4q": null,
            "revenue": 214167,
            "revenue_4q": null,
            "common_shares": 329280,
            "book_valuer_per_share": 15.18,
            "book_valuer_per_share_4q_avg": 15.22,
            "equity": 499884,
            "current_ratio": 178.63,
            "debt_ratio": 45.36,
            "inventory_turnover_ratio": 0.31,
            "account_receivable_turnover_ratio": null,
            "reinvestment_rate": null,
            "research_to_sale_ratio": null,
            "price_fair": 90.3,
            "eps_avg_yearly": 2.58,
            "eps_latest_yearly": 2.08,
            "eps_growth_yearly": 362.22
        },
        "20044": {
            "year_quarter": 20044,
            "year": 2004,
            "quarter": 4,
            "eps": 1.2,
            "eps_growth_year": 69.01,
            "eps_4q": 3.07,
            "eps_4q_growth_year": null,
            "roe": 7.59,
            "roe_4q": 19.740000000000002,
            "gross_profit": 148799,
            "gross_margin": 44.38,
            "gross_margin_4q_avg": 44.4,
            "net_income": 39447,
            "net_income_4q": null,
            "revenue": 335254,
            "revenue_4q": null,
            "common_shares": 329280,
            "book_valuer_per_share": 16.38,
            "book_valuer_per_share_4q_avg": 15.59,
            "equity": 539331,
            "current_ratio": 182.66,
            "debt_ratio": 44.55,
            "inventory_turnover_ratio": 0.45,
            "account_receivable_turnover_ratio": null,
            "reinvestment_rate": null,
            "research_to_sale_ratio": null,
            "price_fair": 105.84,
            "eps_avg_yearly": 3.02,
            "eps_latest_yearly": 4.8,
            "eps_growth_yearly": 394.39
        },
        "20051": {
            "year_quarter": 20051,
            "year": 2005,
            "quarter": 1,
            "eps": 1.36,
            "eps_growth_year": 9.68,
            "eps_4q": 3.19,
            "eps_4q_growth_year": null,
            "roe": 7.96,
            "roe_4q": 19.720000000000002,
            "gross_profit": 144590,
            "gross_margin": 44.1,
            "gross_margin_4q_avg": 44.71,
            "net_income": 44723,
            "net_income_4q": null,
            "revenue": 327874,
            "revenue_4q": null,
            "common_shares": 329280,
            "book_valuer_per_share": 17.74,
            "book_valuer_per_share_4q_avg": 15.99,
            "equity": 584054,
            "current_ratio": 214.88,
            "debt_ratio": 38,
            "inventory_turnover_ratio": 0.44,
            "account_receivable_turnover_ratio": null,
            "reinvestment_rate": null,
            "research_to_sale_ratio": null,
            "price_fair": 119.93,
            "eps_avg_yearly": 3.43,
            "eps_latest_yearly": 5.44,
            "eps_growth_yearly": 337.55
        },
        "20052": {
            "year_quarter": 20052,
            "year": 2005,
            "quarter": 2,
            "eps": 0.59,
            "eps_growth_year": 436.36,
            "eps_4q": 3.37,
            "eps_4q_growth_year": 22.22,
            "roe": 3.78,
            "roe_4q": 22.79,
            "gross_profit": 119020,
            "gross_margin": 46.12,
            "gross_margin_4q_avg": 44.87,
            "net_income": 21470,
            "net_income_4q": null,
            "revenue": 258041,
            "revenue_4q": null,
            "common_shares": 329280,
            "book_valuer_per_share": 16.75,
            "book_valuer_per_share_4q_avg": 16.51,
            "equity": 551595,
            "current_ratio": 194.49,
            "debt_ratio": 40.67,
            "inventory_turnover_ratio": 0.33,
            "account_receivable_turnover_ratio": null,
            "reinvestment_rate": null,
            "research_to_sale_ratio": null,
            "price_fair": 114.6,
            "eps_avg_yearly": 3.27,
            "eps_latest_yearly": 2.36,
            "eps_growth_yearly": 256.97
        },
        "20053": {
            "year_quarter": 20053,
            "year": 2005,
            "quarter": 3,
            "eps": 0.7,
            "eps_growth_year": 34.62,
            "eps_4q": 3.61,
            "eps_4q_growth_year": 39.32,
            "roe": 4.5,
            "roe_4q": 23.83,
            "gross_profit": 117407,
            "gross_margin": 48.57,
            "gross_margin_4q_avg": 45.79,
            "net_income": 25412,
            "net_income_4q": null,
            "revenue": 241713,
            "revenue_4q": null,
            "common_shares": 365501,
            "book_valuer_per_share": 15.79,
            "book_valuer_per_share_4q_avg": 16.67,
            "equity": 577007,
            "current_ratio": 191.98,
            "debt_ratio": 41.82,
            "inventory_turnover_ratio": 0.28,
            "account_receivable_turnover_ratio": null,
            "reinvestment_rate": null,
            "research_to_sale_ratio": null,
            "price_fair": 112.53,
            "eps_avg_yearly": 3.22,
            "eps_latest_yearly": 2.8,
            "eps_growth_yearly": 234.17
        },
        "20054": {
            "year_quarter": 20054,
            "year": 2005,
            "quarter": 4,
            "eps": 1.18,
            "eps_growth_year": -1.67,
            "eps_4q": 3.69,
            "eps_4q_growth_year": 20.26,
            "roe": 7.2,
            "roe_4q": 23.439999999999998,
            "gross_profit": 169201,
            "gross_margin": 43.72,
            "gross_margin_4q_avg": 45.63,
            "net_income": 43092,
            "net_income_4q": null,
            "revenue": 387055,
            "revenue_4q": null,
            "common_shares": 365501,
            "book_valuer_per_share": 16.97,
            "book_valuer_per_share_4q_avg": 16.81,
            "equity": 620099,
            "current_ratio": 187.86,
            "debt_ratio": 43.02,
            "inventory_turnover_ratio": 0.45,
            "account_receivable_turnover_ratio": null,
            "reinvestment_rate": null,
            "research_to_sale_ratio": null,
            "price_fair": 118.38,
            "eps_avg_yearly": 3.38,
            "eps_latest_yearly": 4.72,
            "eps_growth_yearly": 238.63
        },
        "20061": {
            "year_quarter": 20061,
            "year": 2006,
            "quarter": 1,
            "eps": 1.02,
            "eps_growth_year": -25,
            "eps_4q": 3.48,
            "eps_4q_growth_year": 9.39,
            "roe": 5.83,
            "roe_4q": 21.310000000000002,
            "gross_profit": 138625,
            "gross_margin": 45.96,
            "gross_margin_4q_avg": 46.09,
            "net_income": 37235,
            "net_income_4q": null,
            "revenue": 301608,
            "revenue_4q": null,
            "common_shares": 365501,
            "book_valuer_per_share": 17.98,
            "book_valuer_per_share_4q_avg": 16.87,
            "equity": 657334,
            "current_ratio": 219.23,
            "debt_ratio": 36.65,
            "inventory_turnover_ratio": 0.35,
            "account_receivable_turnover_ratio": null,
            "reinvestment_rate": null,
            "research_to_sale_ratio": null,
            "price_fair": 120.82,
            "eps_avg_yearly": 3.45,
            "eps_latest_yearly": 4.08,
            "eps_growth_yearly": 209.34
        },
        "20062": {
            "year_quarter": 20062,
            "year": 2006,
            "quarter": 2,
            "eps": 0.67,
            "eps_growth_year": 13.56,
            "eps_4q": 3.28,
            "eps_4q_growth_year": -2.65,
            "roe": 4.26,
            "roe_4q": 21.79,
            "gross_profit": 131887,
            "gross_margin": 46.95,
            "gross_margin_4q_avg": 46.3,
            "net_income": 27133,
            "net_income_4q": null,
            "revenue": 280904,
            "revenue_4q": null,
            "common_shares": 365501,
            "book_valuer_per_share": 16.86,
            "book_valuer_per_share_4q_avg": 16.9,
            "equity": 616164,
            "current_ratio": 198.32,
            "debt_ratio": 42.12,
            "inventory_turnover_ratio": 0.31,
            "account_receivable_turnover_ratio": null,
            "reinvestment_rate": null,
            "research_to_sale_ratio": null,
            "price_fair": 118.36,
            "eps_avg_yearly": 3.38,
            "eps_latest_yearly": 2.68,
            "eps_growth_yearly": 177.83
        },
        "20063": {
            "year_quarter": 20063,
            "year": 2006,
            "quarter": 3,
            "eps": 0.72,
            "eps_growth_year": 2.86,
            "eps_4q": 3.41,
            "eps_4q_growth_year": -5.56,
            "roe": 4.55,
            "roe_4q": 21.84,
            "gross_profit": 129744,
            "gross_margin": 49.09,
            "gross_margin_4q_avg": 46.43,
            "net_income": 28771,
            "net_income_4q": null,
            "revenue": 264279,
            "revenue_4q": null,
            "common_shares": 402051,
            "book_valuer_per_share": 16.1,
            "book_valuer_per_share_4q_avg": 16.98,
            "equity": 647322,
            "current_ratio": 193.75,
            "debt_ratio": 41.19,
            "inventory_turnover_ratio": 0.27,
            "account_receivable_turnover_ratio": null,
            "reinvestment_rate": null,
            "research_to_sale_ratio": null,
            "price_fair": 116.9,
            "eps_avg_yearly": 3.34,
            "eps_latest_yearly": 2.88,
            "eps_growth_yearly": 165.5
        },
        "20064": {
            "year_quarter": 20064,
            "year": 2006,
            "quarter": 4,
            "eps": 0.91,
            "eps_growth_year": -22.88,
            "eps_4q": 3.22,
            "eps_4q_growth_year": -12.72,
            "roe": 5.51,
            "roe_4q": 20.15,
            "gross_profit": 169345,
            "gross_margin": 45.6,
            "gross_margin_4q_avg": 46.9,
            "net_income": 36702,
            "net_income_4q": null,
            "revenue": 371411,
            "revenue_4q": null,
            "common_shares": 402051,
            "book_valuer_per_share": 17.01,
            "book_valuer_per_share_4q_avg": 16.99,
            "equity": 683910,
            "current_ratio": 213.49,
            "debt_ratio": 43.99,
            "inventory_turnover_ratio": 0.36,
            "account_receivable_turnover_ratio": null,
            "reinvestment_rate": null,
            "research_to_sale_ratio": null,
            "price_fair": 117.71,
            "eps_avg_yearly": 3.36,
            "eps_latest_yearly": 3.64,
            "eps_growth_yearly": 160.89
        },
        "20071": {
            "year_quarter": 20071,
            "year": 2007,
            "quarter": 1,
            "eps": 0.61,
            "eps_growth_year": -40.2,
            "eps_4q": 2.9,
            "eps_4q_growth_year": -16.89,
            "roe": 3.54,
            "roe_4q": 17.86,
            "gross_profit": 138732,
            "gross_margin": 40.79,
            "gross_margin_4q_avg": 45.61,
            "net_income": 24710,
            "net_income_4q": null,
            "revenue": 340147,
            "revenue_4q": null,
            "common_shares": 402051,
            "book_valuer_per_share": 17.67,
            "book_valuer_per_share_4q_avg": 16.91,
            "equity": 710404,
            "current_ratio": 240.8,
            "debt_ratio": 35.77,
            "inventory_turnover_ratio": 0.38,
            "account_receivable_turnover_ratio": null,
            "reinvestment_rate": null,
            "research_to_sale_ratio": null,
            "price_fair": 115.4,
            "eps_avg_yearly": 3.3,
            "eps_latest_yearly": 2.44,
            "eps_growth_yearly": 139.98
        },
        "20072": {
            "year_quarter": 20072,
            "year": 2007,
            "quarter": 2,
            "eps": 0.22,
            "eps_growth_year": -67.16,
            "eps_4q": 2.37,
            "eps_4q_growth_year": -27.65,
            "roe": 1.36,
            "roe_4q": 14.96,
            "gross_profit": 114486,
            "gross_margin": 43.9,
            "gross_margin_4q_avg": 44.85,
            "net_income": 9211,
            "net_income_4q": null,
            "revenue": 260783,
            "revenue_4q": null,
            "common_shares": 402051,
            "book_valuer_per_share": 16.07,
            "book_valuer_per_share_4q_avg": 16.71,
            "equity": 646133,
            "current_ratio": 210.24,
            "debt_ratio": 38.52,
            "inventory_turnover_ratio": 0.3,
            "account_receivable_turnover_ratio": null,
            "reinvestment_rate": 51.28,
            "research_to_sale_ratio": null,
            "price_fair": 109.76,
            "eps_avg_yearly": 3.14,
            "eps_latest_yearly": 0.88,
            "eps_growth_yearly": 113.6
        },
        "20073": {
            "year_quarter": 20073,
            "year": 2007,
            "quarter": 3,
            "eps": 0.22,
            "eps_growth_year": -69.44,
            "eps_4q": 1.91,
            "eps_4q_growth_year": -44.11,
            "roe": 1.42,
            "roe_4q": 11.83,
            "gross_profit": 111420,
            "gross_margin": 47.62,
            "gross_margin_4q_avg": 44.48,
            "net_income": 9218,
            "net_income_4q": null,
            "revenue": 233971,
            "revenue_4q": null,
            "common_shares": 422154,
            "book_valuer_per_share": 15.54,
            "book_valuer_per_share_4q_avg": 16.57,
            "equity": 655834,
            "current_ratio": 197.01,
            "debt_ratio": 40.07,
            "inventory_turnover_ratio": 0.24,
            "account_receivable_turnover_ratio": null,
            "reinvestment_rate": 4.01,
            "research_to_sale_ratio": null,
            "price_fair": 104.83,
            "eps_avg_yearly": 3,
            "eps_latest_yearly": 0.88,
            "eps_growth_yearly": 106.5
        },
        "20074": {
            "year_quarter": 20074,
            "year": 2007,
            "quarter": 4,
            "eps": 0.7,
            "eps_growth_year": -23.08,
            "eps_4q": 1.73,
            "eps_4q_growth_year": -46.41,
            "roe": 4.39,
            "roe_4q": 10.71,
            "gross_profit": 165863,
            "gross_margin": 43.3,
            "gross_margin_4q_avg": 43.9,
            "net_income": 29450,
            "net_income_4q": null,
            "revenue": 383032,
            "revenue_4q": null,
            "common_shares": 422154,
            "book_valuer_per_share": 16.28,
            "book_valuer_per_share_4q_avg": 16.39,
            "equity": 687102,
            "current_ratio": 204.64,
            "debt_ratio": 41.62,
            "inventory_turnover_ratio": 0.41,
            "account_receivable_turnover_ratio": null,
            "reinvestment_rate": 4.45,
            "research_to_sale_ratio": null,
            "price_fair": 104.74,
            "eps_avg_yearly": 2.99,
            "eps_latest_yearly": 2.8,
            "eps_growth_yearly": 159.55
        },
        "20081": {
            "year_quarter": 20081,
            "year": 2008,
            "quarter": 1,
            "eps": 0.54,
            "eps_growth_year": -11.48,
            "eps_4q": 1.68,
            "eps_4q_growth_year": -41.96,
            "roe": 3.25,
            "roe_4q": 10.419999999999998,
            "gross_profit": 154610,
            "gross_margin": 42.62,
            "gross_margin_4q_avg": 44.36,
            "net_income": 22661,
            "net_income_4q": null,
            "revenue": 362727,
            "revenue_4q": null,
            "common_shares": 422154,
            "book_valuer_per_share": 16.77,
            "book_valuer_per_share_4q_avg": 16.17,
            "equity": 707744,
            "current_ratio": 233.97,
            "debt_ratio": 36.29,
            "inventory_turnover_ratio": 0.4,
            "account_receivable_turnover_ratio": null,
            "reinvestment_rate": 4.22,
            "research_to_sale_ratio": null,
            "price_fair": 98.61,
            "eps_avg_yearly": 2.82,
            "eps_latest_yearly": 2.16,
            "eps_growth_yearly": 135.18
        },
        "20082": {
            "year_quarter": 20082,
            "year": 2008,
            "quarter": 2,
            "eps": 0.19,
            "eps_growth_year": -13.64,
            "eps_4q": 1.64,
            "eps_4q_growth_year": -31.02,
            "roe": 1.17,
            "roe_4q": 10.229999999999999,
            "gross_profit": 122797,
            "gross_margin": 45.28,
            "gross_margin_4q_avg": 44.71,
            "net_income": 8050,
            "net_income_4q": null,
            "revenue": 271170,
            "revenue_4q": null,
            "common_shares": 422154,
            "book_valuer_per_share": 15.72,
            "book_valuer_per_share_4q_avg": 16.08,
            "equity": 663649,
            "current_ratio": 239.14,
            "debt_ratio": 34.5,
            "inventory_turnover_ratio": 0.29,
            "account_receivable_turnover_ratio": null,
            "reinvestment_rate": 4.03,
            "research_to_sale_ratio": null,
            "price_fair": 99.31,
            "eps_avg_yearly": 2.84,
            "eps_latest_yearly": 0.76,
            "eps_growth_yearly": 141.75
        },
        "20083": {
            "year_quarter": 20083,
            "year": 2008,
            "quarter": 3,
            "eps": -0.09,
            "eps_growth_year": -140.91,
            "eps_4q": 1.33,
            "eps_4q_growth_year": -29.98,
            "roe": -0.58,
            "roe_4q": 8.23,
            "gross_profit": 115786,
            "gross_margin": 47.41,
            "gross_margin_4q_avg": 44.65,
            "net_income": -3834,
            "net_income_4q": null,
            "revenue": 244216,
            "revenue_4q": null,
            "common_shares": 422154,
            "book_valuer_per_share": 15.77,
            "book_valuer_per_share_4q_avg": 16.14,
            "equity": 665555,
            "current_ratio": 204.74,
            "debt_ratio": 44.06,
            "inventory_turnover_ratio": 0.23,
            "account_receivable_turnover_ratio": null,
            "reinvestment_rate": 3.96,
            "research_to_sale_ratio": null,
            "price_fair": 101.08,
            "eps_avg_yearly": 2.89,
            "eps_latest_yearly": 0.76,
            "eps_growth_yearly": 51.81
        },
        "20084": {
            "year_quarter": 20084,
            "year": 2008,
            "quarter": 4,
            "eps": -0.24,
            "eps_growth_year": -134.29,
            "eps_4q": 0.4,
            "eps_4q_growth_year": -76.82,
            "roe": -1.52,
            "roe_4q": 2.32,
            "gross_profit": 147614,
            "gross_margin": 38.67,
            "gross_margin_4q_avg": 43.5,
            "net_income": -10076,
            "net_income_4q": null,
            "revenue": 381751,
            "revenue_4q": null,
            "common_shares": 422154,
            "book_valuer_per_share": 15.57,
            "book_valuer_per_share_4q_avg": 15.96,
            "equity": 657292,
            "current_ratio": 196.29,
            "debt_ratio": 45.09,
            "inventory_turnover_ratio": 0.38,
            "account_receivable_turnover_ratio": 3.31,
            "reinvestment_rate": 4.35,
            "research_to_sale_ratio": null,
            "price_fair": 77.45,
            "eps_avg_yearly": 2.75,
            "eps_latest_yearly": 0.76,
            "eps_growth_yearly": 18.15
        },
        "20091": {
            "year_quarter": 20091,
            "year": 2009,
            "quarter": 1,
            "eps": 0.31,
            "eps_growth_year": -42.59,
            "eps_4q": 0.17,
            "eps_4q_growth_year": -89.76,
            "roe": 1.98,
            "roe_4q": 1.0499999999999998,
            "gross_profit": 132142,
            "gross_margin": 35.81,
            "gross_margin_4q_avg": 41.79,
            "net_income": 13169,
            "net_income_4q": null,
            "revenue": 369053,
            "revenue_4q": null,
            "common_shares": 422154,
            "book_valuer_per_share": 15.95,
            "book_valuer_per_share_4q_avg": 15.75,
            "equity": 673512,
            "current_ratio": 199.92,
            "debt_ratio": 44.47,
            "inventory_turnover_ratio": 0.39,
            "account_receivable_turnover_ratio": 1.83,
            "reinvestment_rate": 3.85,
            "research_to_sale_ratio": null,
            "price_fair": 64.74,
            "eps_avg_yearly": 2.54,
            "eps_latest_yearly": 0.76,
            "eps_growth_yearly": 15.44
        },
        "20092": {
            "year_quarter": 20092,
            "year": 2009,
            "quarter": 2,
            "eps": -0.13,
            "eps_growth_year": -168.42,
            "eps_4q": -0.15,
            "eps_4q_growth_year": -108.88,
            "roe": -0.81,
            "roe_4q": -0.93,
            "gross_profit": 111262,
            "gross_margin": 38.29,
            "gross_margin_4q_avg": 40.05,
            "net_income": -5399,
            "net_income_4q": null,
            "revenue": 290566,
            "revenue_4q": null,
            "common_shares": 422154,
            "book_valuer_per_share": 15.45,
            "book_valuer_per_share_4q_avg": 15.69,
            "equity": 652332,
            "current_ratio": 220.58,
            "debt_ratio": 39.43,
            "inventory_turnover_ratio": 0.31,
            "account_receivable_turnover_ratio": 1.72,
            "reinvestment_rate": -0.94,
            "research_to_sale_ratio": null,
            "price_fair": 89.6,
            "eps_avg_yearly": 2.56,
            "eps_latest_yearly": 0.76,
            "eps_growth_yearly": 35.6
        },
        "20093": {
            "year_quarter": 20093,
            "year": 2009,
            "quarter": 3,
            "eps": -0.25,
            "eps_growth_year": null,
            "eps_4q": -0.3,
            "eps_4q_growth_year": -122.53,
            "roe": -1.61,
            "roe_4q": -1.96,
            "gross_profit": 103641,
            "gross_margin": 39.84,
            "gross_margin_4q_avg": 38.15,
            "net_income": -10382,
            "net_income_4q": null,
            "revenue": 260115,
            "revenue_4q": null,
            "common_shares": 422154,
            "book_valuer_per_share": 15.16,
            "book_valuer_per_share_4q_avg": 15.53,
            "equity": 640185,
            "current_ratio": 199.29,
            "debt_ratio": 43.29,
            "inventory_turnover_ratio": 0.27,
            "account_receivable_turnover_ratio": 1.63,
            "reinvestment_rate": -3.65,
            "research_to_sale_ratio": null,
            "price_fair": 88.84,
            "eps_avg_yearly": 2.54,
            "eps_latest_yearly": 0.76,
            "eps_growth_yearly": 32.06
        },
        "20094": {
            "year_quarter": 20094,
            "year": 2009,
            "quarter": 4,
            "eps": 1.02,
            "eps_growth_year": null,
            "eps_4q": 0.95,
            "eps_4q_growth_year": 138.56,
            "roe": 6.49,
            "roe_4q": 6.050000000000001,
            "gross_profit": 193708,
            "gross_margin": 44.17,
            "gross_margin_4q_avg": 39.53,
            "net_income": 42895,
            "net_income_4q": null,
            "revenue": 438581,
            "revenue_4q": null,
            "common_shares": 422154,
            "book_valuer_per_share": 16.17,
            "book_valuer_per_share_4q_avg": 15.68,
            "equity": 682579,
            "current_ratio": 223.88,
            "debt_ratio": 38.47,
            "inventory_turnover_ratio": 0.43,
            "account_receivable_turnover_ratio": 3.46,
            "reinvestment_rate": 29.54,
            "research_to_sale_ratio": null,
            "price_fair": 41.38,
            "eps_avg_yearly": 2.32,
            "eps_latest_yearly": 0.76,
            "eps_growth_yearly": 7.83
        },
        "20101": {
            "year_quarter": 20101,
            "year": 2010,
            "quarter": 1,
            "eps": 0.83,
            "eps_growth_year": 167.74,
            "eps_4q": 1.47,
            "eps_4q_growth_year": 756.6,
            "roe": 5.02,
            "roe_4q": 9.09,
            "gross_profit": 162524,
            "gross_margin": 44.72,
            "gross_margin_4q_avg": 41.76,
            "net_income": 35104,
            "net_income_4q": null,
            "revenue": 363412,
            "revenue_4q": null,
            "common_shares": 422154,
            "book_valuer_per_share": 16.97,
            "book_valuer_per_share_4q_avg": 15.94,
            "equity": 716590,
            "current_ratio": 266.57,
            "debt_ratio": 32.35,
            "inventory_turnover_ratio": 0.39,
            "account_receivable_turnover_ratio": 1.55,
            "reinvestment_rate": 28.36,
            "research_to_sale_ratio": null,
            "price_fair": 35.47,
            "eps_avg_yearly": 2.24,
            "eps_latest_yearly": 3.32,
            "eps_growth_yearly": 5.81
        },
        "20102": {
            "year_quarter": 20102,
            "year": 2010,
            "quarter": 2,
            "eps": 0.26,
            "eps_growth_year": null,
            "eps_4q": 1.72,
            "eps_4q_growth_year": null,
            "roe": 1.72,
            "roe_4q": 11.620000000000001,
            "gross_profit": 133523,
            "gross_margin": 46.12,
            "gross_margin_4q_avg": 43.71,
            "net_income": 12168,
            "net_income_4q": null,
            "revenue": 289482,
            "revenue_4q": null,
            "common_shares": 422154,
            "book_valuer_per_share": 16.53,
            "book_valuer_per_share_4q_avg": 16.21,
            "equity": 697895,
            "current_ratio": 275.49,
            "debt_ratio": 31.07,
            "inventory_turnover_ratio": 0.31,
            "account_receivable_turnover_ratio": 1.47,
            "reinvestment_rate": 30.96,
            "research_to_sale_ratio": null,
            "price_fair": 6.24,
            "eps_avg_yearly": 2.08,
            "eps_latest_yearly": 1.04,
            "eps_growth_yearly": -7.94
        },
        "20103": {
            "year_quarter": 20103,
            "year": 2010,
            "quarter": 3,
            "eps": 0.08,
            "eps_growth_year": null,
            "eps_4q": 2.02,
            "eps_4q_growth_year": null,
            "roe": 0.52,
            "roe_4q": 13.75,
            "gross_profit": 121764,
            "gross_margin": 44.68,
            "gross_margin_4q_avg": 44.92,
            "net_income": 3663,
            "net_income_4q": null,
            "revenue": 272498,
            "revenue_4q": null,
            "common_shares": 464369,
            "book_valuer_per_share": 15.08,
            "book_valuer_per_share_4q_avg": 16.19,
            "equity": 700311,
            "current_ratio": 252.71,
            "debt_ratio": 33.79,
            "inventory_turnover_ratio": 0.28,
            "account_receivable_turnover_ratio": 1.58,
            "reinvestment_rate": 34.09,
            "research_to_sale_ratio": null,
            "price_fair": 5.47,
            "eps_avg_yearly": 1.82,
            "eps_latest_yearly": 0.32,
            "eps_growth_yearly": -38.61
        },
        "20104": {
            "year_quarter": 20104,
            "year": 2010,
            "quarter": 4,
            "eps": 1.22,
            "eps_growth_year": 19.7,
            "eps_4q": 2.32,
            "eps_4q_growth_year": 142.9,
            "roe": 7.83,
            "roe_4q": 15.09,
            "gross_profit": 227943,
            "gross_margin": 45.2,
            "gross_margin_4q_avg": 45.18,
            "net_income": 56695,
            "net_income_4q": null,
            "revenue": 504348,
            "revenue_4q": null,
            "common_shares": 464369,
            "book_valuer_per_share": 16.12,
            "book_valuer_per_share_4q_avg": 16.18,
            "equity": 748339,
            "current_ratio": 242.42,
            "debt_ratio": 35.15,
            "inventory_turnover_ratio": 0.53,
            "account_receivable_turnover_ratio": 2.21,
            "reinvestment_rate": 27.39,
            "research_to_sale_ratio": null,
            "price_fair": 68.18,
            "eps_avg_yearly": 1.95,
            "eps_latest_yearly": 4.88,
            "eps_growth_yearly": 520.83
        },
        "20111": {
            "year_quarter": 20111,
            "year": 2011,
            "quarter": 1,
            "eps": 0.7,
            "eps_growth_year": -15.66,
            "eps_4q": 2.26,
            "eps_4q_growth_year": 53.14,
            "roe": 4.22,
            "roe_4q": 14.290000000000001,
            "gross_profit": 169751,
            "gross_margin": 44.78,
            "gross_margin_4q_avg": 45.2,
            "net_income": 32282,
            "net_income_4q": null,
            "revenue": 379046,
            "revenue_4q": null,
            "common_shares": 464369,
            "book_valuer_per_share": 16.84,
            "book_valuer_per_share_4q_avg": 16.14,
            "equity": 781979,
            "current_ratio": 365.36,
            "debt_ratio": 23.64,
            "inventory_turnover_ratio": 0.45,
            "account_receivable_turnover_ratio": 1.58,
            "reinvestment_rate": 28.09,
            "research_to_sale_ratio": null,
            "price_fair": 69.44,
            "eps_avg_yearly": 1.98,
            "eps_latest_yearly": 2.8,
            "eps_growth_yearly": 516.97
        },
        "20112": {
            "year_quarter": 20112,
            "year": 2011,
            "quarter": 2,
            "eps": 0.43,
            "eps_growth_year": 62.94,
            "eps_4q": 2.42,
            "eps_4q_growth_year": 40.96,
            "roe": 2.66,
            "roe_4q": 15.23,
            "gross_profit": 153424,
            "gross_margin": 47.7,
            "gross_margin_4q_avg": 45.59,
            "net_income": 19827,
            "net_income_4q": null,
            "revenue": 321621,
            "revenue_4q": null,
            "common_shares": 464369,
            "book_valuer_per_share": 15.25,
            "book_valuer_per_share_4q_avg": 15.82,
            "equity": 708067,
            "current_ratio": 234.55,
            "debt_ratio": 35.32,
            "inventory_turnover_ratio": 0.36,
            "account_receivable_turnover_ratio": 1.69,
            "reinvestment_rate": 25.85,
            "research_to_sale_ratio": null,
            "price_fair": 72.38,
            "eps_avg_yearly": 2.07,
            "eps_latest_yearly": 1.72,
            "eps_growth_yearly": 527.11
        },
        "20113": {
            "year_quarter": 20113,
            "year": 2011,
            "quarter": 3,
            "eps": -0.23,
            "eps_growth_year": -385.89,
            "eps_4q": 2.12,
            "eps_4q_growth_year": 4.8,
            "roe": -1.48,
            "roe_4q": 13.23,
            "gross_profit": 140598,
            "gross_margin": 47.52,
            "gross_margin_4q_avg": 46.3,
            "net_income": -10472,
            "net_income_4q": null,
            "revenue": 295843,
            "revenue_4q": null,
            "common_shares": 464369,
            "book_valuer_per_share": 15.15,
            "book_valuer_per_share_4q_avg": 15.84,
            "equity": 703515,
            "current_ratio": 211.46,
            "debt_ratio": 39.01,
            "inventory_turnover_ratio": 0.29,
            "account_receivable_turnover_ratio": 1.58,
            "reinvestment_rate": 28.33,
            "research_to_sale_ratio": null,
            "price_fair": 77,
            "eps_avg_yearly": 2.2,
            "eps_latest_yearly": 1.72,
            "eps_growth_yearly": 585.68
        },
        "20114": {
            "year_quarter": 20114,
            "year": 2011,
            "quarter": 4,
            "eps": 1.01,
            "eps_growth_year": -17.65,
            "eps_4q": 1.77,
            "eps_4q_growth_year": -23.74,
            "roe": 6.63,
            "roe_4q": 12.030000000000001,
            "gross_profit": 244058,
            "gross_margin": 44.33,
            "gross_margin_4q_avg": 46.08,
            "net_income": 54924,
            "net_income_4q": null,
            "revenue": 550587,
            "revenue_4q": null,
            "common_shares": 546269,
            "book_valuer_per_share": 17.45,
            "book_valuer_per_share_4q_avg": 16.17,
            "equity": 953070,
            "current_ratio": 309.99,
            "debt_ratio": 28.18,
            "inventory_turnover_ratio": 0.51,
            "account_receivable_turnover_ratio": 2.26,
            "reinvestment_rate": 23.7,
            "research_to_sale_ratio": null,
            "price_fair": 74.38,
            "eps_avg_yearly": 2.13,
            "eps_latest_yearly": 1.72,
            "eps_growth_yearly": 549.8
        },
        "20121": {
            "year_quarter": 20121,
            "year": 2012,
            "quarter": 1,
            "eps": 0.38,
            "eps_growth_year": -45.71,
            "eps_4q": 1.56,
            "eps_4q_growth_year": -30.94,
            "roe": 2.17,
            "roe_4q": 9.98,
            "gross_profit": 176862,
            "gross_margin": 42.37,
            "gross_margin_4q_avg": 45.48,
            "net_income": 20872,
            "net_income_4q": null,
            "revenue": 417391,
            "revenue_4q": null,
            "common_shares": 546269,
            "book_valuer_per_share": 17.79,
            "book_valuer_per_share_4q_avg": 16.41,
            "equity": 971911,
            "current_ratio": 548.63,
            "debt_ratio": 20.56,
            "inventory_turnover_ratio": 0.4,
            "account_receivable_turnover_ratio": 1.69,
            "reinvestment_rate": 43.53,
            "research_to_sale_ratio": null,
            "price_fair": 71.58,
            "eps_avg_yearly": 2.05,
            "eps_latest_yearly": 1.52,
            "eps_growth_yearly": 530.04
        },
        "20122": {
            "year_quarter": 20122,
            "year": 2012,
            "quarter": 2,
            "eps": -0.17,
            "eps_growth_year": -140.47,
            "eps_4q": 1.02,
            "eps_4q_growth_year": -57.76,
            "roe": -1.02,
            "roe_4q": 6.299999999999999,
            "gross_profit": 136876,
            "gross_margin": 44.12,
            "gross_margin_4q_avg": 44.59,
            "net_income": -9439,
            "net_income_4q": null,
            "revenue": 310229,
            "revenue_4q": null,
            "common_shares": 546269,
            "book_valuer_per_share": 16.13,
            "book_valuer_per_share_4q_avg": 16.63,
            "equity": 880982,
            "current_ratio": 362.58,
            "debt_ratio": 27.7,
            "inventory_turnover_ratio": 0.29,
            "account_receivable_turnover_ratio": 1.66,
            "reinvestment_rate": 45.35,
            "research_to_sale_ratio": null,
            "price_fair": 78,
            "eps_avg_yearly": 2.23,
            "eps_latest_yearly": 1.52,
            "eps_growth_yearly": 642.8
        },
        "20123": {
            "year_quarter": 20123,
            "year": 2012,
            "quarter": 3,
            "eps": -0.27,
            "eps_growth_year": null,
            "eps_4q": 0.94,
            "eps_4q_growth_year": -55.47,
            "roe": -1.7,
            "roe_4q": 6.08,
            "gross_profit": 118612,
            "gross_margin": 43.33,
            "gross_margin_4q_avg": 43.54,
            "net_income": -14849,
            "net_income_4q": null,
            "revenue": 273727,
            "revenue_4q": null,
            "common_shares": 546269,
            "book_valuer_per_share": 15.84,
            "book_valuer_per_share_4q_avg": 16.8,
            "equity": 865038,
            "current_ratio": 306.23,
            "debt_ratio": 31.8,
            "inventory_turnover_ratio": 0.23,
            "account_receivable_turnover_ratio": 1.57,
            "reinvestment_rate": 48.86,
            "research_to_sale_ratio": null,
            "price_fair": 78,
            "eps_avg_yearly": 2.23,
            "eps_latest_yearly": 1.52,
            "eps_growth_yearly": 642.8
        },
        "20124": {
            "year_quarter": 20124,
            "year": 2012,
            "quarter": 4,
            "eps": 0.58,
            "eps_growth_year": -42.25,
            "eps_4q": 0.52,
            "eps_4q_growth_year": -70.69,
            "roe": 3.6,
            "roe_4q": 3.05,
            "gross_profit": 196597,
            "gross_margin": 39.25,
            "gross_margin_4q_avg": 42.27,
            "net_income": 31721,
            "net_income_4q": null,
            "revenue": 500886,
            "revenue_4q": null,
            "common_shares": 546269,
            "book_valuer_per_share": 16.41,
            "book_valuer_per_share_4q_avg": 16.54,
            "equity": 896162,
            "current_ratio": 329.82,
            "debt_ratio": 30,
            "inventory_turnover_ratio": 0.45,
            "account_receivable_turnover_ratio": 2.21,
            "reinvestment_rate": 33.77,
            "research_to_sale_ratio": null,
            "price_fair": 78,
            "eps_avg_yearly": 2.23,
            "eps_latest_yearly": 1.52,
            "eps_growth_yearly": 642.8
        },
        "20131": {
            "year_quarter": 20131,
            "year": 2013,
            "quarter": 1,
            "eps": -0.05,
            "eps_growth_year": -113.16,
            "eps_4q": 0.09,
            "eps_4q_growth_year": -94.33,
            "roe": -0.29,
            "roe_4q": 0.5900000000000001,
            "gross_profit": 131424,
            "gross_margin": 38.12,
            "gross_margin_4q_avg": 41.21,
            "net_income": -2602,
            "net_income_4q": null,
            "revenue": 344751,
            "revenue_4q": null,
            "common_shares": 546269,
            "book_valuer_per_share": 16.02,
            "book_valuer_per_share_4q_avg": 16.1,
            "equity": 874928,
            "current_ratio": 429.01,
            "debt_ratio": 25.88,
            "inventory_turnover_ratio": 0.34,
            "account_receivable_turnover_ratio": 1.4,
            "reinvestment_rate": -0.96,
            "research_to_sale_ratio": null,
            "price_fair": 78,
            "eps_avg_yearly": 2.23,
            "eps_latest_yearly": 1.52,
            "eps_growth_yearly": 642.8
        },
        "20132": {
            "year_quarter": 20132,
            "year": 2013,
            "quarter": 2,
            "eps": 0.18,
            "eps_growth_year": null,
            "eps_4q": 0.44,
            "eps_4q_growth_year": -57.17,
            "roe": 1.11,
            "roe_4q": 2.7199999999999998,
            "gross_profit": 140370,
            "gross_margin": 46.94,
            "gross_margin_4q_avg": 41.91,
            "net_income": 9668,
            "net_income_4q": null,
            "revenue": 299044,
            "revenue_4q": null,
            "common_shares": 546269,
            "book_valuer_per_share": 15.82,
            "book_valuer_per_share_4q_avg": 16.02,
            "equity": 864300,
            "current_ratio": 431.35,
            "debt_ratio": 25.68,
            "inventory_turnover_ratio": 0.27,
            "account_receivable_turnover_ratio": 1.55,
            "reinvestment_rate": -1.04,
            "research_to_sale_ratio": null,
            "price_fair": 78,
            "eps_avg_yearly": 2.23,
            "eps_latest_yearly": 1.52,
            "eps_growth_yearly": 642.8
        },
        "20133": {
            "year_quarter": 20133,
            "year": 2013,
            "quarter": 3,
            "eps": -0.17,
            "eps_growth_year": null,
            "eps_4q": 0.54,
            "eps_4q_growth_year": -42.72,
            "roe": -1.08,
            "roe_4q": 3.3400000000000003,
            "gross_profit": 112510,
            "gross_margin": 45.75,
            "gross_margin_4q_avg": 42.52,
            "net_income": -9282,
            "net_income_4q": null,
            "revenue": 245934,
            "revenue_4q": null,
            "common_shares": 546269,
            "book_valuer_per_share": 15.63,
            "book_valuer_per_share_4q_avg": 15.97,
            "equity": 854043,
            "current_ratio": 382.43,
            "debt_ratio": 27.84,
            "inventory_turnover_ratio": 0.21,
            "account_receivable_turnover_ratio": 1.54,
            "reinvestment_rate": -0.49,
            "research_to_sale_ratio": null,
            "price_fair": 78,
            "eps_avg_yearly": 2.23,
            "eps_latest_yearly": 1.52,
            "eps_growth_yearly": 642.8
        },
        "20134": {
            "year_quarter": 20134,
            "year": 2013,
            "quarter": 4,
            "eps": 0.9,
            "eps_growth_year": 54.93,
            "eps_4q": 0.86,
            "eps_4q_growth_year": 65.79,
            "roe": 5.61,
            "roe_4q": 5.3500000000000005,
            "gross_profit": 206785,
            "gross_margin": 46.38,
            "gross_margin_4q_avg": 44.3,
            "net_income": 49144,
            "net_income_4q": null,
            "revenue": 445833,
            "revenue_4q": null,
            "common_shares": 546269,
            "book_valuer_per_share": 16.45,
            "book_valuer_per_share_4q_avg": 15.98,
            "equity": 898622,
            "current_ratio": 426.19,
            "debt_ratio": 25.75,
            "inventory_turnover_ratio": 0.38,
            "account_receivable_turnover_ratio": 2.29,
            "reinvestment_rate": -31.42,
            "research_to_sale_ratio": null,
            "price_fair": 78,
            "eps_avg_yearly": 2.23,
            "eps_latest_yearly": 1.52,
            "eps_growth_yearly": 642.8
        },
        "20141": {
            "year_quarter": 20141,
            "year": 2014,
            "quarter": 1,
            "eps": 0.31,
            "eps_growth_year": null,
            "eps_4q": 1.21,
            "eps_4q_growth_year": 1270.38,
            "roe": 1.84,
            "roe_4q": 7.48,
            "gross_profit": 145177,
            "gross_margin": 44.48,
            "gross_margin_4q_avg": 45.89,
            "net_income": 16673,
            "net_income_4q": null,
            "revenue": 326394,
            "revenue_4q": null,
            "common_shares": 546269,
            "book_valuer_per_share": 16.75,
            "book_valuer_per_share_4q_avg": 16.16,
            "equity": 914929,
            "current_ratio": 425.98,
            "debt_ratio": 25.63,
            "inventory_turnover_ratio": 0.3,
            "account_receivable_turnover_ratio": 1.62,
            "reinvestment_rate": -35.04,
            "research_to_sale_ratio": null,
            "price_fair": 67.6,
            "eps_avg_yearly": 1.93,
            "eps_latest_yearly": 1.24,
            "eps_growth_yearly": 615.98
        },
        "20142": {
            "year_quarter": 20142,
            "year": 2014,
            "quarter": 2,
            "eps": 0.1,
            "eps_growth_year": -44.44,
            "eps_4q": 1.13,
            "eps_4q_growth_year": 158.27,
            "roe": 0.59,
            "roe_4q": 6.960000000000001,
            "gross_profit": 135869,
            "gross_margin": 45.48,
            "gross_margin_4q_avg": 45.52,
            "net_income": 5289,
            "net_income_4q": null,
            "revenue": 298712,
            "revenue_4q": null,
            "common_shares": 546269,
            "book_valuer_per_share": 15.82,
            "book_valuer_per_share_4q_avg": 16.16,
            "equity": 864157,
            "current_ratio": 386.86,
            "debt_ratio": 27.28,
            "inventory_turnover_ratio": 0.28,
            "account_receivable_turnover_ratio": 1.97,
            "reinvestment_rate": -34.86,
            "research_to_sale_ratio": null,
            "price_fair": 64.4,
            "eps_avg_yearly": 1.84,
            "eps_latest_yearly": 0.4,
            "eps_growth_yearly": 616.51
        },
        "20143": {
            "year_quarter": 20143,
            "year": 2014,
            "quarter": 3,
            "eps": -0.16,
            "eps_growth_year": null,
            "eps_4q": 1.14,
            "eps_4q_growth_year": 111.85,
            "roe": -1,
            "roe_4q": 7.040000000000001,
            "gross_profit": 112532,
            "gross_margin": 45.23,
            "gross_margin_4q_avg": 45.39,
            "net_income": -8601,
            "net_income_4q": null,
            "revenue": 248791,
            "revenue_4q": null,
            "common_shares": 546269,
            "book_valuer_per_share": 15.7,
            "book_valuer_per_share_4q_avg": 16.18,
            "equity": 857568,
            "current_ratio": 316.62,
            "debt_ratio": 31.58,
            "inventory_turnover_ratio": 0.22,
            "account_receivable_turnover_ratio": 1.75,
            "reinvestment_rate": -33.78,
            "research_to_sale_ratio": null,
            "price_fair": 73.27,
            "eps_avg_yearly": 2.09,
            "eps_latest_yearly": 0.4,
            "eps_growth_yearly": 765.42
        },
        "20144": {
            "year_quarter": 20144,
            "year": 2014,
            "quarter": 4,
            "eps": 0.99,
            "eps_growth_year": 10.22,
            "eps_4q": 1.24,
            "eps_4q_growth_year": 43.89,
            "roe": 6.15,
            "roe_4q": 7.58,
            "gross_profit": 227837,
            "gross_margin": 48.25,
            "gross_margin_4q_avg": 45.86,
            "net_income": 54166,
            "net_income_4q": null,
            "revenue": 472210,
            "revenue_4q": null,
            "common_shares": 546269,
            "book_valuer_per_share": 16.54,
            "book_valuer_per_share_4q_avg": 16.2,
            "equity": 903647,
            "current_ratio": 348.28,
            "debt_ratio": 29.81,
            "inventory_turnover_ratio": 0.38,
            "account_receivable_turnover_ratio": 2.45,
            "reinvestment_rate": -27.64,
            "research_to_sale_ratio": null,
            "price_fair": 4.61,
            "eps_avg_yearly": 1.54,
            "eps_latest_yearly": 0.4,
            "eps_growth_yearly": -221.49
        },
        "20151": {
            "year_quarter": 20151,
            "year": 2015,
            "quarter": 1,
            "eps": 0.38,
            "eps_growth_year": 22.58,
            "eps_4q": 1.31,
            "eps_4q_growth_year": 8.06,
            "roe": 2.26,
            "roe_4q": 8,
            "gross_profit": 162053,
            "gross_margin": 45.14,
            "gross_margin_4q_avg": 46.03,
            "net_income": 20683,
            "net_income_4q": null,
            "revenue": 358995,
            "revenue_4q": null,
            "common_shares": 546269,
            "book_valuer_per_share": 16.91,
            "book_valuer_per_share_4q_avg": 16.24,
            "equity": 923579,
            "current_ratio": 411.4,
            "debt_ratio": 26.22,
            "inventory_turnover_ratio": 0.33,
            "account_receivable_turnover_ratio": 1.64,
            "reinvestment_rate": -30.66,
            "research_to_sale_ratio": null,
            "price_fair": 3.84,
            "eps_avg_yearly": 1.28,
            "eps_latest_yearly": 1.52,
            "eps_growth_yearly": -236.69
        },
        "20152": {
            "year_quarter": 20152,
            "year": 2015,
            "quarter": 2,
            "eps": 0.28,
            "eps_growth_year": 180,
            "eps_4q": 1.49,
            "eps_4q_growth_year": 31.64,
            "roe": 1.68,
            "roe_4q": 9.09,
            "gross_profit": 157352,
            "gross_margin": 48.76,
            "gross_margin_4q_avg": 46.85,
            "net_income": 15140,
            "net_income_4q": null,
            "revenue": 322700,
            "revenue_4q": null,
            "common_shares": 546269,
            "book_valuer_per_share": 16.06,
            "book_valuer_per_share_4q_avg": 16.3,
            "equity": 877530,
            "current_ratio": 416.34,
            "debt_ratio": 25.81,
            "inventory_turnover_ratio": 0.28,
            "account_receivable_turnover_ratio": 1.86,
            "reinvestment_rate": -29.59,
            "research_to_sale_ratio": null,
            "price_fair": 3.48,
            "eps_avg_yearly": 1.16,
            "eps_latest_yearly": 1.12,
            "eps_growth_yearly": -226.88
        },
        "20153": {
            "year_quarter": 20153,
            "year": 2015,
            "quarter": 3,
            "eps": -0.12,
            "eps_growth_year": null,
            "eps_4q": 1.52,
            "eps_4q_growth_year": 33.05,
            "roe": -0.78,
            "roe_4q": 9.31,
            "gross_profit": 124578,
            "gross_margin": 49.97,
            "gross_margin_4q_avg": 48.03,
            "net_income": -6827,
            "net_income_4q": null,
            "revenue": 249291,
            "revenue_4q": null,
            "common_shares": 546269,
            "book_valuer_per_share": 15.99,
            "book_valuer_per_share_4q_avg": 16.38,
            "equity": 873711,
            "current_ratio": 276.5,
            "debt_ratio": 35.27,
            "inventory_turnover_ratio": 0.2,
            "account_receivable_turnover_ratio": 1.66,
            "reinvestment_rate": -29.07,
            "research_to_sale_ratio": null,
            "price_fair": 3.48,
            "eps_avg_yearly": 1.16,
            "eps_latest_yearly": 1.12,
            "eps_growth_yearly": -226.88
        },
        "20154": {
            "year_quarter": 20154,
            "year": 2015,
            "quarter": 4,
            "eps": 0.94,
            "eps_growth_year": -5.38,
            "eps_4q": 1.47,
            "eps_4q_growth_year": 18.84,
            "roe": 5.79,
            "roe_4q": 8.95,
            "gross_profit": 201875,
            "gross_margin": 45.41,
            "gross_margin_4q_avg": 47.32,
            "net_income": 51251,
            "net_income_4q": null,
            "revenue": 444571,
            "revenue_4q": null,
            "common_shares": 546269,
            "book_valuer_per_share": 16.43,
            "book_valuer_per_share_4q_avg": 16.35,
            "equity": 897322,
            "current_ratio": 290.06,
            "debt_ratio": 30.68,
            "inventory_turnover_ratio": 0.38,
            "account_receivable_turnover_ratio": 2.46,
            "reinvestment_rate": 11.82,
            "research_to_sale_ratio": null,
            "price_fair": 3.48,
            "eps_avg_yearly": 1.16,
            "eps_latest_yearly": 1.12,
            "eps_growth_yearly": -226.88
        },
        "20161": {
            "year_quarter": 20161,
            "year": 2016,
            "quarter": 1,
            "eps": 0.34,
            "eps_growth_year": -10.53,
            "eps_4q": 1.43,
            "eps_4q_growth_year": 9.55,
            "roe": 2.07,
            "roe_4q": 8.76,
            "gross_profit": 158290,
            "gross_margin": 43.58,
            "gross_margin_4q_avg": 46.93,
            "net_income": 18808,
            "net_income_4q": null,
            "revenue": 363196,
            "revenue_4q": null,
            "common_shares": 546269,
            "book_valuer_per_share": 16.76,
            "book_valuer_per_share_4q_avg": 16.31,
            "equity": 915737,
            "current_ratio": 321.64,
            "debt_ratio": 26.73,
            "inventory_turnover_ratio": 0.35,
            "account_receivable_turnover_ratio": 1.75,
            "reinvestment_rate": -9.54,
            "research_to_sale_ratio": null,
            "price_fair": 3.38,
            "eps_avg_yearly": 1.13,
            "eps_latest_yearly": 1.36,
            "eps_growth_yearly": -228.05
        },
        "20162": {
            "year_quarter": 20162,
            "year": 2016,
            "quarter": 2,
            "eps": 0.06,
            "eps_growth_year": -78.57,
            "eps_4q": 1.22,
            "eps_4q_growth_year": -17.98,
            "roe": 0.4,
            "roe_4q": 7.4799999999999995,
            "gross_profit": 144597,
            "gross_margin": 46.8,
            "gross_margin_4q_avg": 46.44,
            "net_income": 3525,
            "net_income_4q": null,
            "revenue": 308965,
            "revenue_4q": null,
            "common_shares": 546269,
            "book_valuer_per_share": 15.49,
            "book_valuer_per_share_4q_avg": 16.17,
            "equity": 846246,
            "current_ratio": 304.49,
            "debt_ratio": 27.64,
            "inventory_turnover_ratio": 0.29,
            "account_receivable_turnover_ratio": 1.77,
            "reinvestment_rate": -6.97,
            "research_to_sale_ratio": null,
            "price_fair": 2.94,
            "eps_avg_yearly": 0.98,
            "eps_latest_yearly": 0.24,
            "eps_growth_yearly": -244.94
        },
        "20163": {
            "year_quarter": 20163,
            "year": 2016,
            "quarter": 3,
            "eps": -0.13,
            "eps_growth_year": null,
            "eps_4q": 1.22,
            "eps_4q_growth_year": -19.98,
            "roe": -0.84,
            "roe_4q": 7.42,
            "gross_profit": 114917,
            "gross_margin": 48.1,
            "gross_margin_4q_avg": 45.97,
            "net_income": -7040,
            "net_income_4q": null,
            "revenue": 238896,
            "revenue_4q": null,
            "common_shares": 546269,
            "book_valuer_per_share": 15.32,
            "book_valuer_per_share_4q_avg": 16,
            "equity": 836878,
            "current_ratio": 289.84,
            "debt_ratio": 32.5,
            "inventory_turnover_ratio": 0.21,
            "account_receivable_turnover_ratio": 1.66,
            "reinvestment_rate": -9.97,
            "research_to_sale_ratio": null,
            "price_fair": 2.94,
            "eps_avg_yearly": 0.98,
            "eps_latest_yearly": 0.24,
            "eps_growth_yearly": -244.94
        },
        "20164": {
            "year_quarter": 20164,
            "year": 2016,
            "quarter": 4,
            "eps": 0.79,
            "eps_growth_year": -15.27,
            "eps_4q": 1.07,
            "eps_4q_growth_year": -26.83,
            "roe": 5.08,
            "roe_4q": 6.710000000000001,
            "gross_profit": 192716,
            "gross_margin": 48.26,
            "gross_margin_4q_avg": 46.69,
            "net_income": 43424,
            "net_income_4q": null,
            "revenue": 399346,
            "revenue_4q": null,
            "common_shares": 546269,
            "book_valuer_per_share": 15.98,
            "book_valuer_per_share_4q_avg": 15.89,
            "equity": 873059,
            "current_ratio": 365.93,
            "debt_ratio": 27.94,
            "inventory_turnover_ratio": 0.33,
            "account_receivable_turnover_ratio": 2.23,
            "reinvestment_rate": -3.13,
            "research_to_sale_ratio": null,
            "price_fair": 2.94,
            "eps_avg_yearly": 0.98,
            "eps_latest_yearly": 0.24,
            "eps_growth_yearly": -244.94
        },
        "20171": {
            "year_quarter": 20171,
            "year": 2017,
            "quarter": 1,
            "eps": 0.26,
            "eps_growth_year": -23.53,
            "eps_4q": 0.99,
            "eps_4q_growth_year": -30.72,
            "roe": 1.64,
            "roe_4q": 6.28,
            "gross_profit": 145978,
            "gross_margin": 43.82,
            "gross_margin_4q_avg": 46.75,
            "net_income": 14387,
            "net_income_4q": null,
            "revenue": 333124,
            "revenue_4q": null,
            "common_shares": 546269,
            "book_valuer_per_share": 16.18,
            "book_valuer_per_share_4q_avg": 15.74,
            "equity": 884042,
            "current_ratio": 430.93,
            "debt_ratio": 24.71,
            "inventory_turnover_ratio": 0.32,
            "account_receivable_turnover_ratio": 1.78,
            "reinvestment_rate": 32.09,
            "research_to_sale_ratio": null,
            "price_fair": 2.97,
            "eps_avg_yearly": 0.99,
            "eps_latest_yearly": 1.04,
            "eps_growth_yearly": -248.29
        },
        "20172": {
            "year_quarter": 20172,
            "year": 2017,
            "quarter": 2,
            "eps": 0.14,
            "eps_growth_year": 133.33,
            "eps_4q": 1.07,
            "eps_4q_growth_year": -12.09,
            "roe": 0.91,
            "roe_4q": 6.79,
            "gross_profit": 142282,
            "gross_margin": 48.28,
            "gross_margin_4q_avg": 47.12,
            "net_income": 7918,
            "net_income_4q": null,
            "revenue": 294684,
            "revenue_4q": null,
            "common_shares": 546269,
            "book_valuer_per_share": 15.66,
            "book_valuer_per_share_4q_avg": 15.79,
            "equity": 855422,
            "current_ratio": 508.8,
            "debt_ratio": 22.14,
            "inventory_turnover_ratio": 0.27,
            "account_receivable_turnover_ratio": 2.02,
            "reinvestment_rate": 31.38,
            "research_to_sale_ratio": null,
            "price_fair": 2.81,
            "eps_avg_yearly": 0.94,
            "eps_latest_yearly": 0.56,
            "eps_growth_yearly": -240.33
        },
        "20173": {
            "year_quarter": 20173,
            "year": 2017,
            "quarter": 3,
            "eps": -0.02,
            "eps_growth_year": null,
            "eps_4q": 1.18,
            "eps_4q_growth_year": -3.14,
            "roe": -0.15,
            "roe_4q": 7.48,
            "gross_profit": 119324,
            "gross_margin": 49.95,
            "gross_margin_4q_avg": 47.58,
            "net_income": -1275,
            "net_income_4q": null,
            "revenue": 238882,
            "revenue_4q": null,
            "common_shares": 546269,
            "book_valuer_per_share": 15.65,
            "book_valuer_per_share_4q_avg": 15.87,
            "equity": 854750,
            "current_ratio": 297.63,
            "debt_ratio": 30.03,
            "inventory_turnover_ratio": 0.2,
            "account_receivable_turnover_ratio": 1.71,
            "reinvestment_rate": 30.81,
            "research_to_sale_ratio": null,
            "price_fair": 2.81,
            "eps_avg_yearly": 0.94,
            "eps_latest_yearly": 0.56,
            "eps_growth_yearly": -240.33
        },
        "20174": {
            "year_quarter": 20174,
            "year": 2017,
            "quarter": 4,
            "eps": 0.94,
            "eps_growth_year": 17.98,
            "eps_4q": 1.32,
            "eps_4q_growth_year": 23.07,
            "roe": 5.83,
            "roe_4q": 8.23,
            "gross_profit": 215643,
            "gross_margin": 50.09,
            "gross_margin_4q_avg": 48.04,
            "net_income": 51231,
            "net_income_4q": null,
            "revenue": 430543,
            "revenue_4q": null,
            "common_shares": 546269,
            "book_valuer_per_share": 16.51,
            "book_valuer_per_share_4q_avg": 16,
            "equity": 901933,
            "current_ratio": 397.49,
            "debt_ratio": 24.02,
            "inventory_turnover_ratio": 0.36,
            "account_receivable_turnover_ratio": 2.11,
            "reinvestment_rate": 28.78,
            "research_to_sale_ratio": null,
            "price_fair": 2.81,
            "eps_avg_yearly": 0.94,
            "eps_latest_yearly": 0.56,
            "eps_growth_yearly": -240.33
        },
        "20181": {
            "year_quarter": 20181,
            "year": 2018,
            "quarter": 1,
            "eps": 0.49,
            "eps_growth_year": 88.46,
            "eps_4q": 1.55,
            "eps_4q_growth_year": 55.56,
            "roe": 2.9,
            "roe_4q": 9.49,
            "gross_profit": 156272,
            "gross_margin": 46.92,
            "gross_margin_4q_avg": 48.81,
            "net_income": 26588,
            "net_income_4q": null,
            "revenue": 333083,
            "revenue_4q": null,
            "common_shares": 546269,
            "book_valuer_per_share": 17.06,
            "book_valuer_per_share_4q_avg": 16.22,
            "equity": 932104,
            "current_ratio": 432.03,
            "debt_ratio": 21.43,
            "inventory_turnover_ratio": 0.32,
            "account_receivable_turnover_ratio": 1.46,
            "reinvestment_rate": 30.76,
            "research_to_sale_ratio": null,
            "price_fair": 3.08,
            "eps_avg_yearly": 1.03,
            "eps_latest_yearly": 1.96,
            "eps_growth_yearly": -231.49
        },
        "20182": {
            "year_quarter": 20182,
            "year": 2018,
            "quarter": 2,
            "eps": 0.24,
            "eps_growth_year": 71.43,
            "eps_4q": 1.64,
            "eps_4q_growth_year": 53.04,
            "roe": 1.47,
            "roe_4q": 10.049999999999999,
            "gross_profit": 143542,
            "gross_margin": 48.15,
            "gross_margin_4q_avg": 48.78,
            "net_income": 13276,
            "net_income_4q": null,
            "revenue": 298119,
            "revenue_4q": null,
            "common_shares": 546269,
            "book_valuer_per_share": 16.09,
            "book_valuer_per_share_4q_avg": 16.33,
            "equity": 879055,
            "current_ratio": 400.51,
            "debt_ratio": 22.33,
            "inventory_turnover_ratio": 0.3,
            "account_receivable_turnover_ratio": 1.65,
            "reinvestment_rate": 27.93,
            "research_to_sale_ratio": null,
            "price_fair": 3.29,
            "eps_avg_yearly": 1.1,
            "eps_latest_yearly": 0.96,
            "eps_growth_yearly": -223.12
        },
        "20183": {
            "year_quarter": 20183,
            "year": 2018,
            "quarter": 3,
            "eps": -0.1,
            "eps_growth_year": null,
            "eps_4q": 1.56,
            "eps_4q_growth_year": 32.45,
            "roe": -0.65,
            "roe_4q": 9.55,
            "gross_profit": 111953,
            "gross_margin": 47.44,
            "gross_margin_4q_avg": 48.15,
            "net_income": -5728,
            "net_income_4q": null,
            "revenue": 236005,
            "revenue_4q": null,
            "common_shares": 546269,
            "book_valuer_per_share": 15.94,
            "book_valuer_per_share_4q_avg": 16.4,
            "equity": 870842,
            "current_ratio": 309.3,
            "debt_ratio": 27.48,
            "inventory_turnover_ratio": 0.22,
            "account_receivable_turnover_ratio": 1.44,
            "reinvestment_rate": 19.09,
            "research_to_sale_ratio": null,
            "price_fair": 3.29,
            "eps_avg_yearly": 1.1,
            "eps_latest_yearly": 0.96,
            "eps_growth_yearly": -223.12
        },
        "20184": {
            "year_quarter": 20184,
            "year": 2018,
            "quarter": 4,
            "eps": 0.9,
            "eps_growth_year": -4,
            "eps_4q": 1.53,
            "eps_4q_growth_year": 15.3,
            "roe": 5.51,
            "roe_4q": 9.229999999999999,
            "gross_profit": 214373,
            "gross_margin": 48.57,
            "gross_margin_4q_avg": 47.77,
            "net_income": 49181,
            "net_income_4q": null,
            "revenue": 441353,
            "revenue_4q": null,
            "common_shares": 546269,
            "book_valuer_per_share": 16.77,
            "book_valuer_per_share_4q_avg": 16.47,
            "equity": 915826,
            "current_ratio": 317.33,
            "debt_ratio": 27.38,
            "inventory_turnover_ratio": 0.37,
            "account_receivable_turnover_ratio": 2.07,
            "reinvestment_rate": 18.1,
            "research_to_sale_ratio": null,
            "price_fair": 3.29,
            "eps_avg_yearly": 1.1,
            "eps_latest_yearly": 0.96,
            "eps_growth_yearly": -223.12
        },
        "20191": {
            "year_quarter": 20191,
            "year": 2019,
            "quarter": 1,
            "eps": 0.53,
            "eps_growth_year": 8.16,
            "eps_4q": 1.57,
            "eps_4q_growth_year": 1.22,
            "roe": 3.09,
            "roe_4q": 9.42,
            "gross_profit": 154237,
            "gross_margin": 44.61,
            "gross_margin_4q_avg": 47.19,
            "net_income": 28767,
            "net_income_4q": null,
            "revenue": 345769,
            "revenue_4q": null,
            "common_shares": 546269,
            "book_valuer_per_share": 17.33,
            "book_valuer_per_share_4q_avg": 16.53,
            "equity": 946605,
            "current_ratio": 299.55,
            "debt_ratio": 28.03,
            "inventory_turnover_ratio": 0.32,
            "account_receivable_turnover_ratio": 1.44,
            "reinvestment_rate": 20.12,
            "research_to_sale_ratio": null,
            "price_fair": 3.51,
            "eps_avg_yearly": 1.17,
            "eps_latest_yearly": 2.12,
            "eps_growth_yearly": -212.87
        },
        "20192": {
            "year_quarter": 20192,
            "year": 2019,
            "quarter": 2,
            "eps": 0.26,
            "eps_growth_year": 8.33,
            "eps_4q": 1.58,
            "eps_4q_growth_year": -3.96,
            "roe": 1.53,
            "roe_4q": 9.479999999999999,
            "gross_profit": 155489,
            "gross_margin": 48.28,
            "gross_margin_4q_avg": 47.23,
            "net_income": 14042,
            "net_income_4q": null,
            "revenue": 322073,
            "revenue_4q": null,
            "common_shares": 546269,
            "book_valuer_per_share": 16.16,
            "book_valuer_per_share_4q_avg": 16.55,
            "equity": 883038,
            "current_ratio": 316.76,
            "debt_ratio": 25.75,
            "inventory_turnover_ratio": 0.29,
            "account_receivable_turnover_ratio": 1.61,
            "reinvestment_rate": 21.88,
            "research_to_sale_ratio": null,
            "price_fair": 3.48,
            "eps_avg_yearly": 1.16,
            "eps_latest_yearly": 1.04,
            "eps_growth_yearly": -225.19
        },
        "20193": {
            "year_quarter": 20193,
            "year": 2019,
            "quarter": 3,
            "eps": -0.22,
            "eps_growth_year": null,
            "eps_4q": 1.47,
            "eps_4q_growth_year": -6.02,
            "roe": -1.34,
            "roe_4q": 8.79,
            "gross_profit": 117322,
            "gross_margin": 45.97,
            "gross_margin_4q_avg": 46.86,
            "net_income": -11766,
            "net_income_4q": null,
            "revenue": 255219,
            "revenue_4q": null,
            "common_shares": 546269,
            "book_valuer_per_share": 15.9,
            "book_valuer_per_share_4q_avg": 16.54,
            "equity": 868327,
            "current_ratio": 249.16,
            "debt_ratio": 32.36,
            "inventory_turnover_ratio": 0.22,
            "account_receivable_turnover_ratio": 1.42,
            "reinvestment_rate": 15.92,
            "research_to_sale_ratio": null,
            "price_fair": 3.48,
            "eps_avg_yearly": 1.16,
            "eps_latest_yearly": 1.04,
            "eps_growth_yearly": -225.19
        },
        "20194": {
            "year_quarter": 20194,
            "year": 2019,
            "quarter": 4,
            "eps": 0.83,
            "eps_growth_year": -7.48,
            "eps_4q": 1.4,
            "eps_4q_growth_year": -8.13,
            "roe": 5.12,
            "roe_4q": 8.4,
            "gross_profit": 212237,
            "gross_margin": 47.88,
            "gross_margin_4q_avg": 46.69,
            "net_income": 45503,
            "net_income_4q": null,
            "revenue": 443232,
            "revenue_4q": null,
            "common_shares": 546269,
            "book_valuer_per_share": 16.66,
            "book_valuer_per_share_4q_avg": 16.51,
            "equity": 909982,
            "current_ratio": 291.43,
            "debt_ratio": 28.29,
            "inventory_turnover_ratio": 0.35,
            "account_receivable_turnover_ratio": 2.13,
            "reinvestment_rate": -15.19,
            "research_to_sale_ratio": null,
            "price_fair": 3.48,
            "eps_avg_yearly": 1.16,
            "eps_latest_yearly": 1.04,
            "eps_growth_yearly": -225.19
        },
        "20201": {
            "year_quarter": 20201,
            "year": 2020,
            "quarter": 1,
            "eps": -0.08,
            "eps_growth_year": -115.09,
            "eps_4q": 0.8,
            "eps_4q_growth_year": -49.01,
            "roe": -0.46,
            "roe_4q": 4.8500000000000005,
            "gross_profit": 131030,
            "gross_margin": 42.63,
            "gross_margin_4q_avg": 46.19,
            "net_income": -4187,
            "net_income_4q": null,
            "revenue": 307400,
            "revenue_4q": null,
            "common_shares": 546269,
            "book_valuer_per_share": 16.57,
            "book_valuer_per_share_4q_avg": 16.32,
            "equity": 905156,
            "current_ratio": 359.41,
            "debt_ratio": 22.92,
            "inventory_turnover_ratio": 0.29,
            "account_receivable_turnover_ratio": 1.62,
            "reinvestment_rate": -17.2,
            "research_to_sale_ratio": null,
            "price_fair": 3.39,
            "eps_avg_yearly": 1.13,
            "eps_latest_yearly": 1.04,
            "eps_growth_yearly": -220.88
        },
        "20202": {
            "year_quarter": 20202,
            "year": 2020,
            "quarter": 2,
            "eps": 0.25,
            "eps_growth_year": -3.85,
            "eps_4q": 0.79,
            "eps_4q_growth_year": -50.14,
            "roe": 1.53,
            "roe_4q": 4.8500000000000005,
            "gross_profit": 140879,
            "gross_margin": 45.35,
            "gross_margin_4q_avg": 45.46,
            "net_income": 13464,
            "net_income_4q": null,
            "revenue": 310620,
            "revenue_4q": null,
            "common_shares": 546269,
            "book_valuer_per_share": 15.69,
            "book_valuer_per_share_4q_avg": 16.21,
            "equity": 857291,
            "current_ratio": 306.81,
            "debt_ratio": 25.74,
            "inventory_turnover_ratio": 0.29,
            "account_receivable_turnover_ratio": 1.92,
            "reinvestment_rate": -17,
            "research_to_sale_ratio": null,
            "price_fair": 3.84,
            "eps_avg_yearly": 1.28,
            "eps_latest_yearly": 1.04,
            "eps_growth_yearly": -202.79
        },
        "20203": {
            "year_quarter": 20203,
            "year": 2020,
            "quarter": 3,
            "eps": 0.1,
            "eps_growth_year": null,
            "eps_4q": 1.11,
            "eps_4q_growth_year": -24.61,
            "roe": 0.66,
            "roe_4q": 6.85,
            "gross_profit": 129472,
            "gross_margin": 47.65,
            "gross_margin_4q_avg": 45.88,
            "net_income": 5697,
            "net_income_4q": null,
            "revenue": 271694,
            "revenue_4q": null,
            "common_shares": 546269,
            "book_valuer_per_share": 15.83,
            "book_valuer_per_share_4q_avg": 16.19,
            "equity": 864543,
            "current_ratio": 304.19,
            "debt_ratio": 29.35,
            "inventory_turnover_ratio": 0.24,
            "account_receivable_turnover_ratio": 1.54,
            "reinvestment_rate": -13.57,
            "research_to_sale_ratio": null,
            "price_fair": 3.46,
            "eps_avg_yearly": 1.15,
            "eps_latest_yearly": 0.4,
            "eps_growth_yearly": -208.11
        },
        "20204": {
            "year_quarter": 20204,
            "year": 2020,
            "quarter": 4,
            "eps": 1.34,
            "eps_growth_year": 60.85,
            "eps_4q": 1.61,
            "eps_4q_growth_year": 15.18,
            "roe": 8.12,
            "roe_4q": 9.849999999999998,
            "gross_profit": 243072,
            "gross_margin": 49.94,
            "gross_margin_4q_avg": 46.39,
            "net_income": 73191,
            "net_income_4q": null,
            "revenue": 486774,
            "revenue_4q": null,
            "common_shares": 546269,
            "book_valuer_per_share": 17.18,
            "book_valuer_per_share_4q_avg": 16.32,
            "equity": 938515,
            "current_ratio": 451.03,
            "debt_ratio": 21.38,
            "inventory_turnover_ratio": 0.42,
            "account_receivable_turnover_ratio": 2.21,
            "reinvestment_rate": -10.61,
            "research_to_sale_ratio": null,
            "price_fair": 58.8,
            "eps_avg_yearly": 1.68,
            "eps_latest_yearly": 5.36,
            "eps_growth_yearly": 437.91
        },
        "20211": {
            "year_quarter": 20211,
            "year": 2021,
            "quarter": 1,
            "eps": 0.7,
            "eps_growth_year": null,
            "eps_4q": 2.39,
            "eps_4q_growth_year": 199.86,
            "roe": 4.19,
            "roe_4q": 14.499999999999998,
            "gross_profit": 187045,
            "gross_margin": 47.47,
            "gross_margin_4q_avg": 47.6,
            "net_income": 38364,
            "net_income_4q": null,
            "revenue": 394059,
            "revenue_4q": null,
            "common_shares": 546269,
            "book_valuer_per_share": 16.38,
            "book_valuer_per_share_4q_avg": 16.27,
            "equity": 894805,
            "current_ratio": 329.02,
            "debt_ratio": 25.66,
            "inventory_turnover_ratio": 0.41,
            "account_receivable_turnover_ratio": 1.57,
            "reinvestment_rate": -10.05,
            "research_to_sale_ratio": null,
            "price_fair": 66.5,
            "eps_avg_yearly": 1.9,
            "eps_latest_yearly": 2.8,
            "eps_growth_yearly": 447.57
        },
        "20212": {
            "year_quarter": 20212,
            "year": 2021,
            "quarter": 2,
            "eps": -0.19,
            "eps_growth_year": -176,
            "eps_4q": 1.95,
            "eps_4q_growth_year": 148.23,
            "roe": -1.18,
            "roe_4q": 11.79,
            "gross_profit": 104348,
            "gross_margin": 50.3,
            "gross_margin_4q_avg": 48.84,
            "net_income": -10479,
            "net_income_4q": null,
            "revenue": 207467,
            "revenue_4q": null,
            "common_shares": 546269,
            "book_valuer_per_share": 16.17,
            "book_valuer_per_share_4q_avg": 16.39,
            "equity": 883544,
            "current_ratio": 401.58,
            "debt_ratio": 21.41,
            "inventory_turnover_ratio": 0.2,
            "account_receivable_turnover_ratio": 1.42,
            "reinvestment_rate": -10.16,
            "research_to_sale_ratio": null,
            "price_fair": 73.2,
            "eps_avg_yearly": 2.09,
            "eps_latest_yearly": 2.8,
            "eps_growth_yearly": 537.88
        },
        "20213": {
            "year_quarter": 20213,
            "year": 2021,
            "quarter": 3,
            "eps": 0.16,
            "eps_growth_year": 60,
            "eps_4q": 2.01,
            "eps_4q_growth_year": 81.39,
            "roe": 0.97,
            "roe_4q": 12.1,
            "gross_profit": 102086,
            "gross_margin": 47.65,
            "gross_margin_4q_avg": 48.84,
            "net_income": 8622,
            "net_income_4q": null,
            "revenue": 214249,
            "revenue_4q": null,
            "common_shares": 546269,
            "book_valuer_per_share": 16.33,
            "book_valuer_per_share_4q_avg": 16.52,
            "equity": 892220,
            "current_ratio": 270.64,
            "debt_ratio": 30.53,
            "inventory_turnover_ratio": 0.19,
            "account_receivable_turnover_ratio": 1.93,
            "reinvestment_rate": -10.68,
            "research_to_sale_ratio": null,
            "price_fair": 73.2,
            "eps_avg_yearly": 2.09,
            "eps_latest_yearly": 2.8,
            "eps_growth_yearly": 537.88
        },
        "20214": {
            "year_quarter": 20214,
            "year": 2021,
            "quarter": 4,
            "eps": 1.85,
            "eps_growth_year": 38.17,
            "eps_4q": 2.52,
            "eps_4q_growth_year": 56.11,
            "roe": 10.73,
            "roe_4q": 14.71,
            "gross_profit": 281848,
            "gross_margin": 52.26,
            "gross_margin_4q_avg": 49.42,
            "net_income": 101130,
            "net_income_4q": null,
            "revenue": 539321,
            "revenue_4q": null,
            "common_shares": 546269,
            "book_valuer_per_share": 18.17,
            "book_valuer_per_share_4q_avg": 16.76,
            "equity": 992332,
            "current_ratio": 361.39,
            "debt_ratio": 23.69,
            "inventory_turnover_ratio": 0.42,
            "account_receivable_turnover_ratio": 2.24,
            "reinvestment_rate": -4.91,
            "research_to_sale_ratio": null,
            "price_fair": 96.43,
            "eps_avg_yearly": 2.76,
            "eps_latest_yearly": 7.4,
            "eps_growth_yearly": 998.77
        },
        "20221": {
            "year_quarter": 20221,
            "year": 2022,
            "quarter": 1,
            "eps": 0.67,
            "eps_growth_year": -4.29,
            "eps_4q": 2.49,
            "eps_4q_growth_year": 3.86,
            "roe": 3.83,
            "roe_4q": 14.350000000000001,
            "gross_profit": 189884,
            "gross_margin": 48.88,
            "gross_margin_4q_avg": 49.77,
            "net_income": 36495,
            "net_income_4q": null,
            "revenue": 388491,
            "revenue_4q": null,
            "common_shares": 546269,
            "book_valuer_per_share": 16.69,
            "book_valuer_per_share_4q_avg": 16.84,
            "equity": 911775,
            "current_ratio": 268.73,
            "debt_ratio": 30.08,
            "inventory_turnover_ratio": 0.36,
            "account_receivable_turnover_ratio": 1.44,
            "reinvestment_rate": -2.34,
            "research_to_sale_ratio": null,
            "price_fair": 99.58,
            "eps_avg_yearly": 2.85,
            "eps_latest_yearly": 2.68,
            "eps_growth_yearly": 990.82
        },
        "20222": {
            "year_quarter": 20222,
            "year": 2022,
            "quarter": 2,
            "eps": 0.23,
            "eps_growth_year": null,
            "eps_4q": 2.91,
            "eps_4q_growth_year": 48.76,
            "roe": 1.37,
            "roe_4q": 16.9,
            "gross_profit": 146922,
            "gross_margin": 51.94,
            "gross_margin_4q_avg": 50.18,
            "net_income": 12586,
            "net_income_4q": null,
            "revenue": 282890,
            "revenue_4q": null,
            "common_shares": 546269,
            "book_valuer_per_share": 16.89,
            "book_valuer_per_share_4q_avg": 17.02,
            "equity": 922749,
            "current_ratio": 311.44,
            "debt_ratio": 24.88,
            "inventory_turnover_ratio": 0.25,
            "account_receivable_turnover_ratio": 1.57,
            "reinvestment_rate": -1.33,
            "research_to_sale_ratio": null,
            "price_fair": 99.4,
            "eps_avg_yearly": 2.84,
            "eps_latest_yearly": 0.92,
            "eps_growth_yearly": 983.49
        },
        "20223": {
            "year_quarter": 20223,
            "year": 2022,
            "quarter": 3,
            "eps": 0.68,
            "eps_growth_year": 325,
            "eps_4q": 3.43,
            "eps_4q_growth_year": 70.75,
            "roe": 3.94,
            "roe_4q": 19.87,
            "gross_profit": 184651,
            "gross_margin": 51.58,
            "gross_margin_4q_avg": 51.17,
            "net_income": 37096,
            "net_income_4q": null,
            "revenue": 357986,
            "revenue_4q": null,
            "common_shares": 546269,
            "book_valuer_per_share": 17.58,
            "book_valuer_per_share_4q_avg": 17.33,
            "equity": 960354,
            "current_ratio": 299.68,
            "debt_ratio": 26.64,
            "inventory_turnover_ratio": 0.29,
            "account_receivable_turnover_ratio": 2.08,
            "reinvestment_rate": 2.15,
            "research_to_sale_ratio": null,
            "price_fair": 98.93,
            "eps_avg_yearly": 2.83,
            "eps_latest_yearly": 2.72,
            "eps_growth_yearly": 961.17
        },
        "20224": {
            "year_quarter": 20224,
            "year": 2022,
            "quarter": 4,
            "eps": 1.71,
            "eps_growth_year": -7.5,
            "eps_4q": 3.29,
            "eps_4q_growth_year": 30.58,
            "roe": 9.28,
            "roe_4q": 18.42,
            "gross_profit": 291147,
            "gross_margin": 53.28,
            "gross_margin_4q_avg": 51.42,
            "net_income": 93550,
            "net_income_4q": null,
            "revenue": 546490,
            "revenue_4q": null,
            "common_shares": 546269,
            "book_valuer_per_share": 19.31,
            "book_valuer_per_share_4q_avg": 17.62,
            "equity": 1054951,
            "current_ratio": 331.65,
            "debt_ratio": 24.56,
            "inventory_turnover_ratio": 0.41,
            "account_receivable_turnover_ratio": 2.13,
            "reinvestment_rate": 2.1,
            "research_to_sale_ratio": null,
            "price_fair": 112.98,
            "eps_avg_yearly": 3.23,
            "eps_latest_yearly": 6.84,
            "eps_growth_yearly": 925.64
        },
        "20231": {
            "year_quarter": 20231,
            "year": 2023,
            "quarter": 1,
            "eps": 1.21,
            "eps_growth_year": 80.6,
            "eps_4q": 3.83,
            "eps_4q_growth_year": 54.29,
            "roe": 6.59,
            "roe_4q": 21.18,
            "gross_profit": 238937,
            "gross_margin": 51.05,
            "gross_margin_4q_avg": 51.96,
            "net_income": 66246,
            "net_income_4q": null,
            "revenue": 468053,
            "revenue_4q": null,
            "common_shares": 546269,
            "book_valuer_per_share": 17.52,
            "book_valuer_per_share_4q_avg": 17.83,
            "equity": 956899,
            "current_ratio": 239.16,
            "debt_ratio": 33.72,
            "inventory_turnover_ratio": 0.39,
            "account_receivable_turnover_ratio": 1.8,
            "reinvestment_rate": 2.72,
            "research_to_sale_ratio": null,
            "price_fair": 122.5,
            "eps_avg_yearly": 3.5,
            "eps_latest_yearly": 4.84,
            "eps_growth_yearly": 930.39
        },
        "20232": {
            "year_quarter": 20232,
            "year": 2023,
            "quarter": 2,
            "eps": 1.13,
            "eps_growth_year": 391.3,
            "eps_4q": 4.73,
            "eps_4q_growth_year": 62.74,
            "roe": 6.24,
            "roe_4q": 26.05,
            "gross_profit": 235607,
            "gross_margin": 53.33,
            "gross_margin_4q_avg": 52.31,
            "net_income": 61586,
            "net_income_4q": null,
            "revenue": 441780,
            "revenue_4q": null,
            "common_shares": 546269,
            "book_valuer_per_share": 18.59,
            "book_valuer_per_share_4q_avg": 18.25,
            "equity": 1015548,
            "current_ratio": 293.17,
            "debt_ratio": 27.87,
            "inventory_turnover_ratio": 0.37,
            "account_receivable_turnover_ratio": 2.03,
            "reinvestment_rate": 3.23,
            "research_to_sale_ratio": null,
            "price_fair": 134.68,
            "eps_avg_yearly": 3.85,
            "eps_latest_yearly": 4.52,
            "eps_growth_yearly": 948.12
        },
        "20233": {
            "year_quarter": 20233,
            "year": 2023,
            "quarter": 3,
            "eps": 0.35,
            "eps_growth_year": -48.53,
            "eps_4q": 4.4,
            "eps_4q_growth_year": 28.41,
            "roe": 1.86,
            "roe_4q": 23.97,
            "gross_profit": 178610,
            "gross_margin": 52.55,
            "gross_margin_4q_avg": 52.55,
            "net_income": 19143,
            "net_income_4q": null,
            "revenue": 339910,
            "revenue_4q": null,
            "common_shares": 546269,
            "book_valuer_per_share": 18.99,
            "book_valuer_per_share_4q_avg": 18.6,
            "equity": 1037515,
            "current_ratio": 280.26,
            "debt_ratio": 29.34,
            "inventory_turnover_ratio": 0.26,
            "account_receivable_turnover_ratio": 1.54,
            "reinvestment_rate": 7.46,
            "research_to_sale_ratio": null,
            "price_fair": 126.89,
            "eps_avg_yearly": 3.63,
            "eps_latest_yearly": 1.4,
            "eps_growth_yearly": 836.83
        },
        "20234": {
            "year_quarter": 20234,
            "year": 2023,
            "quarter": 4,
            "eps": 1.92,
            "eps_growth_year": 12.3,
            "eps_4q": 4.61,
            "eps_4q_growth_year": 40.23,
            "roe": 9.66,
            "roe_4q": 24.349999999999998,
            "gross_profit": 320679,
            "gross_margin": 54.49,
            "gross_margin_4q_avg": 52.86,
            "net_income": 105061,
            "net_income_4q": null,
            "revenue": 588514,
            "revenue_4q": null,
            "common_shares": 546269,
            "book_valuer_per_share": 20.83,
            "book_valuer_per_share_4q_avg": 18.98,
            "equity": 1138004,
            "current_ratio": 259.69,
            "debt_ratio": 28.96,
            "inventory_turnover_ratio": 0.4,
            "account_receivable_turnover_ratio": 2.11,
            "reinvestment_rate": 30.91,
            "research_to_sale_ratio": null,
            "price_fair": 138.72,
            "eps_avg_yearly": 3.96,
            "eps_latest_yearly": 7.68,
            "eps_growth_yearly": 916.62
        }
    },
    "months": {
        "2004-05": {
            "month": "2004-05",
            "price": "22.68",
            "revenue": 77300
        },
        "2004-06": {
            "month": "2004-06",
            "price": "18.43",
            "revenue": 90695
        },
        "2004-07": {
            "month": "2004-07",
            "price": "20.07",
            "revenue": 66980
        },
        "2004-08": {
            "month": "2004-08",
            "price": "19.57",
            "revenue": 78208
        },
        "2004-09": {
            "month": "2004-09",
            "price": "18.50",
            "revenue": 73960
        },
        "2004-10": {
            "month": "2004-10",
            "price": "18.00",
            "revenue": 130947
        },
        "2004-11": {
            "month": "2004-11",
            "price": "19.01",
            "revenue": 108295
        },
        "2004-12": {
            "month": "2004-12",
            "price": "20.56",
            "revenue": 95730
        },
        "2005-01": {
            "month": "2005-01",
            "price": "20.74",
            "revenue": 134211
        },
        "2005-02": {
            "month": "2005-02",
            "price": "25.34",
            "revenue": 105242
        },
        "2005-03": {
            "month": "2005-03",
            "price": "27.55",
            "revenue": 88422
        },
        "2005-04": {
            "month": "2005-04",
            "price": "26.24",
            "revenue": 81007
        },
        "2005-05": {
            "month": "2005-05",
            "price": "26.32",
            "revenue": 87100
        },
        "2005-06": {
            "month": "2005-06",
            "price": "27.47",
            "revenue": 89933
        },
        "2005-07": {
            "month": "2005-07",
            "price": "27.75",
            "revenue": 79082
        },
        "2005-08": {
            "month": "2005-08",
            "price": "26.54",
            "revenue": 84008
        },
        "2005-09": {
            "month": "2005-09",
            "price": "26.93",
            "revenue": 78623
        },
        "2005-10": {
            "month": "2005-10",
            "price": "26.63",
            "revenue": 154366
        },
        "2005-11": {
            "month": "2005-11",
            "price": "26.68",
            "revenue": 121211
        },
        "2005-12": {
            "month": "2005-12",
            "price": "27.48",
            "revenue": 111478
        },
        "2006-01": {
            "month": "2006-01",
            "price": "29.02",
            "revenue": 149749
        },
        "2006-02": {
            "month": "2006-02",
            "price": "28.54",
            "revenue": 79526
        },
        "2006-03": {
            "month": "2006-03",
            "price": "26.60",
            "revenue": 72333
        },
        "2006-04": {
            "month": "2006-04",
            "price": "26.85",
            "revenue": 92086
        },
        "2006-05": {
            "month": "2006-05",
            "price": "27.63",
            "revenue": 85549
        },
        "2006-06": {
            "month": "2006-06",
            "price": "27.96",
            "revenue": 103269
        },
        "2006-07": {
            "month": "2006-07",
            "price": "25.88",
            "revenue": 87869
        },
        "2006-08": {
            "month": "2006-08",
            "price": "24.74",
            "revenue": 84832
        },
        "2006-09": {
            "month": "2006-09",
            "price": "24.58",
            "revenue": 91578
        },
        "2006-10": {
            "month": "2006-10",
            "price": "26.48",
            "revenue": 140852
        },
        "2006-11": {
            "month": "2006-11",
            "price": "26.53",
            "revenue": 136370
        },
        "2006-12": {
            "month": "2006-12",
            "price": "27.50",
            "revenue": 94180
        },
        "2007-01": {
            "month": "2007-01",
            "price": "28.46",
            "revenue": 106568
        },
        "2007-02": {
            "month": "2007-02",
            "price": "29.10",
            "revenue": 150567
        },
        "2007-03": {
            "month": "2007-03",
            "price": "29.81",
            "revenue": 83012
        },
        "2007-04": {
            "month": "2007-04",
            "price": "32.38",
            "revenue": 96685
        },
        "2007-05": {
            "month": "2007-05",
            "price": "28.89",
            "revenue": 80444
        },
        "2007-06": {
            "month": "2007-06",
            "price": "30.44",
            "revenue": 83654
        },
        "2007-07": {
            "month": "2007-07",
            "price": "30.81",
            "revenue": 81687
        },
        "2007-08": {
            "month": "2007-08",
            "price": "26.98",
            "revenue": 76482
        },
        "2007-09": {
            "month": "2007-09",
            "price": "23.93",
            "revenue": 75802
        },
        "2007-10": {
            "month": "2007-10",
            "price": "24.16",
            "revenue": 133828
        },
        "2007-11": {
            "month": "2007-11",
            "price": "22.63",
            "revenue": 136437
        },
        "2007-12": {
            "month": "2007-12",
            "price": "21.49",
            "revenue": 112767
        },
        "2008-01": {
            "month": "2008-01",
            "price": "20.32",
            "revenue": 137709
        },
        "2008-02": {
            "month": "2008-02",
            "price": "20.14",
            "revenue": 125020
        },
        "2008-03": {
            "month": "2008-03",
            "price": "20.66",
            "revenue": 82103
        },
        "2008-04": {
            "month": "2008-04",
            "price": "21.63",
            "revenue": 87326
        },
        "2008-05": {
            "month": "2008-05",
            "price": "21.96",
            "revenue": 77575
        },
        "2008-06": {
            "month": "2008-06",
            "price": "20.81",
            "revenue": 87878
        },
        "2008-07": {
            "month": "2008-07",
            "price": "16.37",
            "revenue": 71830
        },
        "2008-08": {
            "month": "2008-08",
            "price": "15.67",
            "revenue": 84762
        },
        "2008-09": {
            "month": "2008-09",
            "price": "14.40",
            "revenue": 71582
        },
        "2008-10": {
            "month": "2008-10",
            "price": "12.47",
            "revenue": 124710
        },
        "2008-11": {
            "month": "2008-11",
            "price": "9.40",
            "revenue": 129037
        },
        "2008-12": {
            "month": "2008-12",
            "price": "9.25",
            "revenue": 94747
        },
        "2009-01": {
            "month": "2009-01",
            "price": "9.36",
            "revenue": 180917
        },
        "2009-02": {
            "month": "2009-02",
            "price": "9.20",
            "revenue": 78551
        },
        "2009-03": {
            "month": "2009-03",
            "price": "9.69",
            "revenue": 85293
        },
        "2009-04": {
            "month": "2009-04",
            "price": "10.90",
            "revenue": 84248
        },
        "2009-05": {
            "month": "2009-05",
            "price": "11.54",
            "revenue": 87928
        },
        "2009-06": {
            "month": "2009-06",
            "price": "11.96",
            "revenue": 95478
        },
        "2009-07": {
            "month": "2009-07",
            "price": "12.36",
            "revenue": 83557
        },
        "2009-08": {
            "month": "2009-08",
            "price": "12.78",
            "revenue": 82945
        },
        "2009-09": {
            "month": "2009-09",
            "price": "12.38",
            "revenue": 72671
        },
        "2009-10": {
            "month": "2009-10",
            "price": "12.62",
            "revenue": 159683
        },
        "2009-11": {
            "month": "2009-11",
            "price": "12.74",
            "revenue": 143665
        },
        "2009-12": {
            "month": "2009-12",
            "price": "13.34",
            "revenue": 105773
        },
        "2010-01": {
            "month": "2010-01",
            "price": "13.78",
            "revenue": 133165
        },
        "2010-02": {
            "month": "2010-02",
            "price": "13.99",
            "revenue": 117258
        },
        "2010-03": {
            "month": "2010-03",
            "price": "16.27",
            "revenue": 87966
        },
        "2010-04": {
            "month": "2010-04",
            "price": "19.01",
            "revenue": 83921
        },
        "2010-05": {
            "month": "2010-05",
            "price": "22.14",
            "revenue": 92675
        },
        "2010-06": {
            "month": "2010-06",
            "price": "22.01",
            "revenue": 89989
        },
        "2010-07": {
            "month": "2010-07",
            "price": "22.18",
            "revenue": 86633
        },
        "2010-08": {
            "month": "2010-08",
            "price": "21.60",
            "revenue": 92775
        },
        "2010-09": {
            "month": "2010-09",
            "price": "20.78",
            "revenue": 72599
        },
        "2010-10": {
            "month": "2010-10",
            "price": "21.08",
            "revenue": 190305
        },
        "2010-11": {
            "month": "2010-11",
            "price": "21.75",
            "revenue": 162762
        },
        "2010-12": {
            "month": "2010-12",
            "price": "22.04",
            "revenue": 121047
        },
        "2011-01": {
            "month": "2011-01",
            "price": "23.20",
            "revenue": 172232
        },
        "2011-02": {
            "month": "2011-02",
            "price": "23.31",
            "revenue": 100563
        },
        "2011-03": {
            "month": "2011-03",
            "price": "23.75",
            "revenue": 84512
        },
        "2011-04": {
            "month": "2011-04",
            "price": "25.53",
            "revenue": 98390
        },
        "2011-05": {
            "month": "2011-05",
            "price": "26.78",
            "revenue": 92419
        },
        "2011-06": {
            "month": "2011-06",
            "price": "27.29",
            "revenue": 110466
        },
        "2011-07": {
            "month": "2011-07",
            "price": "27.63",
            "revenue": 96288
        },
        "2011-08": {
            "month": "2011-08",
            "price": "27.47",
            "revenue": 87715
        },
        "2011-09": {
            "month": "2011-09",
            "price": "24.99",
            "revenue": 93722
        },
        "2011-10": {
            "month": "2011-10",
            "price": "24.16",
            "revenue": 195895
        },
        "2011-11": {
            "month": "2011-11",
            "price": "21.44",
            "revenue": 166358
        },
        "2011-12": {
            "month": "2011-12",
            "price": "18.34",
            "revenue": 160274
        },
        "2012-01": {
            "month": "2012-01",
            "price": "19.69",
            "revenue": 192287
        },
        "2012-02": {
            "month": "2012-02",
            "price": "22.18",
            "revenue": 95089
        },
        "2012-03": {
            "month": "2012-03",
            "price": "23.22",
            "revenue": 99299
        },
        "2012-04": {
            "month": "2012-04",
            "price": "22.22",
            "revenue": 90799
        },
        "2012-05": {
            "month": "2012-05",
            "price": "20.58",
            "revenue": 89912
        },
        "2012-06": {
            "month": "2012-06",
            "price": "18.90",
            "revenue": 103975
        },
        "2012-07": {
            "month": "2012-07",
            "price": "18.02",
            "revenue": 94237
        },
        "2012-08": {
            "month": "2012-08",
            "price": "18.25",
            "revenue": 83459
        },
        "2012-09": {
            "month": "2012-09",
            "price": "17.72",
            "revenue": 75966
        },
        "2012-10": {
            "month": "2012-10",
            "price": "17.63",
            "revenue": 182610
        },
        "2012-11": {
            "month": "2012-11",
            "price": "17.44",
            "revenue": 160127
        },
        "2012-12": {
            "month": "2012-12",
            "price": "17.84",
            "revenue": 128647
        },
        "2013-01": {
            "month": "2013-01",
            "price": "18.81",
            "revenue": 137964
        },
        "2013-02": {
            "month": "2013-02",
            "price": "18.28",
            "revenue": 113072
        },
        "2013-03": {
            "month": "2013-03",
            "price": "18.02",
            "revenue": 93715
        },
        "2013-04": {
            "month": "2013-04",
            "price": "17.49",
            "revenue": 102173
        },
        "2013-05": {
            "month": "2013-05",
            "price": "16.95",
            "revenue": 91440
        },
        "2013-06": {
            "month": "2013-06",
            "price": "16.75",
            "revenue": 105431
        },
        "2013-07": {
            "month": "2013-07",
            "price": "16.16",
            "revenue": 80384
        },
        "2013-08": {
            "month": "2013-08",
            "price": "15.14",
            "revenue": 90403
        },
        "2013-09": {
            "month": "2013-09",
            "price": "15.70",
            "revenue": 75147
        },
        "2013-10": {
            "month": "2013-10",
            "price": "15.71",
            "revenue": 171725
        },
        "2013-11": {
            "month": "2013-11",
            "price": "15.88",
            "revenue": 149763
        },
        "2013-12": {
            "month": "2013-12",
            "price": "16.56",
            "revenue": 124345
        },
        "2014-01": {
            "month": "2014-01",
            "price": "17.43",
            "revenue": 151170
        },
        "2014-02": {
            "month": "2014-02",
            "price": "17.46",
            "revenue": 89579
        },
        "2014-03": {
            "month": "2014-03",
            "price": "17.64",
            "revenue": 85645
        },
        "2014-04": {
            "month": "2014-04",
            "price": "18.03",
            "revenue": 104616
        },
        "2014-05": {
            "month": "2014-05",
            "price": "18.03",
            "revenue": 90229
        },
        "2014-06": {
            "month": "2014-06",
            "price": "18.18",
            "revenue": 103867
        },
        "2014-07": {
            "month": "2014-07",
            "price": "17.52",
            "revenue": 79338
        },
        "2014-08": {
            "month": "2014-08",
            "price": "17.52",
            "revenue": 83250
        },
        "2014-09": {
            "month": "2014-09",
            "price": "17.80",
            "revenue": 86203
        },
        "2014-10": {
            "month": "2014-10",
            "price": "17.89",
            "revenue": 188356
        },
        "2014-11": {
            "month": "2014-11",
            "price": "17.84",
            "revenue": 154286
        },
        "2014-12": {
            "month": "2014-12",
            "price": "17.79",
            "revenue": 129567
        },
        "2015-01": {
            "month": "2015-01",
            "price": "17.92",
            "revenue": 127528
        },
        "2015-02": {
            "month": "2015-02",
            "price": "18.03",
            "revenue": 135063
        },
        "2015-03": {
            "month": "2015-03",
            "price": "18.28",
            "revenue": 96404
        },
        "2015-04": {
            "month": "2015-04",
            "price": "18.94",
            "revenue": 115869
        },
        "2015-05": {
            "month": "2015-05",
            "price": "19.98",
            "revenue": 103707
        },
        "2015-06": {
            "month": "2015-06",
            "price": "19.18",
            "revenue": 103124
        },
        "2015-07": {
            "month": "2015-07",
            "price": "17.22",
            "revenue": 79252
        },
        "2015-08": {
            "month": "2015-08",
            "price": "16.68",
            "revenue": 85406
        },
        "2015-09": {
            "month": "2015-09",
            "price": "17.03",
            "revenue": 84633
        },
        "2015-10": {
            "month": "2015-10",
            "price": "17.58",
            "revenue": 174025
        },
        "2015-11": {
            "month": "2015-11",
            "price": "17.97",
            "revenue": 158333
        },
        "2015-12": {
            "month": "2015-12",
            "price": "17.93",
            "revenue": 112213
        },
        "2016-01": {
            "month": "2016-01",
            "price": "17.42",
            "revenue": 134978
        },
        "2016-02": {
            "month": "2016-02",
            "price": "17.28",
            "revenue": 133851
        },
        "2016-03": {
            "month": "2016-03",
            "price": "18.01",
            "revenue": 94367
        },
        "2016-04": {
            "month": "2016-04",
            "price": "18.46",
            "revenue": 114646
        },
        "2016-05": {
            "month": "2016-05",
            "price": "18.18",
            "revenue": 94077
        },
        "2016-06": {
            "month": "2016-06",
            "price": "17.82",
            "revenue": 100242
        },
        "2016-07": {
            "month": "2016-07",
            "price": "16.50",
            "revenue": 84312
        },
        "2016-08": {
            "month": "2016-08",
            "price": "16.49",
            "revenue": 78559
        },
        "2016-09": {
            "month": "2016-09",
            "price": "16.21",
            "revenue": 76025
        },
        "2016-10": {
            "month": "2016-10",
            "price": "16.20",
            "revenue": 149122
        },
        "2016-11": {
            "month": "2016-11",
            "price": "15.60",
            "revenue": 131254
        },
        "2016-12": {
            "month": "2016-12",
            "price": "15.58",
            "revenue": 118970
        },
        "2017-01": {
            "month": "2017-01",
            "price": "15.79",
            "revenue": 162213
        },
        "2017-02": {
            "month": "2017-02",
            "price": "16.30",
            "revenue": 86883
        },
        "2017-03": {
            "month": "2017-03",
            "price": "16.58",
            "revenue": 84028
        },
        "2017-04": {
            "month": "2017-04",
            "price": "16.21",
            "revenue": 112035
        },
        "2017-05": {
            "month": "2017-05",
            "price": "15.96",
            "revenue": 93623
        },
        "2017-06": {
            "month": "2017-06",
            "price": "15.97",
            "revenue": 89026
        },
        "2017-07": {
            "month": "2017-07",
            "price": "15.42",
            "revenue": 79726
        },
        "2017-08": {
            "month": "2017-08",
            "price": "15.21",
            "revenue": 80207
        },
        "2017-09": {
            "month": "2017-09",
            "price": "15.49",
            "revenue": 78949
        },
        "2017-10": {
            "month": "2017-10",
            "price": "15.84",
            "revenue": 161360
        },
        "2017-11": {
            "month": "2017-11",
            "price": "16.06",
            "revenue": 140863
        },
        "2017-12": {
            "month": "2017-12",
            "price": "15.99",
            "revenue": 128320
        },
        "2018-01": {
            "month": "2018-01",
            "price": "16.27",
            "revenue": 118393
        },
        "2018-02": {
            "month": "2018-02",
            "price": "16.25",
            "revenue": 128922
        },
        "2018-03": {
            "month": "2018-03",
            "price": "16.66",
            "revenue": 85768
        },
        "2018-04": {
            "month": "2018-04",
            "price": "17.36",
            "revenue": 106895
        },
        "2018-05": {
            "month": "2018-05",
            "price": "17.92",
            "revenue": 96689
        },
        "2018-06": {
            "month": "2018-06",
            "price": "18.14",
            "revenue": 94536
        },
        "2018-07": {
            "month": "2018-07",
            "price": "17.31",
            "revenue": 81540
        },
        "2018-08": {
            "month": "2018-08",
            "price": "17.70",
            "revenue": 80780
        },
        "2018-09": {
            "month": "2018-09",
            "price": "17.58",
            "revenue": 73684
        },
        "2018-10": {
            "month": "2018-10",
            "price": "17.62",
            "revenue": 171766
        },
        "2018-11": {
            "month": "2018-11",
            "price": "17.57",
            "revenue": 133699
        },
        "2018-12": {
            "month": "2018-12",
            "price": "17.36",
            "revenue": 135888
        },
        "2019-01": {
            "month": "2019-01",
            "price": "17.70",
            "revenue": 138005
        },
        "2019-02": {
            "month": "2019-02",
            "price": "17.73",
            "revenue": 110756
        },
        "2019-03": {
            "month": "2019-03",
            "price": "18.53",
            "revenue": 97008
        },
        "2019-04": {
            "month": "2019-04",
            "price": "19.29",
            "revenue": 106573
        },
        "2019-05": {
            "month": "2019-05",
            "price": "19.30",
            "revenue": 105142
        },
        "2019-06": {
            "month": "2019-06",
            "price": "19.11",
            "revenue": 110358
        },
        "2019-07": {
            "month": "2019-07",
            "price": "18.55",
            "revenue": 88048
        },
        "2019-08": {
            "month": "2019-08",
            "price": "18.48",
            "revenue": 87087
        },
        "2019-09": {
            "month": "2019-09",
            "price": "18.64",
            "revenue": 80084
        },
        "2019-10": {
            "month": "2019-10",
            "price": "18.87",
            "revenue": 165624
        },
        "2019-11": {
            "month": "2019-11",
            "price": "18.49",
            "revenue": 153758
        },
        "2019-12": {
            "month": "2019-12",
            "price": "18.32",
            "revenue": 123850
        },
        "2020-01": {
            "month": "2020-01",
            "price": "18.23",
            "revenue": 163249
        },
        "2020-02": {
            "month": "2020-02",
            "price": "17.74",
            "revenue": 72641
        },
        "2020-03": {
            "month": "2020-03",
            "price": "16.27",
            "revenue": 71510
        },
        "2020-04": {
            "month": "2020-04",
            "price": "16.22",
            "revenue": 78790
        },
        "2020-05": {
            "month": "2020-05",
            "price": "16.53",
            "revenue": 107960
        },
        "2020-06": {
            "month": "2020-06",
            "price": "16.71",
            "revenue": 123870
        },
        "2020-07": {
            "month": "2020-07",
            "price": "15.93",
            "revenue": 94736
        },
        "2020-08": {
            "month": "2020-08",
            "price": "15.84",
            "revenue": 96164
        },
        "2020-09": {
            "month": "2020-09",
            "price": "15.94",
            "revenue": 80794
        },
        "2020-10": {
            "month": "2020-10",
            "price": "15.96",
            "revenue": 188332
        },
        "2020-11": {
            "month": "2020-11",
            "price": "16.06",
            "revenue": 156953
        },
        "2020-12": {
            "month": "2020-12",
            "price": "16.46",
            "revenue": 141489
        },
        "2021-01": {
            "month": "2021-01",
            "price": "16.74",
            "revenue": 156325
        },
        "2021-02": {
            "month": "2021-02",
            "price": "16.95",
            "revenue": 126517
        },
        "2021-03": {
            "month": "2021-03",
            "price": "19.20",
            "revenue": 111217
        },
        "2021-04": {
            "month": "2021-04",
            "price": "22.93",
            "revenue": 124288
        },
        "2021-05": {
            "month": "2021-05",
            "price": "22.62",
            "revenue": 66429
        },
        "2021-06": {
            "month": "2021-06",
            "price": "21.63",
            "revenue": 16750
        },
        "2021-07": {
            "month": "2021-07",
            "price": "19.66",
            "revenue": 46963
        },
        "2021-08": {
            "month": "2021-08",
            "price": "19.23",
            "revenue": 86475
        },
        "2021-09": {
            "month": "2021-09",
            "price": "19.22",
            "revenue": 80811
        },
        "2021-10": {
            "month": "2021-10",
            "price": "19.35",
            "revenue": 189470
        },
        "2021-11": {
            "month": "2021-11",
            "price": "20.57",
            "revenue": 180095
        },
        "2021-12": {
            "month": "2021-12",
            "price": "21.37",
            "revenue": 169756
        },
        "2022-01": {
            "month": "2022-01",
            "price": "21.64",
            "revenue": 159504
        },
        "2022-02": {
            "month": "2022-02",
            "price": "22.73",
            "revenue": 114037
        },
        "2022-03": {
            "month": "2022-03",
            "price": "23.86",
            "revenue": 114950
        },
        "2022-04": {
            "month": "2022-04",
            "price": "24.60",
            "revenue": 97457
        },
        "2022-05": {
            "month": "2022-05",
            "price": "23.25",
            "revenue": 90328
        },
        "2022-06": {
            "month": "2022-06",
            "price": "23.07",
            "revenue": 95105
        },
        "2022-07": {
            "month": "2022-07",
            "price": "20.93",
            "revenue": 145815
        },
        "2022-08": {
            "month": "2022-08",
            "price": "23.10",
            "revenue": 113221
        },
        "2022-09": {
            "month": "2022-09",
            "price": "22.90",
            "revenue": 98950
        },
        "2022-10": {
            "month": "2022-10",
            "price": "22.12",
            "revenue": 187458
        },
        "2022-11": {
            "month": "2022-11",
            "price": "23.18",
            "revenue": 165332
        },
        "2022-12": {
            "month": "2022-12",
            "price": "23.52",
            "revenue": 193700
        },
        "2023-01": {
            "month": "2023-01",
            "price": "26.60",
            "revenue": 237189
        },
        "2023-02": {
            "month": "2023-02",
            "price": "30.43",
            "revenue": 110772
        },
        "2023-03": {
            "month": "2023-03",
            "price": "32.97",
            "revenue": 120092
        },
        "2023-04": {
            "month": "2023-04",
            "price": "33.90",
            "revenue": 147816
        },
        "2023-05": {
            "month": "2023-05",
            "price": "41.48",
            "revenue": 144272
        },
        "2023-06": {
            "month": "2023-06",
            "price": "48.52",
            "revenue": 149692
        },
        "2023-07": {
            "month": "2023-07",
            "price": "49.67",
            "revenue": 123565
        },
        "2023-08": {
            "month": "2023-08",
            "price": "46.22",
            "revenue": 107844
        },
        "2023-09": {
            "month": "2023-09",
            "price": "44.39",
            "revenue": 108501
        },
        "2023-10": {
            "month": "2023-10",
            "price": "45.35",
            "revenue": 194356
        },
        "2023-11": {
            "month": "2023-11",
            "price": "47.04",
            "revenue": 197031
        },
        "2023-12": {
            "month": "2023-12",
            "price": "48.43",
            "revenue": 197127
        }
    }
}
