{
    "summary": {
        "stock_name": "鼎固-KY",
        "stock_id": "2923",
        "category": "建材營造",
        "main_business": "不動產開發<br>不動產租售<br>不動產管理及其他",
        "website_url": "https://www.sinohorizon.tw/",
        "ceo": "張能耀",
        "pe_ratio": 100,
        "report_year_from": 2011,
        "report_year_to": 2023,
        "age": 13,
        "eps_negative_percentage": 0,
        "eps_growth_avg": {
            "last_all": 6.99,
            "last_2y": -44.28,
            "last_4y": -23.64,
            "last_8y": -13.68,
            "last_12y": null,
            "last_16y": null,
            "last_20y": null,
            "at_2006_last_3y": null,
            "at_2007_last_3y": null,
            "at_2008_last_3y": null,
            "at_2009_last_3y": null,
            "at_2010_last_3y": null,
            "at_2011_last_3y": null,
            "at_2012_last_3y": null,
            "at_2013_last_3y": null,
            "at_2014_last_3y": null,
            "at_2015_last_3y": null,
            "at_2016_last_3y": 47.31,
            "at_2017_last_3y": -1.23,
            "at_2018_last_3y": -1.23,
            "at_2019_last_3y": 18.5,
            "at_2020_last_3y": 5.12,
            "at_2021_last_3y": 28.3,
            "at_2022_last_3y": -8.83,
            "at_2023_last_3y": -54.55,
            "at_2024_last_3y": -54.55,
            "at_2006_last_all": null,
            "at_2007_last_all": null,
            "at_2008_last_all": null,
            "at_2009_last_all": null,
            "at_2010_last_all": null,
            "at_2011_last_all": null,
            "at_2012_last_all": null,
            "at_2013_last_all": null,
            "at_2014_last_all": 100,
            "at_2015_last_all": 73.69,
            "at_2016_last_all": 47.31,
            "at_2017_last_all": 19.02,
            "at_2018_last_all": 32.51,
            "at_2019_last_all": 42.15,
            "at_2020_last_all": 26.22,
            "at_2021_last_all": 23.14,
            "at_2022_last_all": 15.98,
            "at_2023_last_all": 6.99,
            "at_2024_last_all": 6.99
        },
        "latest_eps": 0.02,
        "latest_price": 28.8,
        "latest_roe": 0.06,
        "latest_gross_margin": 55.66,
        "latest_equity": 50053710,
        "latest_revenue": 3173488,
        "latest_gross_profit": 1766337,
        "latest_net_income": 77085,
        "latest_debt_ratio": 55.66,
        "latest_current_ratio": 359.33,
        "latest_account_receivable_turnover_ratio": 8.01,
        "latest_inventory_turnover_ratio": 0.03,
        "latest_reinvestment_rate": 10.34,
        "latest_research_to_sale_ratio": null
    },
    "eps_dividends": {
        "2001": {
            "cash": 0,
            "stock": 0,
            "eps": 0
        },
        "2002": {
            "cash": 0,
            "stock": 0,
            "eps": 0
        },
        "2003": {
            "cash": 0,
            "stock": 0,
            "eps": 0
        },
        "2004": {
            "cash": 0,
            "stock": 0,
            "eps": 0
        },
        "2005": {
            "cash": 0,
            "stock": 0,
            "eps": 0
        },
        "2006": {
            "cash": 0,
            "stock": 0,
            "eps": 0
        },
        "2007": {
            "cash": 0,
            "stock": 0,
            "eps": 0
        },
        "2008": {
            "cash": 0,
            "stock": 0,
            "eps": 0
        },
        "2009": {
            "cash": 0,
            "stock": 0,
            "eps": 0
        },
        "2010": {
            "cash": 0,
            "stock": 0,
            "eps": 0
        },
        "2011": {
            "cash": 0,
            "stock": 0,
            "eps": 0
        },
        "2012": {
            "cash": 0,
            "stock": 0,
            "eps": 0.37
        },
        "2013": {
            "cash": 0.12,
            "stock": 0.01,
            "eps": 0.76
        },
        "2014": {
            "cash": 0.2,
            "stock": 0,
            "eps": 1.66
        },
        "2015": {
            "cash": 0.22,
            "stock": 0,
            "eps": 2.01
        },
        "2016": {
            "cash": 0.36,
            "stock": 0,
            "eps": 1.37
        },
        "2017": {
            "cash": 0.36,
            "stock": 0,
            "eps": 0.08
        },
        "2018": {
            "cash": 0.36,
            "stock": 0,
            "eps": 0.93
        },
        "2019": {
            "cash": 0.72,
            "stock": 0,
            "eps": 4.71
        },
        "2020": {
            "cash": 2.23,
            "stock": 0,
            "eps": 0.69
        },
        "2021": {
            "cash": 1.2,
            "stock": 0,
            "eps": 0.68
        },
        "2022": {
            "cash": 1.2,
            "stock": 0,
            "eps": 0.35
        },
        "2023": {
            "cash": 1.2,
            "stock": 0,
            "eps": 0.06
        }
    },
    "dividends": {
        "2013-03-04": {
            "cash": 0.12,
            "stock": 0.01
        },
        "2014-09-26": {
            "cash": 0.2,
            "stock": 0
        },
        "2015-09-25": {
            "cash": 0.22,
            "stock": 0
        },
        "2016-11-16": {
            "cash": 0.36,
            "stock": 0
        },
        "2017-09-29": {
            "cash": 0.36,
            "stock": 0
        },
        "2018-09-25": {
            "cash": 0.36,
            "stock": 0
        },
        "2019-09-30": {
            "cash": 0.72,
            "stock": 0
        },
        "2020-10-13": {
            "cash": 2.23,
            "stock": 0
        },
        "2021-09-16": {
            "cash": 1.2,
            "stock": 0
        },
        "2022-10-07": {
            "cash": 1.2,
            "stock": 0
        },
        "2023-03-10": {
            "cash": 0.6,
            "stock": 0
        },
        "2023-09-27": {
            "cash": 0.6,
            "stock": 0
        }
    },
    "prices": {
        "200101": "無",
        "200102": "無",
        "200103": "無",
        "200104": "無",
        "200105": "無",
        "200106": "無",
        "200107": "無",
        "200108": "無",
        "200109": "無",
        "200110": "無",
        "200111": "無",
        "200112": "無",
        "200201": "無",
        "200202": "無",
        "200203": "無",
        "200204": "無",
        "200205": "無",
        "200206": "無",
        "200207": "無",
        "200208": "無",
        "200209": "無",
        "200210": "無",
        "200211": "無",
        "200212": "無",
        "200301": "無",
        "200302": "無",
        "200303": "無",
        "200304": "無",
        "200305": "無",
        "200306": "無",
        "200307": "無",
        "200308": "無",
        "200309": "無",
        "200310": "無",
        "200311": "無",
        "200312": "無",
        "200401": "無",
        "200402": "無",
        "200403": "無",
        "200404": "無",
        "200405": "無",
        "200406": "無",
        "200407": "無",
        "200408": "無",
        "200409": "無",
        "200410": "無",
        "200411": "無",
        "200412": "無",
        "200501": "無",
        "200502": "無",
        "200503": "無",
        "200504": "無",
        "200505": "無",
        "200506": "無",
        "200507": "無",
        "200508": "無",
        "200509": "無",
        "200510": "無",
        "200511": "無",
        "200512": "無",
        "200601": "無",
        "200602": "無",
        "200603": "無",
        "200604": "無",
        "200605": "無",
        "200606": "無",
        "200607": "無",
        "200608": "無",
        "200609": "無",
        "200610": "無",
        "200611": "無",
        "200612": "無",
        "200701": "無",
        "200702": "無",
        "200703": "無",
        "200704": "無",
        "200705": "無",
        "200706": "無",
        "200707": "無",
        "200708": "無",
        "200709": "無",
        "200710": "無",
        "200711": "無",
        "200712": "無",
        "200801": "無",
        "200802": "無",
        "200803": "無",
        "200804": "無",
        "200805": "無",
        "200806": "無",
        "200807": "無",
        "200808": "無",
        "200809": "無",
        "200810": "無",
        "200811": "無",
        "200812": "無",
        "200901": "無",
        "200902": "無",
        "200903": "無",
        "200904": "無",
        "200905": "無",
        "200906": "無",
        "200907": "無",
        "200908": "無",
        "200909": "無",
        "200910": "無",
        "200911": "無",
        "200912": "無",
        "201001": "無",
        "201002": "無",
        "201003": "無",
        "201004": "無",
        "201005": "無",
        "201006": "無",
        "201007": "無",
        "201008": "無",
        "201009": "無",
        "201010": "無",
        "201011": "無",
        "201012": "無",
        "201101": "無",
        "201102": "無",
        "201103": "無",
        "201104": "無",
        "201105": "無",
        "201106": "無",
        "201107": "無",
        "201108": "無",
        "201109": "無",
        "201110": "無",
        "201111": "無",
        "201112": "無",
        "201201": "無",
        "201202": "無",
        "201203": "無",
        "201204": "無",
        "201205": "無",
        "201206": "無",
        "201207": "無",
        "201208": "無",
        "201209": "無",
        "201210": "無",
        "201211": "無",
        "201212": "26.01",
        "201301": "27.93",
        "201302": "29.28",
        "201303": "26.07",
        "201304": "25.79",
        "201305": "26.99",
        "201306": "24.95",
        "201307": "25.22",
        "201308": "25.03",
        "201309": "25.43",
        "201310": "26.03",
        "201311": "25.77",
        "201312": "25.75",
        "201401": "25.37",
        "201402": "23.10",
        "201403": "21.86",
        "201404": "22.35",
        "201405": "22.37",
        "201406": "25.51",
        "201407": "27.00",
        "201408": "31.75",
        "201409": "31.26",
        "201410": "27.28",
        "201411": "24.99",
        "201412": "27.42",
        "201501": "27.08",
        "201502": "27.12",
        "201503": "27.27",
        "201504": "30.21",
        "201505": "37.80",
        "201506": "25.51",
        "201507": "25.51",
        "201508": "22.08",
        "201509": "19.13",
        "201510": "21.77",
        "201511": "23.79",
        "201512": "22.42",
        "201601": "18.85",
        "201602": "19.52",
        "201603": "23.11",
        "201604": "20.82",
        "201605": "20.15",
        "201606": "20.49",
        "201607": "20.42",
        "201608": "21.08",
        "201609": "22.48",
        "201610": "22.16",
        "201611": "20.83",
        "201612": "20.58",
        "201701": "20.52",
        "201702": "20.97",
        "201703": "21.00",
        "201704": "20.70",
        "201705": "20.23",
        "201706": "20.24",
        "201707": "20.11",
        "201708": "19.42",
        "201709": "18.69",
        "201710": "18.40",
        "201711": "18.41",
        "201712": "18.30",
        "201801": "19.71",
        "201802": "18.77",
        "201803": "18.59",
        "201804": "18.92",
        "201805": "18.94",
        "201806": "19.10",
        "201807": "20.95",
        "201808": "20.18",
        "201809": "19.98",
        "201810": "18.01",
        "201811": "17.38",
        "201812": "18.95",
        "201901": "19.45",
        "201902": "19.73",
        "201903": "19.61",
        "201904": "21.58",
        "201905": "21.98",
        "201906": "24.73",
        "201907": "27.33",
        "201908": "24.07",
        "201909": "24.52",
        "201910": "24.96",
        "201911": "25.63",
        "201912": "26.25",
        "202001": "27.73",
        "202002": "23.54",
        "202003": "21.97",
        "202004": "23.14",
        "202005": "24.82",
        "202006": "25.21",
        "202007": "26.41",
        "202008": "25.31",
        "202009": "24.68",
        "202010": "24.53",
        "202011": "25.49",
        "202012": "27.77",
        "202101": "29.59",
        "202102": "31.60",
        "202103": "36.36",
        "202104": "32.68",
        "202105": "30.23",
        "202106": "28.47",
        "202107": "28.33",
        "202108": "25.84",
        "202109": "26.72",
        "202110": "26.64",
        "202111": "27.52",
        "202112": "27.17",
        "202201": "27.80",
        "202202": "27.16",
        "202203": "26.11",
        "202204": "25.56",
        "202205": "25.58",
        "202206": "25.47",
        "202207": "24.88",
        "202208": "22.86",
        "202209": "21.22",
        "202210": "20.57",
        "202211": "21.93",
        "202212": "22.14",
        "202301": "21.46",
        "202302": "22.54",
        "202303": "23.43",
        "202304": "22.96",
        "202305": "23.84",
        "202306": "26.44",
        "202307": "25.35",
        "202308": "23.07",
        "202309": "22.69",
        "202310": "22.75",
        "202311": "24.45",
        "202312": "26.65"
    },
    "quarters": {
        "20011": {
            "year_quarter": 20011,
            "year": 2001,
            "quarter": 1,
            "eps": null,
            "eps_growth_year": null,
            "eps_4q": null,
            "eps_4q_growth_year": null,
            "roe": null,
            "roe_4q": 0,
            "gross_profit": null,
            "gross_margin": null,
            "gross_margin_4q_avg": 0,
            "net_income": null,
            "net_income_4q": null,
            "revenue": null,
            "revenue_4q": null,
            "common_shares": null,
            "book_valuer_per_share": null,
            "book_valuer_per_share_4q_avg": 0,
            "equity": null,
            "current_ratio": null,
            "debt_ratio": null,
            "inventory_turnover_ratio": null,
            "account_receivable_turnover_ratio": null,
            "reinvestment_rate": null,
            "research_to_sale_ratio": null,
            "price_fair": 0,
            "eps_avg_yearly": 0,
            "eps_latest_yearly": 0,
            "eps_growth_yearly": 0
        },
        "20012": {
            "year_quarter": 20012,
            "year": 2001,
            "quarter": 2,
            "eps": null,
            "eps_growth_year": null,
            "eps_4q": null,
            "eps_4q_growth_year": null,
            "roe": null,
            "roe_4q": 0,
            "gross_profit": null,
            "gross_margin": null,
            "gross_margin_4q_avg": 0,
            "net_income": null,
            "net_income_4q": null,
            "revenue": null,
            "revenue_4q": null,
            "common_shares": null,
            "book_valuer_per_share": null,
            "book_valuer_per_share_4q_avg": 0,
            "equity": null,
            "current_ratio": null,
            "debt_ratio": null,
            "inventory_turnover_ratio": null,
            "account_receivable_turnover_ratio": null,
            "reinvestment_rate": null,
            "research_to_sale_ratio": null,
            "price_fair": 0,
            "eps_avg_yearly": 0,
            "eps_latest_yearly": 0,
            "eps_growth_yearly": 0
        },
        "20013": {
            "year_quarter": 20013,
            "year": 2001,
            "quarter": 3,
            "eps": null,
            "eps_growth_year": null,
            "eps_4q": null,
            "eps_4q_growth_year": null,
            "roe": null,
            "roe_4q": 0,
            "gross_profit": null,
            "gross_margin": null,
            "gross_margin_4q_avg": 0,
            "net_income": null,
            "net_income_4q": null,
            "revenue": null,
            "revenue_4q": null,
            "common_shares": null,
            "book_valuer_per_share": null,
            "book_valuer_per_share_4q_avg": 0,
            "equity": null,
            "current_ratio": null,
            "debt_ratio": null,
            "inventory_turnover_ratio": null,
            "account_receivable_turnover_ratio": null,
            "reinvestment_rate": null,
            "research_to_sale_ratio": null,
            "price_fair": 0,
            "eps_avg_yearly": 0,
            "eps_latest_yearly": 0,
            "eps_growth_yearly": 0
        },
        "20014": {
            "year_quarter": 20014,
            "year": 2001,
            "quarter": 4,
            "eps": null,
            "eps_growth_year": null,
            "eps_4q": null,
            "eps_4q_growth_year": null,
            "roe": null,
            "roe_4q": 0,
            "gross_profit": null,
            "gross_margin": null,
            "gross_margin_4q_avg": 0,
            "net_income": null,
            "net_income_4q": null,
            "revenue": null,
            "revenue_4q": null,
            "common_shares": null,
            "book_valuer_per_share": null,
            "book_valuer_per_share_4q_avg": 0,
            "equity": null,
            "current_ratio": null,
            "debt_ratio": null,
            "inventory_turnover_ratio": null,
            "account_receivable_turnover_ratio": null,
            "reinvestment_rate": null,
            "research_to_sale_ratio": null,
            "price_fair": 0,
            "eps_avg_yearly": 0,
            "eps_latest_yearly": 0,
            "eps_growth_yearly": 0
        },
        "20021": {
            "year_quarter": 20021,
            "year": 2002,
            "quarter": 1,
            "eps": null,
            "eps_growth_year": null,
            "eps_4q": null,
            "eps_4q_growth_year": null,
            "roe": null,
            "roe_4q": 0,
            "gross_profit": null,
            "gross_margin": null,
            "gross_margin_4q_avg": 0,
            "net_income": null,
            "net_income_4q": null,
            "revenue": null,
            "revenue_4q": null,
            "common_shares": null,
            "book_valuer_per_share": null,
            "book_valuer_per_share_4q_avg": 0,
            "equity": null,
            "current_ratio": null,
            "debt_ratio": null,
            "inventory_turnover_ratio": null,
            "account_receivable_turnover_ratio": null,
            "reinvestment_rate": null,
            "research_to_sale_ratio": null,
            "price_fair": 0,
            "eps_avg_yearly": 0,
            "eps_latest_yearly": 0,
            "eps_growth_yearly": 0
        },
        "20022": {
            "year_quarter": 20022,
            "year": 2002,
            "quarter": 2,
            "eps": null,
            "eps_growth_year": null,
            "eps_4q": null,
            "eps_4q_growth_year": null,
            "roe": null,
            "roe_4q": 0,
            "gross_profit": null,
            "gross_margin": null,
            "gross_margin_4q_avg": 0,
            "net_income": null,
            "net_income_4q": null,
            "revenue": null,
            "revenue_4q": null,
            "common_shares": null,
            "book_valuer_per_share": null,
            "book_valuer_per_share_4q_avg": 0,
            "equity": null,
            "current_ratio": null,
            "debt_ratio": null,
            "inventory_turnover_ratio": null,
            "account_receivable_turnover_ratio": null,
            "reinvestment_rate": null,
            "research_to_sale_ratio": null,
            "price_fair": 0,
            "eps_avg_yearly": 0,
            "eps_latest_yearly": 0,
            "eps_growth_yearly": 0
        },
        "20023": {
            "year_quarter": 20023,
            "year": 2002,
            "quarter": 3,
            "eps": null,
            "eps_growth_year": null,
            "eps_4q": null,
            "eps_4q_growth_year": null,
            "roe": null,
            "roe_4q": 0,
            "gross_profit": null,
            "gross_margin": null,
            "gross_margin_4q_avg": 0,
            "net_income": null,
            "net_income_4q": null,
            "revenue": null,
            "revenue_4q": null,
            "common_shares": null,
            "book_valuer_per_share": null,
            "book_valuer_per_share_4q_avg": 0,
            "equity": null,
            "current_ratio": null,
            "debt_ratio": null,
            "inventory_turnover_ratio": null,
            "account_receivable_turnover_ratio": null,
            "reinvestment_rate": null,
            "research_to_sale_ratio": null,
            "price_fair": 0,
            "eps_avg_yearly": 0,
            "eps_latest_yearly": 0,
            "eps_growth_yearly": 0
        },
        "20024": {
            "year_quarter": 20024,
            "year": 2002,
            "quarter": 4,
            "eps": null,
            "eps_growth_year": null,
            "eps_4q": null,
            "eps_4q_growth_year": null,
            "roe": null,
            "roe_4q": 0,
            "gross_profit": null,
            "gross_margin": null,
            "gross_margin_4q_avg": 0,
            "net_income": null,
            "net_income_4q": null,
            "revenue": null,
            "revenue_4q": null,
            "common_shares": null,
            "book_valuer_per_share": null,
            "book_valuer_per_share_4q_avg": 0,
            "equity": null,
            "current_ratio": null,
            "debt_ratio": null,
            "inventory_turnover_ratio": null,
            "account_receivable_turnover_ratio": null,
            "reinvestment_rate": null,
            "research_to_sale_ratio": null,
            "price_fair": 0,
            "eps_avg_yearly": 0,
            "eps_latest_yearly": 0,
            "eps_growth_yearly": 0
        },
        "20031": {
            "year_quarter": 20031,
            "year": 2003,
            "quarter": 1,
            "eps": null,
            "eps_growth_year": null,
            "eps_4q": null,
            "eps_4q_growth_year": null,
            "roe": null,
            "roe_4q": 0,
            "gross_profit": null,
            "gross_margin": null,
            "gross_margin_4q_avg": 0,
            "net_income": null,
            "net_income_4q": null,
            "revenue": null,
            "revenue_4q": null,
            "common_shares": null,
            "book_valuer_per_share": null,
            "book_valuer_per_share_4q_avg": 0,
            "equity": null,
            "current_ratio": null,
            "debt_ratio": null,
            "inventory_turnover_ratio": null,
            "account_receivable_turnover_ratio": null,
            "reinvestment_rate": null,
            "research_to_sale_ratio": null,
            "price_fair": 0,
            "eps_avg_yearly": 0,
            "eps_latest_yearly": 0,
            "eps_growth_yearly": 0
        },
        "20032": {
            "year_quarter": 20032,
            "year": 2003,
            "quarter": 2,
            "eps": null,
            "eps_growth_year": null,
            "eps_4q": null,
            "eps_4q_growth_year": null,
            "roe": null,
            "roe_4q": 0,
            "gross_profit": null,
            "gross_margin": null,
            "gross_margin_4q_avg": 0,
            "net_income": null,
            "net_income_4q": null,
            "revenue": null,
            "revenue_4q": null,
            "common_shares": null,
            "book_valuer_per_share": null,
            "book_valuer_per_share_4q_avg": 0,
            "equity": null,
            "current_ratio": null,
            "debt_ratio": null,
            "inventory_turnover_ratio": null,
            "account_receivable_turnover_ratio": null,
            "reinvestment_rate": null,
            "research_to_sale_ratio": null,
            "price_fair": 0,
            "eps_avg_yearly": 0,
            "eps_latest_yearly": 0,
            "eps_growth_yearly": 0
        },
        "20033": {
            "year_quarter": 20033,
            "year": 2003,
            "quarter": 3,
            "eps": null,
            "eps_growth_year": null,
            "eps_4q": null,
            "eps_4q_growth_year": null,
            "roe": null,
            "roe_4q": 0,
            "gross_profit": null,
            "gross_margin": null,
            "gross_margin_4q_avg": 0,
            "net_income": null,
            "net_income_4q": null,
            "revenue": null,
            "revenue_4q": null,
            "common_shares": null,
            "book_valuer_per_share": null,
            "book_valuer_per_share_4q_avg": 0,
            "equity": null,
            "current_ratio": null,
            "debt_ratio": null,
            "inventory_turnover_ratio": null,
            "account_receivable_turnover_ratio": null,
            "reinvestment_rate": null,
            "research_to_sale_ratio": null,
            "price_fair": 0,
            "eps_avg_yearly": 0,
            "eps_latest_yearly": 0,
            "eps_growth_yearly": 0
        },
        "20034": {
            "year_quarter": 20034,
            "year": 2003,
            "quarter": 4,
            "eps": null,
            "eps_growth_year": null,
            "eps_4q": null,
            "eps_4q_growth_year": null,
            "roe": null,
            "roe_4q": 0,
            "gross_profit": null,
            "gross_margin": null,
            "gross_margin_4q_avg": 0,
            "net_income": null,
            "net_income_4q": null,
            "revenue": null,
            "revenue_4q": null,
            "common_shares": null,
            "book_valuer_per_share": null,
            "book_valuer_per_share_4q_avg": 0,
            "equity": null,
            "current_ratio": null,
            "debt_ratio": null,
            "inventory_turnover_ratio": null,
            "account_receivable_turnover_ratio": null,
            "reinvestment_rate": null,
            "research_to_sale_ratio": null,
            "price_fair": 0,
            "eps_avg_yearly": 0,
            "eps_latest_yearly": 0,
            "eps_growth_yearly": 0
        },
        "20041": {
            "year_quarter": 20041,
            "year": 2004,
            "quarter": 1,
            "eps": null,
            "eps_growth_year": null,
            "eps_4q": null,
            "eps_4q_growth_year": null,
            "roe": null,
            "roe_4q": 0,
            "gross_profit": null,
            "gross_margin": null,
            "gross_margin_4q_avg": 0,
            "net_income": null,
            "net_income_4q": null,
            "revenue": null,
            "revenue_4q": null,
            "common_shares": null,
            "book_valuer_per_share": null,
            "book_valuer_per_share_4q_avg": 0,
            "equity": null,
            "current_ratio": null,
            "debt_ratio": null,
            "inventory_turnover_ratio": null,
            "account_receivable_turnover_ratio": null,
            "reinvestment_rate": null,
            "research_to_sale_ratio": null,
            "price_fair": 0,
            "eps_avg_yearly": 0,
            "eps_latest_yearly": 0,
            "eps_growth_yearly": 0
        },
        "20042": {
            "year_quarter": 20042,
            "year": 2004,
            "quarter": 2,
            "eps": null,
            "eps_growth_year": null,
            "eps_4q": null,
            "eps_4q_growth_year": null,
            "roe": null,
            "roe_4q": 0,
            "gross_profit": null,
            "gross_margin": null,
            "gross_margin_4q_avg": 0,
            "net_income": null,
            "net_income_4q": null,
            "revenue": null,
            "revenue_4q": null,
            "common_shares": null,
            "book_valuer_per_share": null,
            "book_valuer_per_share_4q_avg": 0,
            "equity": null,
            "current_ratio": null,
            "debt_ratio": null,
            "inventory_turnover_ratio": null,
            "account_receivable_turnover_ratio": null,
            "reinvestment_rate": null,
            "research_to_sale_ratio": null,
            "price_fair": 0,
            "eps_avg_yearly": 0,
            "eps_latest_yearly": 0,
            "eps_growth_yearly": 0
        },
        "20043": {
            "year_quarter": 20043,
            "year": 2004,
            "quarter": 3,
            "eps": null,
            "eps_growth_year": null,
            "eps_4q": null,
            "eps_4q_growth_year": null,
            "roe": null,
            "roe_4q": 0,
            "gross_profit": null,
            "gross_margin": null,
            "gross_margin_4q_avg": 0,
            "net_income": null,
            "net_income_4q": null,
            "revenue": null,
            "revenue_4q": null,
            "common_shares": null,
            "book_valuer_per_share": null,
            "book_valuer_per_share_4q_avg": 0,
            "equity": null,
            "current_ratio": null,
            "debt_ratio": null,
            "inventory_turnover_ratio": null,
            "account_receivable_turnover_ratio": null,
            "reinvestment_rate": null,
            "research_to_sale_ratio": null,
            "price_fair": 0,
            "eps_avg_yearly": 0,
            "eps_latest_yearly": 0,
            "eps_growth_yearly": 0
        },
        "20044": {
            "year_quarter": 20044,
            "year": 2004,
            "quarter": 4,
            "eps": null,
            "eps_growth_year": null,
            "eps_4q": null,
            "eps_4q_growth_year": null,
            "roe": null,
            "roe_4q": 0,
            "gross_profit": null,
            "gross_margin": null,
            "gross_margin_4q_avg": 0,
            "net_income": null,
            "net_income_4q": null,
            "revenue": null,
            "revenue_4q": null,
            "common_shares": null,
            "book_valuer_per_share": null,
            "book_valuer_per_share_4q_avg": 0,
            "equity": null,
            "current_ratio": null,
            "debt_ratio": null,
            "inventory_turnover_ratio": null,
            "account_receivable_turnover_ratio": null,
            "reinvestment_rate": null,
            "research_to_sale_ratio": null,
            "price_fair": 0,
            "eps_avg_yearly": 0,
            "eps_latest_yearly": 0,
            "eps_growth_yearly": 0
        },
        "20051": {
            "year_quarter": 20051,
            "year": 2005,
            "quarter": 1,
            "eps": null,
            "eps_growth_year": null,
            "eps_4q": null,
            "eps_4q_growth_year": null,
            "roe": null,
            "roe_4q": 0,
            "gross_profit": null,
            "gross_margin": null,
            "gross_margin_4q_avg": 0,
            "net_income": null,
            "net_income_4q": null,
            "revenue": null,
            "revenue_4q": null,
            "common_shares": null,
            "book_valuer_per_share": null,
            "book_valuer_per_share_4q_avg": 0,
            "equity": null,
            "current_ratio": null,
            "debt_ratio": null,
            "inventory_turnover_ratio": null,
            "account_receivable_turnover_ratio": null,
            "reinvestment_rate": null,
            "research_to_sale_ratio": null,
            "price_fair": 0,
            "eps_avg_yearly": 0,
            "eps_latest_yearly": 0,
            "eps_growth_yearly": 0
        },
        "20052": {
            "year_quarter": 20052,
            "year": 2005,
            "quarter": 2,
            "eps": null,
            "eps_growth_year": null,
            "eps_4q": null,
            "eps_4q_growth_year": null,
            "roe": null,
            "roe_4q": 0,
            "gross_profit": null,
            "gross_margin": null,
            "gross_margin_4q_avg": 0,
            "net_income": null,
            "net_income_4q": null,
            "revenue": null,
            "revenue_4q": null,
            "common_shares": null,
            "book_valuer_per_share": null,
            "book_valuer_per_share_4q_avg": 0,
            "equity": null,
            "current_ratio": null,
            "debt_ratio": null,
            "inventory_turnover_ratio": null,
            "account_receivable_turnover_ratio": null,
            "reinvestment_rate": null,
            "research_to_sale_ratio": null,
            "price_fair": 0,
            "eps_avg_yearly": 0,
            "eps_latest_yearly": 0,
            "eps_growth_yearly": 0
        },
        "20053": {
            "year_quarter": 20053,
            "year": 2005,
            "quarter": 3,
            "eps": null,
            "eps_growth_year": null,
            "eps_4q": null,
            "eps_4q_growth_year": null,
            "roe": null,
            "roe_4q": 0,
            "gross_profit": null,
            "gross_margin": null,
            "gross_margin_4q_avg": 0,
            "net_income": null,
            "net_income_4q": null,
            "revenue": null,
            "revenue_4q": null,
            "common_shares": null,
            "book_valuer_per_share": null,
            "book_valuer_per_share_4q_avg": 0,
            "equity": null,
            "current_ratio": null,
            "debt_ratio": null,
            "inventory_turnover_ratio": null,
            "account_receivable_turnover_ratio": null,
            "reinvestment_rate": null,
            "research_to_sale_ratio": null,
            "price_fair": 0,
            "eps_avg_yearly": 0,
            "eps_latest_yearly": 0,
            "eps_growth_yearly": 0
        },
        "20054": {
            "year_quarter": 20054,
            "year": 2005,
            "quarter": 4,
            "eps": null,
            "eps_growth_year": null,
            "eps_4q": null,
            "eps_4q_growth_year": null,
            "roe": null,
            "roe_4q": 0,
            "gross_profit": null,
            "gross_margin": null,
            "gross_margin_4q_avg": 0,
            "net_income": null,
            "net_income_4q": null,
            "revenue": null,
            "revenue_4q": null,
            "common_shares": null,
            "book_valuer_per_share": null,
            "book_valuer_per_share_4q_avg": 0,
            "equity": null,
            "current_ratio": null,
            "debt_ratio": null,
            "inventory_turnover_ratio": null,
            "account_receivable_turnover_ratio": null,
            "reinvestment_rate": null,
            "research_to_sale_ratio": null,
            "price_fair": 0,
            "eps_avg_yearly": 0,
            "eps_latest_yearly": 0,
            "eps_growth_yearly": 0
        },
        "20061": {
            "year_quarter": 20061,
            "year": 2006,
            "quarter": 1,
            "eps": null,
            "eps_growth_year": null,
            "eps_4q": null,
            "eps_4q_growth_year": null,
            "roe": null,
            "roe_4q": 0,
            "gross_profit": null,
            "gross_margin": null,
            "gross_margin_4q_avg": 0,
            "net_income": null,
            "net_income_4q": null,
            "revenue": null,
            "revenue_4q": null,
            "common_shares": null,
            "book_valuer_per_share": null,
            "book_valuer_per_share_4q_avg": 0,
            "equity": null,
            "current_ratio": null,
            "debt_ratio": null,
            "inventory_turnover_ratio": null,
            "account_receivable_turnover_ratio": null,
            "reinvestment_rate": null,
            "research_to_sale_ratio": null,
            "price_fair": 0,
            "eps_avg_yearly": 0,
            "eps_latest_yearly": 0,
            "eps_growth_yearly": 0
        },
        "20062": {
            "year_quarter": 20062,
            "year": 2006,
            "quarter": 2,
            "eps": null,
            "eps_growth_year": null,
            "eps_4q": null,
            "eps_4q_growth_year": null,
            "roe": null,
            "roe_4q": 0,
            "gross_profit": null,
            "gross_margin": null,
            "gross_margin_4q_avg": 0,
            "net_income": null,
            "net_income_4q": null,
            "revenue": null,
            "revenue_4q": null,
            "common_shares": null,
            "book_valuer_per_share": null,
            "book_valuer_per_share_4q_avg": 0,
            "equity": null,
            "current_ratio": null,
            "debt_ratio": null,
            "inventory_turnover_ratio": null,
            "account_receivable_turnover_ratio": null,
            "reinvestment_rate": null,
            "research_to_sale_ratio": null,
            "price_fair": 0,
            "eps_avg_yearly": 0,
            "eps_latest_yearly": 0,
            "eps_growth_yearly": 0
        },
        "20063": {
            "year_quarter": 20063,
            "year": 2006,
            "quarter": 3,
            "eps": null,
            "eps_growth_year": null,
            "eps_4q": null,
            "eps_4q_growth_year": null,
            "roe": null,
            "roe_4q": 0,
            "gross_profit": null,
            "gross_margin": null,
            "gross_margin_4q_avg": 0,
            "net_income": null,
            "net_income_4q": null,
            "revenue": null,
            "revenue_4q": null,
            "common_shares": null,
            "book_valuer_per_share": null,
            "book_valuer_per_share_4q_avg": 0,
            "equity": null,
            "current_ratio": null,
            "debt_ratio": null,
            "inventory_turnover_ratio": null,
            "account_receivable_turnover_ratio": null,
            "reinvestment_rate": null,
            "research_to_sale_ratio": null,
            "price_fair": 0,
            "eps_avg_yearly": 0,
            "eps_latest_yearly": 0,
            "eps_growth_yearly": 0
        },
        "20064": {
            "year_quarter": 20064,
            "year": 2006,
            "quarter": 4,
            "eps": null,
            "eps_growth_year": null,
            "eps_4q": null,
            "eps_4q_growth_year": null,
            "roe": null,
            "roe_4q": 0,
            "gross_profit": null,
            "gross_margin": null,
            "gross_margin_4q_avg": 0,
            "net_income": null,
            "net_income_4q": null,
            "revenue": null,
            "revenue_4q": null,
            "common_shares": null,
            "book_valuer_per_share": null,
            "book_valuer_per_share_4q_avg": 0,
            "equity": null,
            "current_ratio": null,
            "debt_ratio": null,
            "inventory_turnover_ratio": null,
            "account_receivable_turnover_ratio": null,
            "reinvestment_rate": null,
            "research_to_sale_ratio": null,
            "price_fair": 0,
            "eps_avg_yearly": 0,
            "eps_latest_yearly": 0,
            "eps_growth_yearly": 0
        },
        "20071": {
            "year_quarter": 20071,
            "year": 2007,
            "quarter": 1,
            "eps": null,
            "eps_growth_year": null,
            "eps_4q": null,
            "eps_4q_growth_year": null,
            "roe": null,
            "roe_4q": 0,
            "gross_profit": null,
            "gross_margin": null,
            "gross_margin_4q_avg": 0,
            "net_income": null,
            "net_income_4q": null,
            "revenue": null,
            "revenue_4q": null,
            "common_shares": null,
            "book_valuer_per_share": null,
            "book_valuer_per_share_4q_avg": 0,
            "equity": null,
            "current_ratio": null,
            "debt_ratio": null,
            "inventory_turnover_ratio": null,
            "account_receivable_turnover_ratio": null,
            "reinvestment_rate": null,
            "research_to_sale_ratio": null,
            "price_fair": 0,
            "eps_avg_yearly": 0,
            "eps_latest_yearly": 0,
            "eps_growth_yearly": 0
        },
        "20072": {
            "year_quarter": 20072,
            "year": 2007,
            "quarter": 2,
            "eps": null,
            "eps_growth_year": null,
            "eps_4q": null,
            "eps_4q_growth_year": null,
            "roe": null,
            "roe_4q": 0,
            "gross_profit": null,
            "gross_margin": null,
            "gross_margin_4q_avg": 0,
            "net_income": null,
            "net_income_4q": null,
            "revenue": null,
            "revenue_4q": null,
            "common_shares": null,
            "book_valuer_per_share": null,
            "book_valuer_per_share_4q_avg": 0,
            "equity": null,
            "current_ratio": null,
            "debt_ratio": null,
            "inventory_turnover_ratio": null,
            "account_receivable_turnover_ratio": null,
            "reinvestment_rate": null,
            "research_to_sale_ratio": null,
            "price_fair": 0,
            "eps_avg_yearly": 0,
            "eps_latest_yearly": 0,
            "eps_growth_yearly": 0
        },
        "20073": {
            "year_quarter": 20073,
            "year": 2007,
            "quarter": 3,
            "eps": null,
            "eps_growth_year": null,
            "eps_4q": null,
            "eps_4q_growth_year": null,
            "roe": null,
            "roe_4q": 0,
            "gross_profit": null,
            "gross_margin": null,
            "gross_margin_4q_avg": 0,
            "net_income": null,
            "net_income_4q": null,
            "revenue": null,
            "revenue_4q": null,
            "common_shares": null,
            "book_valuer_per_share": null,
            "book_valuer_per_share_4q_avg": 0,
            "equity": null,
            "current_ratio": null,
            "debt_ratio": null,
            "inventory_turnover_ratio": null,
            "account_receivable_turnover_ratio": null,
            "reinvestment_rate": null,
            "research_to_sale_ratio": null,
            "price_fair": 0,
            "eps_avg_yearly": 0,
            "eps_latest_yearly": 0,
            "eps_growth_yearly": 0
        },
        "20074": {
            "year_quarter": 20074,
            "year": 2007,
            "quarter": 4,
            "eps": null,
            "eps_growth_year": null,
            "eps_4q": null,
            "eps_4q_growth_year": null,
            "roe": null,
            "roe_4q": 0,
            "gross_profit": null,
            "gross_margin": null,
            "gross_margin_4q_avg": 0,
            "net_income": null,
            "net_income_4q": null,
            "revenue": null,
            "revenue_4q": null,
            "common_shares": null,
            "book_valuer_per_share": null,
            "book_valuer_per_share_4q_avg": 0,
            "equity": null,
            "current_ratio": null,
            "debt_ratio": null,
            "inventory_turnover_ratio": null,
            "account_receivable_turnover_ratio": null,
            "reinvestment_rate": null,
            "research_to_sale_ratio": null,
            "price_fair": 0,
            "eps_avg_yearly": 0,
            "eps_latest_yearly": 0,
            "eps_growth_yearly": 0
        },
        "20081": {
            "year_quarter": 20081,
            "year": 2008,
            "quarter": 1,
            "eps": null,
            "eps_growth_year": null,
            "eps_4q": null,
            "eps_4q_growth_year": null,
            "roe": null,
            "roe_4q": 0,
            "gross_profit": null,
            "gross_margin": null,
            "gross_margin_4q_avg": 0,
            "net_income": null,
            "net_income_4q": null,
            "revenue": null,
            "revenue_4q": null,
            "common_shares": null,
            "book_valuer_per_share": null,
            "book_valuer_per_share_4q_avg": 0,
            "equity": null,
            "current_ratio": null,
            "debt_ratio": null,
            "inventory_turnover_ratio": null,
            "account_receivable_turnover_ratio": null,
            "reinvestment_rate": null,
            "research_to_sale_ratio": null,
            "price_fair": 0,
            "eps_avg_yearly": 0,
            "eps_latest_yearly": 0,
            "eps_growth_yearly": 0
        },
        "20082": {
            "year_quarter": 20082,
            "year": 2008,
            "quarter": 2,
            "eps": null,
            "eps_growth_year": null,
            "eps_4q": null,
            "eps_4q_growth_year": null,
            "roe": null,
            "roe_4q": 0,
            "gross_profit": null,
            "gross_margin": null,
            "gross_margin_4q_avg": 0,
            "net_income": null,
            "net_income_4q": null,
            "revenue": null,
            "revenue_4q": null,
            "common_shares": null,
            "book_valuer_per_share": null,
            "book_valuer_per_share_4q_avg": 0,
            "equity": null,
            "current_ratio": null,
            "debt_ratio": null,
            "inventory_turnover_ratio": null,
            "account_receivable_turnover_ratio": null,
            "reinvestment_rate": null,
            "research_to_sale_ratio": null,
            "price_fair": 0,
            "eps_avg_yearly": 0,
            "eps_latest_yearly": 0,
            "eps_growth_yearly": 0
        },
        "20083": {
            "year_quarter": 20083,
            "year": 2008,
            "quarter": 3,
            "eps": null,
            "eps_growth_year": null,
            "eps_4q": null,
            "eps_4q_growth_year": null,
            "roe": null,
            "roe_4q": 0,
            "gross_profit": null,
            "gross_margin": null,
            "gross_margin_4q_avg": 0,
            "net_income": null,
            "net_income_4q": null,
            "revenue": null,
            "revenue_4q": null,
            "common_shares": null,
            "book_valuer_per_share": null,
            "book_valuer_per_share_4q_avg": 0,
            "equity": null,
            "current_ratio": null,
            "debt_ratio": null,
            "inventory_turnover_ratio": null,
            "account_receivable_turnover_ratio": null,
            "reinvestment_rate": null,
            "research_to_sale_ratio": null,
            "price_fair": 0,
            "eps_avg_yearly": 0,
            "eps_latest_yearly": 0,
            "eps_growth_yearly": 0
        },
        "20084": {
            "year_quarter": 20084,
            "year": 2008,
            "quarter": 4,
            "eps": null,
            "eps_growth_year": null,
            "eps_4q": null,
            "eps_4q_growth_year": null,
            "roe": null,
            "roe_4q": 0,
            "gross_profit": null,
            "gross_margin": null,
            "gross_margin_4q_avg": 0,
            "net_income": null,
            "net_income_4q": null,
            "revenue": null,
            "revenue_4q": null,
            "common_shares": 0,
            "book_valuer_per_share": null,
            "book_valuer_per_share_4q_avg": 0,
            "equity": 4093908,
            "current_ratio": 178.81,
            "debt_ratio": 90.86,
            "inventory_turnover_ratio": null,
            "account_receivable_turnover_ratio": null,
            "reinvestment_rate": null,
            "research_to_sale_ratio": null,
            "price_fair": 0,
            "eps_avg_yearly": 0,
            "eps_latest_yearly": 0,
            "eps_growth_yearly": 0
        },
        "20091": {
            "year_quarter": 20091,
            "year": 2009,
            "quarter": 1,
            "eps": null,
            "eps_growth_year": null,
            "eps_4q": null,
            "eps_4q_growth_year": null,
            "roe": null,
            "roe_4q": 0,
            "gross_profit": null,
            "gross_margin": null,
            "gross_margin_4q_avg": 0,
            "net_income": null,
            "net_income_4q": null,
            "revenue": null,
            "revenue_4q": null,
            "common_shares": null,
            "book_valuer_per_share": null,
            "book_valuer_per_share_4q_avg": 0,
            "equity": null,
            "current_ratio": null,
            "debt_ratio": null,
            "inventory_turnover_ratio": null,
            "account_receivable_turnover_ratio": null,
            "reinvestment_rate": null,
            "research_to_sale_ratio": null,
            "price_fair": 0,
            "eps_avg_yearly": 0,
            "eps_latest_yearly": 0,
            "eps_growth_yearly": 0
        },
        "20092": {
            "year_quarter": 20092,
            "year": 2009,
            "quarter": 2,
            "eps": null,
            "eps_growth_year": null,
            "eps_4q": null,
            "eps_4q_growth_year": null,
            "roe": null,
            "roe_4q": 0,
            "gross_profit": null,
            "gross_margin": null,
            "gross_margin_4q_avg": 0,
            "net_income": null,
            "net_income_4q": null,
            "revenue": null,
            "revenue_4q": null,
            "common_shares": null,
            "book_valuer_per_share": null,
            "book_valuer_per_share_4q_avg": 0,
            "equity": null,
            "current_ratio": null,
            "debt_ratio": null,
            "inventory_turnover_ratio": null,
            "account_receivable_turnover_ratio": null,
            "reinvestment_rate": null,
            "research_to_sale_ratio": null,
            "price_fair": 0,
            "eps_avg_yearly": 0,
            "eps_latest_yearly": 0,
            "eps_growth_yearly": 0
        },
        "20093": {
            "year_quarter": 20093,
            "year": 2009,
            "quarter": 3,
            "eps": null,
            "eps_growth_year": null,
            "eps_4q": null,
            "eps_4q_growth_year": null,
            "roe": null,
            "roe_4q": 0,
            "gross_profit": null,
            "gross_margin": null,
            "gross_margin_4q_avg": 0,
            "net_income": null,
            "net_income_4q": null,
            "revenue": null,
            "revenue_4q": null,
            "common_shares": null,
            "book_valuer_per_share": null,
            "book_valuer_per_share_4q_avg": 0,
            "equity": null,
            "current_ratio": null,
            "debt_ratio": null,
            "inventory_turnover_ratio": null,
            "account_receivable_turnover_ratio": null,
            "reinvestment_rate": null,
            "research_to_sale_ratio": null,
            "price_fair": 0,
            "eps_avg_yearly": 0,
            "eps_latest_yearly": 0,
            "eps_growth_yearly": 0
        },
        "20094": {
            "year_quarter": 20094,
            "year": 2009,
            "quarter": 4,
            "eps": null,
            "eps_growth_year": null,
            "eps_4q": null,
            "eps_4q_growth_year": null,
            "roe": null,
            "roe_4q": 0,
            "gross_profit": null,
            "gross_margin": null,
            "gross_margin_4q_avg": 0,
            "net_income": null,
            "net_income_4q": null,
            "revenue": null,
            "revenue_4q": null,
            "common_shares": 0,
            "book_valuer_per_share": null,
            "book_valuer_per_share_4q_avg": 0,
            "equity": 17631354,
            "current_ratio": 399.44,
            "debt_ratio": 64.88,
            "inventory_turnover_ratio": null,
            "account_receivable_turnover_ratio": null,
            "reinvestment_rate": null,
            "research_to_sale_ratio": null,
            "price_fair": 0,
            "eps_avg_yearly": 0,
            "eps_latest_yearly": 0,
            "eps_growth_yearly": 0
        },
        "20101": {
            "year_quarter": 20101,
            "year": 2010,
            "quarter": 1,
            "eps": null,
            "eps_growth_year": null,
            "eps_4q": null,
            "eps_4q_growth_year": null,
            "roe": null,
            "roe_4q": 0,
            "gross_profit": null,
            "gross_margin": null,
            "gross_margin_4q_avg": 0,
            "net_income": null,
            "net_income_4q": null,
            "revenue": null,
            "revenue_4q": null,
            "common_shares": null,
            "book_valuer_per_share": null,
            "book_valuer_per_share_4q_avg": 0,
            "equity": null,
            "current_ratio": null,
            "debt_ratio": null,
            "inventory_turnover_ratio": null,
            "account_receivable_turnover_ratio": null,
            "reinvestment_rate": null,
            "research_to_sale_ratio": null,
            "price_fair": 0,
            "eps_avg_yearly": 0,
            "eps_latest_yearly": 0,
            "eps_growth_yearly": 0
        },
        "20102": {
            "year_quarter": 20102,
            "year": 2010,
            "quarter": 2,
            "eps": null,
            "eps_growth_year": null,
            "eps_4q": null,
            "eps_4q_growth_year": null,
            "roe": null,
            "roe_4q": 0,
            "gross_profit": null,
            "gross_margin": null,
            "gross_margin_4q_avg": 0,
            "net_income": null,
            "net_income_4q": null,
            "revenue": null,
            "revenue_4q": null,
            "common_shares": null,
            "book_valuer_per_share": null,
            "book_valuer_per_share_4q_avg": 0,
            "equity": null,
            "current_ratio": null,
            "debt_ratio": null,
            "inventory_turnover_ratio": null,
            "account_receivable_turnover_ratio": null,
            "reinvestment_rate": null,
            "research_to_sale_ratio": null,
            "price_fair": 0,
            "eps_avg_yearly": 0,
            "eps_latest_yearly": 0,
            "eps_growth_yearly": 0
        },
        "20103": {
            "year_quarter": 20103,
            "year": 2010,
            "quarter": 3,
            "eps": null,
            "eps_growth_year": null,
            "eps_4q": null,
            "eps_4q_growth_year": null,
            "roe": null,
            "roe_4q": 0,
            "gross_profit": null,
            "gross_margin": null,
            "gross_margin_4q_avg": 0,
            "net_income": null,
            "net_income_4q": null,
            "revenue": null,
            "revenue_4q": null,
            "common_shares": null,
            "book_valuer_per_share": null,
            "book_valuer_per_share_4q_avg": 0,
            "equity": null,
            "current_ratio": null,
            "debt_ratio": null,
            "inventory_turnover_ratio": null,
            "account_receivable_turnover_ratio": null,
            "reinvestment_rate": null,
            "research_to_sale_ratio": null,
            "price_fair": 0,
            "eps_avg_yearly": 0,
            "eps_latest_yearly": 0,
            "eps_growth_yearly": 0
        },
        "20104": {
            "year_quarter": 20104,
            "year": 2010,
            "quarter": 4,
            "eps": null,
            "eps_growth_year": null,
            "eps_4q": null,
            "eps_4q_growth_year": null,
            "roe": null,
            "roe_4q": 0,
            "gross_profit": null,
            "gross_margin": null,
            "gross_margin_4q_avg": 0,
            "net_income": null,
            "net_income_4q": null,
            "revenue": null,
            "revenue_4q": null,
            "common_shares": 16813620,
            "book_valuer_per_share": 12.06,
            "book_valuer_per_share_4q_avg": 3.02,
            "equity": 21019128,
            "current_ratio": 266.82,
            "debt_ratio": 62.49,
            "inventory_turnover_ratio": null,
            "account_receivable_turnover_ratio": null,
            "reinvestment_rate": null,
            "research_to_sale_ratio": null,
            "price_fair": 0,
            "eps_avg_yearly": 0,
            "eps_latest_yearly": 0,
            "eps_growth_yearly": 0
        },
        "20111": {
            "year_quarter": 20111,
            "year": 2011,
            "quarter": 1,
            "eps": null,
            "eps_growth_year": null,
            "eps_4q": null,
            "eps_4q_growth_year": null,
            "roe": null,
            "roe_4q": 0,
            "gross_profit": null,
            "gross_margin": null,
            "gross_margin_4q_avg": 0,
            "net_income": null,
            "net_income_4q": null,
            "revenue": null,
            "revenue_4q": null,
            "common_shares": null,
            "book_valuer_per_share": null,
            "book_valuer_per_share_4q_avg": 3.02,
            "equity": null,
            "current_ratio": null,
            "debt_ratio": null,
            "inventory_turnover_ratio": null,
            "account_receivable_turnover_ratio": null,
            "reinvestment_rate": null,
            "research_to_sale_ratio": null,
            "price_fair": 0,
            "eps_avg_yearly": 0,
            "eps_latest_yearly": 0,
            "eps_growth_yearly": 0
        },
        "20112": {
            "year_quarter": 20112,
            "year": 2011,
            "quarter": 2,
            "eps": null,
            "eps_growth_year": null,
            "eps_4q": null,
            "eps_4q_growth_year": null,
            "roe": null,
            "roe_4q": 0,
            "gross_profit": null,
            "gross_margin": null,
            "gross_margin_4q_avg": 0,
            "net_income": null,
            "net_income_4q": null,
            "revenue": null,
            "revenue_4q": null,
            "common_shares": null,
            "book_valuer_per_share": null,
            "book_valuer_per_share_4q_avg": 3.02,
            "equity": null,
            "current_ratio": null,
            "debt_ratio": null,
            "inventory_turnover_ratio": null,
            "account_receivable_turnover_ratio": null,
            "reinvestment_rate": null,
            "research_to_sale_ratio": null,
            "price_fair": 0,
            "eps_avg_yearly": 0,
            "eps_latest_yearly": 0,
            "eps_growth_yearly": 0
        },
        "20113": {
            "year_quarter": 20113,
            "year": 2011,
            "quarter": 3,
            "eps": null,
            "eps_growth_year": null,
            "eps_4q": null,
            "eps_4q_growth_year": null,
            "roe": null,
            "roe_4q": 0,
            "gross_profit": 267288,
            "gross_margin": null,
            "gross_margin_4q_avg": 0,
            "net_income": -86223,
            "net_income_4q": null,
            "revenue": 698873,
            "revenue_4q": null,
            "common_shares": null,
            "book_valuer_per_share": null,
            "book_valuer_per_share_4q_avg": 3.02,
            "equity": null,
            "current_ratio": null,
            "debt_ratio": null,
            "inventory_turnover_ratio": null,
            "account_receivable_turnover_ratio": null,
            "reinvestment_rate": null,
            "research_to_sale_ratio": null,
            "price_fair": 0,
            "eps_avg_yearly": 0,
            "eps_latest_yearly": 0,
            "eps_growth_yearly": 0
        },
        "20114": {
            "year_quarter": 20114,
            "year": 2011,
            "quarter": 4,
            "eps": null,
            "eps_growth_year": null,
            "eps_4q": null,
            "eps_4q_growth_year": null,
            "roe": null,
            "roe_4q": 0,
            "gross_profit": 672595,
            "gross_margin": null,
            "gross_margin_4q_avg": 0,
            "net_income": 5338179,
            "net_income_4q": null,
            "revenue": 1704986,
            "revenue_4q": null,
            "common_shares": 16813620,
            "book_valuer_per_share": 16.28,
            "book_valuer_per_share_4q_avg": 4.07,
            "equity": 28291846,
            "current_ratio": 264.32,
            "debt_ratio": 60.15,
            "inventory_turnover_ratio": null,
            "account_receivable_turnover_ratio": null,
            "reinvestment_rate": null,
            "research_to_sale_ratio": null,
            "price_fair": 0,
            "eps_avg_yearly": 0,
            "eps_latest_yearly": 0,
            "eps_growth_yearly": 0
        },
        "20121": {
            "year_quarter": 20121,
            "year": 2012,
            "quarter": 1,
            "eps": null,
            "eps_growth_year": null,
            "eps_4q": null,
            "eps_4q_growth_year": null,
            "roe": null,
            "roe_4q": 0,
            "gross_profit": 2105906,
            "gross_margin": null,
            "gross_margin_4q_avg": 0,
            "net_income": 841231,
            "net_income_4q": null,
            "revenue": 4533735,
            "revenue_4q": null,
            "common_shares": 16813620,
            "book_valuer_per_share": null,
            "book_valuer_per_share_4q_avg": 4.07,
            "equity": 28416388,
            "current_ratio": null,
            "debt_ratio": null,
            "inventory_turnover_ratio": null,
            "account_receivable_turnover_ratio": null,
            "reinvestment_rate": null,
            "research_to_sale_ratio": null,
            "price_fair": 0,
            "eps_avg_yearly": 0,
            "eps_latest_yearly": 0,
            "eps_growth_yearly": 0
        },
        "20122": {
            "year_quarter": 20122,
            "year": 2012,
            "quarter": 2,
            "eps": null,
            "eps_growth_year": null,
            "eps_4q": null,
            "eps_4q_growth_year": null,
            "roe": null,
            "roe_4q": 0,
            "gross_profit": 512994,
            "gross_margin": null,
            "gross_margin_4q_avg": 0,
            "net_income": 85995,
            "net_income_4q": null,
            "revenue": 1144548,
            "revenue_4q": null,
            "common_shares": 16813620,
            "book_valuer_per_share": null,
            "book_valuer_per_share_4q_avg": 4.07,
            "equity": 28568832,
            "current_ratio": null,
            "debt_ratio": null,
            "inventory_turnover_ratio": null,
            "account_receivable_turnover_ratio": null,
            "reinvestment_rate": null,
            "research_to_sale_ratio": null,
            "price_fair": 0,
            "eps_avg_yearly": 0,
            "eps_latest_yearly": 0,
            "eps_growth_yearly": 0
        },
        "20123": {
            "year_quarter": 20123,
            "year": 2012,
            "quarter": 3,
            "eps": null,
            "eps_growth_year": null,
            "eps_4q": null,
            "eps_4q_growth_year": null,
            "roe": null,
            "roe_4q": 0,
            "gross_profit": 564097,
            "gross_margin": null,
            "gross_margin_4q_avg": 0,
            "net_income": -33675,
            "net_income_4q": null,
            "revenue": 1423866,
            "revenue_4q": null,
            "common_shares": 16813620,
            "book_valuer_per_share": 16.25,
            "book_valuer_per_share_4q_avg": 8.13,
            "equity": 28266210,
            "current_ratio": 269.96,
            "debt_ratio": 61.79,
            "inventory_turnover_ratio": null,
            "account_receivable_turnover_ratio": null,
            "reinvestment_rate": null,
            "research_to_sale_ratio": null,
            "price_fair": 0,
            "eps_avg_yearly": 0,
            "eps_latest_yearly": 0,
            "eps_growth_yearly": 0
        },
        "20124": {
            "year_quarter": 20124,
            "year": 2012,
            "quarter": 4,
            "eps": 0.37,
            "eps_growth_year": null,
            "eps_4q": 0.37,
            "eps_4q_growth_year": null,
            "roe": 2.24,
            "roe_4q": 2.24,
            "gross_profit": 1523773,
            "gross_margin": 44.46,
            "gross_margin_4q_avg": 11.12,
            "net_income": 649118,
            "net_income_4q": null,
            "revenue": 3427441,
            "revenue_4q": null,
            "common_shares": 17213620,
            "book_valuer_per_share": 16.74,
            "book_valuer_per_share_4q_avg": 8.25,
            "equity": 29787197,
            "current_ratio": 304.33,
            "debt_ratio": 59.42,
            "inventory_turnover_ratio": 0.07,
            "account_receivable_turnover_ratio": 13.11,
            "reinvestment_rate": null,
            "research_to_sale_ratio": null,
            "price_fair": 0,
            "eps_avg_yearly": 0,
            "eps_latest_yearly": 0,
            "eps_growth_yearly": 0
        },
        "20131": {
            "year_quarter": 20131,
            "year": 2013,
            "quarter": 1,
            "eps": 0.05,
            "eps_growth_year": null,
            "eps_4q": 0.41,
            "eps_4q_growth_year": null,
            "roe": 0.31,
            "roe_4q": 2.5500000000000003,
            "gross_profit": 640283,
            "gross_margin": 41.02,
            "gross_margin_4q_avg": 21.37,
            "net_income": 94807,
            "net_income_4q": null,
            "revenue": 1560867,
            "revenue_4q": null,
            "common_shares": 17213620,
            "book_valuer_per_share": 17.18,
            "book_valuer_per_share_4q_avg": 12.54,
            "equity": 30472672,
            "current_ratio": 454.22,
            "debt_ratio": 59.61,
            "inventory_turnover_ratio": 0.03,
            "account_receivable_turnover_ratio": 5.66,
            "reinvestment_rate": null,
            "research_to_sale_ratio": null,
            "price_fair": 0.6,
            "eps_avg_yearly": 0.2,
            "eps_latest_yearly": 0.2,
            "eps_growth_yearly": -345.95
        },
        "20132": {
            "year_quarter": 20132,
            "year": 2013,
            "quarter": 2,
            "eps": 0.1,
            "eps_growth_year": null,
            "eps_4q": 0.5,
            "eps_4q_growth_year": null,
            "roe": 0.6,
            "roe_4q": 3.1500000000000004,
            "gross_profit": 666009,
            "gross_margin": 39.09,
            "gross_margin_4q_avg": 31.14,
            "net_income": 186047,
            "net_income_4q": null,
            "revenue": 1703580,
            "revenue_4q": null,
            "common_shares": 17213620,
            "book_valuer_per_share": 17.49,
            "book_valuer_per_share_4q_avg": 16.92,
            "equity": 31054150,
            "current_ratio": 381.7,
            "debt_ratio": 60,
            "inventory_turnover_ratio": 0.03,
            "account_receivable_turnover_ratio": 6.12,
            "reinvestment_rate": null,
            "research_to_sale_ratio": null,
            "price_fair": 10.5,
            "eps_avg_yearly": 0.3,
            "eps_latest_yearly": 0.4,
            "eps_growth_yearly": 27.03
        },
        "20133": {
            "year_quarter": 20133,
            "year": 2013,
            "quarter": 3,
            "eps": 0.19,
            "eps_growth_year": null,
            "eps_4q": 0.69,
            "eps_4q_growth_year": null,
            "roe": 1.11,
            "roe_4q": 4.26,
            "gross_profit": 1010355,
            "gross_margin": 31.68,
            "gross_margin_4q_avg": 39.06,
            "net_income": 344072,
            "net_income_4q": null,
            "revenue": 3188920,
            "revenue_4q": null,
            "common_shares": 17213620,
            "book_valuer_per_share": 17.48,
            "book_valuer_per_share_4q_avg": 17.22,
            "equity": 31049442,
            "current_ratio": 408.72,
            "debt_ratio": 58.82,
            "inventory_turnover_ratio": 0.07,
            "account_receivable_turnover_ratio": 11.25,
            "reinvestment_rate": null,
            "research_to_sale_ratio": null,
            "price_fair": 15.87,
            "eps_avg_yearly": 0.45,
            "eps_latest_yearly": 0.76,
            "eps_growth_yearly": 138.02
        },
        "20134": {
            "year_quarter": 20134,
            "year": 2013,
            "quarter": 4,
            "eps": 0.42,
            "eps_growth_year": 14.94,
            "eps_4q": 0.75,
            "eps_4q_growth_year": 105.1,
            "roe": 2.38,
            "roe_4q": 4.3999999999999995,
            "gross_profit": 1731467,
            "gross_margin": 40.14,
            "gross_margin_4q_avg": 37.98,
            "net_income": 755582,
            "net_income_4q": null,
            "revenue": 4313683,
            "revenue_4q": null,
            "common_shares": 17402970,
            "book_valuer_per_share": 18.11,
            "book_valuer_per_share_4q_avg": 17.57,
            "equity": 32528203,
            "current_ratio": 472.34,
            "debt_ratio": 56.07,
            "inventory_turnover_ratio": 0.08,
            "account_receivable_turnover_ratio": 16.32,
            "reinvestment_rate": null,
            "research_to_sale_ratio": null,
            "price_fair": 26.6,
            "eps_avg_yearly": 0.76,
            "eps_latest_yearly": 1.68,
            "eps_growth_yearly": 224.57
        },
        "20141": {
            "year_quarter": 20141,
            "year": 2014,
            "quarter": 1,
            "eps": 0.14,
            "eps_growth_year": 180,
            "eps_4q": 0.85,
            "eps_4q_growth_year": 106.44,
            "roe": 0.65,
            "roe_4q": 4.739999999999999,
            "gross_profit": 776029,
            "gross_margin": 56.42,
            "gross_margin_4q_avg": 41.83,
            "net_income": 273115,
            "net_income_4q": null,
            "revenue": 1375389,
            "revenue_4q": null,
            "common_shares": 17402970,
            "book_valuer_per_share": 28.25,
            "book_valuer_per_share_4q_avg": 20.33,
            "equity": 52136967,
            "current_ratio": 360.15,
            "debt_ratio": 51.37,
            "inventory_turnover_ratio": 0.02,
            "account_receivable_turnover_ratio": 5.41,
            "reinvestment_rate": null,
            "research_to_sale_ratio": null,
            "price_fair": 25.2,
            "eps_avg_yearly": 0.72,
            "eps_latest_yearly": 0.56,
            "eps_growth_yearly": 126.32
        },
        "20142": {
            "year_quarter": 20142,
            "year": 2014,
            "quarter": 2,
            "eps": 0.12,
            "eps_growth_year": 20,
            "eps_4q": 0.88,
            "eps_4q_growth_year": 74.23,
            "roe": 0.46,
            "roe_4q": 4.6000000000000005,
            "gross_profit": 830904,
            "gross_margin": 55.52,
            "gross_margin_4q_avg": 45.94,
            "net_income": 235186,
            "net_income_4q": null,
            "revenue": 1496474,
            "revenue_4q": null,
            "common_shares": 17402970,
            "book_valuer_per_share": 27.67,
            "book_valuer_per_share_4q_avg": 22.88,
            "equity": 51081991,
            "current_ratio": 329.79,
            "debt_ratio": 51.68,
            "inventory_turnover_ratio": 0.02,
            "account_receivable_turnover_ratio": 6.22,
            "reinvestment_rate": null,
            "research_to_sale_ratio": null,
            "price_fair": 23.8,
            "eps_avg_yearly": 0.68,
            "eps_latest_yearly": 0.48,
            "eps_growth_yearly": 95.74
        },
        "20143": {
            "year_quarter": 20143,
            "year": 2014,
            "quarter": 3,
            "eps": 0.86,
            "eps_growth_year": 352.63,
            "eps_4q": 1.54,
            "eps_4q_growth_year": 122.8,
            "roe": 2.89,
            "roe_4q": 6.38,
            "gross_profit": 822166,
            "gross_margin": 55.84,
            "gross_margin_4q_avg": 51.98,
            "net_income": 1512047,
            "net_income_4q": null,
            "revenue": 1472336,
            "revenue_4q": null,
            "common_shares": 17402970,
            "book_valuer_per_share": 29.24,
            "book_valuer_per_share_4q_avg": 25.82,
            "equity": 53444307,
            "current_ratio": 333.07,
            "debt_ratio": 51.84,
            "inventory_turnover_ratio": 0.02,
            "account_receivable_turnover_ratio": 5.98,
            "reinvestment_rate": null,
            "research_to_sale_ratio": null,
            "price_fair": 37.6,
            "eps_avg_yearly": 1.07,
            "eps_latest_yearly": 3.44,
            "eps_growth_yearly": 434.45
        },
        "20144": {
            "year_quarter": 20144,
            "year": 2014,
            "quarter": 4,
            "eps": 0.54,
            "eps_growth_year": 29.24,
            "eps_4q": 1.67,
            "eps_4q_growth_year": 121.77,
            "roe": 2,
            "roe_4q": 6.000000000000001,
            "gross_profit": 1547152,
            "gross_margin": 46.28,
            "gross_margin_4q_avg": 53.52,
            "net_income": 1100894,
            "net_income_4q": null,
            "revenue": 3343143,
            "revenue_4q": null,
            "common_shares": 17402970,
            "book_valuer_per_share": 30.78,
            "book_valuer_per_share_4q_avg": 28.99,
            "equity": 56371607,
            "current_ratio": 312.44,
            "debt_ratio": 52.83,
            "inventory_turnover_ratio": 0.05,
            "account_receivable_turnover_ratio": 10.92,
            "reinvestment_rate": null,
            "research_to_sale_ratio": null,
            "price_fair": 42.35,
            "eps_avg_yearly": 1.21,
            "eps_latest_yearly": 2.16,
            "eps_growth_yearly": 361.54
        },
        "20151": {
            "year_quarter": 20151,
            "year": 2015,
            "quarter": 1,
            "eps": 0.33,
            "eps_growth_year": 135.71,
            "eps_4q": 1.85,
            "eps_4q_growth_year": 117.79,
            "roe": 1.05,
            "roe_4q": 6.3999999999999995,
            "gross_profit": 1453597,
            "gross_margin": 43.17,
            "gross_margin_4q_avg": 50.2,
            "net_income": 592312,
            "net_income_4q": null,
            "revenue": 3367135,
            "revenue_4q": null,
            "common_shares": 17402970,
            "book_valuer_per_share": 30.79,
            "book_valuer_per_share_4q_avg": 29.62,
            "equity": 56370700,
            "current_ratio": 353.86,
            "debt_ratio": 52.25,
            "inventory_turnover_ratio": 0.05,
            "account_receivable_turnover_ratio": 9.81,
            "reinvestment_rate": null,
            "research_to_sale_ratio": null,
            "price_fair": 42.78,
            "eps_avg_yearly": 1.22,
            "eps_latest_yearly": 1.32,
            "eps_growth_yearly": 304.08
        },
        "20152": {
            "year_quarter": 20152,
            "year": 2015,
            "quarter": 2,
            "eps": 0.46,
            "eps_growth_year": 283.33,
            "eps_4q": 2.19,
            "eps_4q_growth_year": 149.63,
            "roe": 1.55,
            "roe_4q": 7.49,
            "gross_profit": 1015791,
            "gross_margin": 49.1,
            "gross_margin_4q_avg": 48.6,
            "net_income": 872333,
            "net_income_4q": null,
            "revenue": 2068777,
            "revenue_4q": null,
            "common_shares": 17402970,
            "book_valuer_per_share": 30.63,
            "book_valuer_per_share_4q_avg": 30.36,
            "equity": 56130126,
            "current_ratio": 331.44,
            "debt_ratio": 53.5,
            "inventory_turnover_ratio": 0.03,
            "account_receivable_turnover_ratio": 5.83,
            "reinvestment_rate": 7.73,
            "research_to_sale_ratio": null,
            "price_fair": 44.94,
            "eps_avg_yearly": 1.28,
            "eps_latest_yearly": 1.84,
            "eps_growth_yearly": 289.43
        },
        "20153": {
            "year_quarter": 20153,
            "year": 2015,
            "quarter": 3,
            "eps": 0.45,
            "eps_growth_year": -47.67,
            "eps_4q": 1.77,
            "eps_4q_growth_year": 15,
            "roe": 1.39,
            "roe_4q": 5.99,
            "gross_profit": 1992810,
            "gross_margin": 42.64,
            "gross_margin_4q_avg": 45.3,
            "net_income": 799213,
            "net_income_4q": null,
            "revenue": 4673563,
            "revenue_4q": null,
            "common_shares": 17402970,
            "book_valuer_per_share": 31.97,
            "book_valuer_per_share_4q_avg": 31.04,
            "equity": 58608048,
            "current_ratio": 339.31,
            "debt_ratio": 53.55,
            "inventory_turnover_ratio": 0.07,
            "account_receivable_turnover_ratio": 11.85,
            "reinvestment_rate": 7.55,
            "research_to_sale_ratio": null,
            "price_fair": 46.58,
            "eps_avg_yearly": 1.33,
            "eps_latest_yearly": 1.8,
            "eps_growth_yearly": 262.33
        },
        "20154": {
            "year_quarter": 20154,
            "year": 2015,
            "quarter": 4,
            "eps": 0.77,
            "eps_growth_year": 40.79,
            "eps_4q": 2,
            "eps_4q_growth_year": 19.83,
            "roe": 2.45,
            "roe_4q": 6.4399999999999995,
            "gross_profit": 1428583,
            "gross_margin": 53.39,
            "gross_margin_4q_avg": 47.08,
            "net_income": 1426263,
            "net_income_4q": null,
            "revenue": 2675728,
            "revenue_4q": null,
            "common_shares": 17402970,
            "book_valuer_per_share": 31.42,
            "book_valuer_per_share_4q_avg": 31.2,
            "equity": 57637056,
            "current_ratio": 317.89,
            "debt_ratio": 53.35,
            "inventory_turnover_ratio": 0.03,
            "account_receivable_turnover_ratio": 7.75,
            "reinvestment_rate": 6.42,
            "research_to_sale_ratio": null,
            "price_fair": 51.68,
            "eps_avg_yearly": 1.48,
            "eps_latest_yearly": 3.08,
            "eps_growth_yearly": 264.17
        },
        "20161": {
            "year_quarter": 20161,
            "year": 2016,
            "quarter": 1,
            "eps": 0.2,
            "eps_growth_year": -39.39,
            "eps_4q": 1.87,
            "eps_4q_growth_year": 1.09,
            "roe": 0.65,
            "roe_4q": 6.04,
            "gross_profit": 1226575,
            "gross_margin": 57.76,
            "gross_margin_4q_avg": 50.72,
            "net_income": 377655,
            "net_income_4q": null,
            "revenue": 2123457,
            "revenue_4q": null,
            "common_shares": 17402970,
            "book_valuer_per_share": 31.52,
            "book_valuer_per_share_4q_avg": 31.39,
            "equity": 57830526,
            "current_ratio": 479.43,
            "debt_ratio": 52.42,
            "inventory_turnover_ratio": 0.02,
            "account_receivable_turnover_ratio": 8.39,
            "reinvestment_rate": 4.73,
            "research_to_sale_ratio": null,
            "price_fair": 49.86,
            "eps_avg_yearly": 1.42,
            "eps_latest_yearly": 0.8,
            "eps_growth_yearly": 221.07
        },
        "20162": {
            "year_quarter": 20162,
            "year": 2016,
            "quarter": 2,
            "eps": 0.56,
            "eps_growth_year": 21.74,
            "eps_4q": 1.97,
            "eps_4q_growth_year": -9.68,
            "roe": 1.73,
            "roe_4q": 6.22,
            "gross_profit": 939981,
            "gross_margin": 62.8,
            "gross_margin_4q_avg": 54.15,
            "net_income": 987424,
            "net_income_4q": null,
            "revenue": 1496862,
            "revenue_4q": null,
            "common_shares": 17402970,
            "book_valuer_per_share": 30.64,
            "book_valuer_per_share_4q_avg": 31.39,
            "equity": 56225710,
            "current_ratio": 465.24,
            "debt_ratio": 53.03,
            "inventory_turnover_ratio": 0.01,
            "account_receivable_turnover_ratio": 6.44,
            "reinvestment_rate": 2.86,
            "research_to_sale_ratio": null,
            "price_fair": 51.9,
            "eps_avg_yearly": 1.48,
            "eps_latest_yearly": 2.24,
            "eps_growth_yearly": 256.71
        },
        "20163": {
            "year_quarter": 20163,
            "year": 2016,
            "quarter": 3,
            "eps": 0.14,
            "eps_growth_year": -68.89,
            "eps_4q": 1.67,
            "eps_4q_growth_year": -5.78,
            "roe": 0.49,
            "roe_4q": 5.32,
            "gross_profit": 817729,
            "gross_margin": 64.36,
            "gross_margin_4q_avg": 59.58,
            "net_income": 271659,
            "net_income_4q": null,
            "revenue": 1270595,
            "revenue_4q": null,
            "common_shares": 17402970,
            "book_valuer_per_share": 29.75,
            "book_valuer_per_share_4q_avg": 30.83,
            "equity": 54615221,
            "current_ratio": 507.29,
            "debt_ratio": 53.27,
            "inventory_turnover_ratio": 0.01,
            "account_receivable_turnover_ratio": 5.76,
            "reinvestment_rate": 1.74,
            "research_to_sale_ratio": null,
            "price_fair": 49.75,
            "eps_avg_yearly": 1.42,
            "eps_latest_yearly": 0.56,
            "eps_growth_yearly": 219.6
        },
        "20164": {
            "year_quarter": 20164,
            "year": 2016,
            "quarter": 4,
            "eps": 0.47,
            "eps_growth_year": -38.09,
            "eps_4q": 1.38,
            "eps_4q_growth_year": -30.88,
            "roe": 1.48,
            "roe_4q": 4.3500000000000005,
            "gross_profit": 1211974,
            "gross_margin": 47.31,
            "gross_margin_4q_avg": 58.06,
            "net_income": 803044,
            "net_income_4q": null,
            "revenue": 2561776,
            "revenue_4q": null,
            "common_shares": 17402970,
            "book_valuer_per_share": 29.33,
            "book_valuer_per_share_4q_avg": 30.31,
            "equity": 53819602,
            "current_ratio": 623.21,
            "debt_ratio": 52.69,
            "inventory_turnover_ratio": 0.04,
            "account_receivable_turnover_ratio": 10.79,
            "reinvestment_rate": -0.05,
            "research_to_sale_ratio": null,
            "price_fair": 50.75,
            "eps_avg_yearly": 1.45,
            "eps_latest_yearly": 1.88,
            "eps_growth_yearly": 264.8
        },
        "20171": {
            "year_quarter": 20171,
            "year": 2017,
            "quarter": 1,
            "eps": 0.13,
            "eps_growth_year": -35,
            "eps_4q": 1.3,
            "eps_4q_growth_year": -30.31,
            "roe": 0.46,
            "roe_4q": 4.16,
            "gross_profit": 867007,
            "gross_margin": 65.54,
            "gross_margin_4q_avg": 60,
            "net_income": 241331,
            "net_income_4q": null,
            "revenue": 1322784,
            "revenue_4q": null,
            "common_shares": 17402970,
            "book_valuer_per_share": 28.18,
            "book_valuer_per_share_4q_avg": 29.48,
            "equity": 51703961,
            "current_ratio": 494.5,
            "debt_ratio": 52.34,
            "inventory_turnover_ratio": 0.01,
            "account_receivable_turnover_ratio": 4.98,
            "reinvestment_rate": -0.03,
            "research_to_sale_ratio": null,
            "price_fair": 51.45,
            "eps_avg_yearly": 1.47,
            "eps_latest_yearly": 0.52,
            "eps_growth_yearly": 268.34
        },
        "20172": {
            "year_quarter": 20172,
            "year": 2017,
            "quarter": 2,
            "eps": -0.12,
            "eps_growth_year": -121.43,
            "eps_4q": 0.62,
            "eps_4q_growth_year": -68.43,
            "roe": -0.37,
            "roe_4q": 2.06,
            "gross_profit": 759282,
            "gross_margin": 67.48,
            "gross_margin_4q_avg": 61.17,
            "net_income": -192281,
            "net_income_4q": null,
            "revenue": 1125216,
            "revenue_4q": null,
            "common_shares": 17402970,
            "book_valuer_per_share": 28.41,
            "book_valuer_per_share_4q_avg": 28.92,
            "equity": 52177937,
            "current_ratio": 427.51,
            "debt_ratio": 53.08,
            "inventory_turnover_ratio": 0.01,
            "account_receivable_turnover_ratio": 4.06,
            "reinvestment_rate": 3.44,
            "research_to_sale_ratio": null,
            "price_fair": 53.95,
            "eps_avg_yearly": 1.54,
            "eps_latest_yearly": 0.52,
            "eps_growth_yearly": 259.56
        },
        "20173": {
            "year_quarter": 20173,
            "year": 2017,
            "quarter": 3,
            "eps": 0.06,
            "eps_growth_year": -57.14,
            "eps_4q": 0.55,
            "eps_4q_growth_year": -67.38,
            "roe": 0.27,
            "roe_4q": 1.84,
            "gross_profit": 863545,
            "gross_margin": 65.2,
            "gross_margin_4q_avg": 61.38,
            "net_income": 144291,
            "net_income_4q": null,
            "revenue": 1324412,
            "revenue_4q": null,
            "common_shares": 17402970,
            "book_valuer_per_share": 29.13,
            "book_valuer_per_share_4q_avg": 28.76,
            "equity": 53499240,
            "current_ratio": 466.71,
            "debt_ratio": 53.14,
            "inventory_turnover_ratio": 0.01,
            "account_receivable_turnover_ratio": 4.36,
            "reinvestment_rate": 3.85,
            "research_to_sale_ratio": null,
            "price_fair": 55.9,
            "eps_avg_yearly": 1.6,
            "eps_latest_yearly": 0.52,
            "eps_growth_yearly": 252.39
        },
        "20174": {
            "year_quarter": 20174,
            "year": 2017,
            "quarter": 4,
            "eps": 0.01,
            "eps_growth_year": -97.08,
            "eps_4q": 0.08,
            "eps_4q_growth_year": -93.85,
            "roe": -0.01,
            "roe_4q": 0.35000000000000003,
            "gross_profit": 710708,
            "gross_margin": 56.71,
            "gross_margin_4q_avg": 63.73,
            "net_income": -3277,
            "net_income_4q": null,
            "revenue": 1253137,
            "revenue_4q": null,
            "common_shares": 17402970,
            "book_valuer_per_share": 29.43,
            "book_valuer_per_share_4q_avg": 28.79,
            "equity": 54011045,
            "current_ratio": 351.16,
            "debt_ratio": 53.48,
            "inventory_turnover_ratio": 0.01,
            "account_receivable_turnover_ratio": 3.94,
            "reinvestment_rate": 2.6,
            "research_to_sale_ratio": null,
            "price_fair": 51.8,
            "eps_avg_yearly": 1.48,
            "eps_latest_yearly": 0.04,
            "eps_growth_yearly": 193.99
        },
        "20181": {
            "year_quarter": 20181,
            "year": 2018,
            "quarter": 1,
            "eps": -0.02,
            "eps_growth_year": -115.38,
            "eps_4q": -0.06,
            "eps_4q_growth_year": -104.79,
            "roe": -0.02,
            "roe_4q": -0.12999999999999998,
            "gross_profit": 827931,
            "gross_margin": 68.09,
            "gross_margin_4q_avg": 64.37,
            "net_income": -13218,
            "net_income_4q": null,
            "revenue": 1215871,
            "revenue_4q": null,
            "common_shares": 17402970,
            "book_valuer_per_share": 30.42,
            "book_valuer_per_share_4q_avg": 29.35,
            "equity": 55805402,
            "current_ratio": 458.2,
            "debt_ratio": 53.9,
            "inventory_turnover_ratio": 0.01,
            "account_receivable_turnover_ratio": 3.87,
            "reinvestment_rate": 0.99,
            "research_to_sale_ratio": null,
            "price_fair": 54.28,
            "eps_avg_yearly": 1.55,
            "eps_latest_yearly": 0.04,
            "eps_growth_yearly": 229.42
        },
        "20182": {
            "year_quarter": 20182,
            "year": 2018,
            "quarter": 2,
            "eps": 0.28,
            "eps_growth_year": null,
            "eps_4q": 0.34,
            "eps_4q_growth_year": -45.66,
            "roe": 0.83,
            "roe_4q": 1.0699999999999998,
            "gross_profit": 855600,
            "gross_margin": 69.73,
            "gross_margin_4q_avg": 64.93,
            "net_income": 457119,
            "net_income_4q": null,
            "revenue": 1227084,
            "revenue_4q": null,
            "common_shares": 17402970,
            "book_valuer_per_share": 29.33,
            "book_valuer_per_share_4q_avg": 29.58,
            "equity": 53848966,
            "current_ratio": 396.43,
            "debt_ratio": 55.51,
            "inventory_turnover_ratio": 0.01,
            "account_receivable_turnover_ratio": 3.68,
            "reinvestment_rate": 1.5,
            "research_to_sale_ratio": null,
            "price_fair": 57.4,
            "eps_avg_yearly": 1.64,
            "eps_latest_yearly": 0.04,
            "eps_growth_yearly": 253.3
        },
        "20183": {
            "year_quarter": 20183,
            "year": 2018,
            "quarter": 3,
            "eps": 0.08,
            "eps_growth_year": 33.33,
            "eps_4q": 0.36,
            "eps_4q_growth_year": -34.58,
            "roe": 0.31,
            "roe_4q": 1.1099999999999999,
            "gross_profit": 747814,
            "gross_margin": 65.59,
            "gross_margin_4q_avg": 65.03,
            "net_income": 163482,
            "net_income_4q": null,
            "revenue": 1140162,
            "revenue_4q": null,
            "common_shares": 17402970,
            "book_valuer_per_share": 27.91,
            "book_valuer_per_share_4q_avg": 29.27,
            "equity": 51058805,
            "current_ratio": 411.15,
            "debt_ratio": 57.2,
            "inventory_turnover_ratio": 0.01,
            "account_receivable_turnover_ratio": 3.44,
            "reinvestment_rate": 3.36,
            "research_to_sale_ratio": null,
            "price_fair": 46.84,
            "eps_avg_yearly": 1.38,
            "eps_latest_yearly": 0.32,
            "eps_growth_yearly": 23.94
        },
        "20184": {
            "year_quarter": 20184,
            "year": 2018,
            "quarter": 4,
            "eps": 0.59,
            "eps_growth_year": 4190.28,
            "eps_4q": 0.94,
            "eps_4q_growth_year": 1004.1,
            "roe": 1.98,
            "roe_4q": 3.1,
            "gross_profit": 1567326,
            "gross_margin": 46.85,
            "gross_margin_4q_avg": 62.57,
            "net_income": 1025776,
            "net_income_4q": null,
            "revenue": 3345605,
            "revenue_4q": null,
            "common_shares": 17402970,
            "book_valuer_per_share": 28.74,
            "book_valuer_per_share_4q_avg": 29.1,
            "equity": 52523680,
            "current_ratio": 381.99,
            "debt_ratio": 55.87,
            "inventory_turnover_ratio": 0.04,
            "account_receivable_turnover_ratio": 11.5,
            "reinvestment_rate": 1.88,
            "research_to_sale_ratio": null,
            "price_fair": 48.88,
            "eps_avg_yearly": 1.4,
            "eps_latest_yearly": 2.36,
            "eps_growth_yearly": 248.84
        },
        "20191": {
            "year_quarter": 20191,
            "year": 2019,
            "quarter": 1,
            "eps": 4.74,
            "eps_growth_year": null,
            "eps_4q": 5.7,
            "eps_4q_growth_year": null,
            "roe": 14.67,
            "roe_4q": 17.789999999999996,
            "gross_profit": 749576,
            "gross_margin": 64.63,
            "gross_margin_4q_avg": 61.7,
            "net_income": 8258952,
            "net_income_4q": null,
            "revenue": 1159812,
            "revenue_4q": null,
            "common_shares": 17402970,
            "book_valuer_per_share": 34.45,
            "book_valuer_per_share_4q_avg": 30.11,
            "equity": 60041403,
            "current_ratio": 446.12,
            "debt_ratio": 49.77,
            "inventory_turnover_ratio": 0.01,
            "account_receivable_turnover_ratio": 4.02,
            "reinvestment_rate": -0.55,
            "research_to_sale_ratio": null,
            "price_fair": 100.33,
            "eps_avg_yearly": 2.87,
            "eps_latest_yearly": 18.96,
            "eps_growth_yearly": 496.27
        },
        "20192": {
            "year_quarter": 20192,
            "year": 2019,
            "quarter": 2,
            "eps": 0.25,
            "eps_growth_year": -10.71,
            "eps_4q": 5.67,
            "eps_4q_growth_year": 1575.14,
            "roe": 0.75,
            "roe_4q": 17.709999999999997,
            "gross_profit": 847619,
            "gross_margin": 39.06,
            "gross_margin_4q_avg": 54.03,
            "net_income": 441265,
            "net_income_4q": null,
            "revenue": 2169897,
            "revenue_4q": null,
            "common_shares": 17402970,
            "book_valuer_per_share": 33.4,
            "book_valuer_per_share_4q_avg": 31.13,
            "equity": 58209558,
            "current_ratio": 627.13,
            "debt_ratio": 49.86,
            "inventory_turnover_ratio": 0.03,
            "account_receivable_turnover_ratio": 7.19,
            "reinvestment_rate": -0.44,
            "research_to_sale_ratio": null,
            "price_fair": 97.88,
            "eps_avg_yearly": 2.8,
            "eps_latest_yearly": 1,
            "eps_growth_yearly": 451.56
        },
        "20193": {
            "year_quarter": 20193,
            "year": 2019,
            "quarter": 3,
            "eps": 0.2,
            "eps_growth_year": 150,
            "eps_4q": 5.8,
            "eps_4q_growth_year": 1525.16,
            "roe": 0.62,
            "roe_4q": 18.02,
            "gross_profit": 579409,
            "gross_margin": 56.98,
            "gross_margin_4q_avg": 51.88,
            "net_income": 356269,
            "net_income_4q": null,
            "revenue": 1016796,
            "revenue_4q": null,
            "common_shares": 17402970,
            "book_valuer_per_share": 32.05,
            "book_valuer_per_share_4q_avg": 32.16,
            "equity": 55861183,
            "current_ratio": 581.28,
            "debt_ratio": 53.34,
            "inventory_turnover_ratio": 0.01,
            "account_receivable_turnover_ratio": 3.44,
            "reinvestment_rate": -1.07,
            "research_to_sale_ratio": null,
            "price_fair": 94.97,
            "eps_avg_yearly": 2.71,
            "eps_latest_yearly": 0.8,
            "eps_growth_yearly": 445.62
        },
        "20194": {
            "year_quarter": 20194,
            "year": 2019,
            "quarter": 4,
            "eps": -0.48,
            "eps_growth_year": -181.44,
            "eps_4q": 4.72,
            "eps_4q_growth_year": 403.22,
            "roe": -1.52,
            "roe_4q": 14.52,
            "gross_profit": 675136,
            "gross_margin": 48.55,
            "gross_margin_4q_avg": 52.31,
            "net_income": -842845,
            "net_income_4q": null,
            "revenue": 1390701,
            "revenue_4q": null,
            "common_shares": 17402970,
            "book_valuer_per_share": 31.45,
            "book_valuer_per_share_4q_avg": 32.84,
            "equity": 54808574,
            "current_ratio": 393.5,
            "debt_ratio": 55.64,
            "inventory_turnover_ratio": 0.02,
            "account_receivable_turnover_ratio": 4.77,
            "reinvestment_rate": -0.76,
            "research_to_sale_ratio": null,
            "price_fair": 93.8,
            "eps_avg_yearly": 2.68,
            "eps_latest_yearly": 0.8,
            "eps_growth_yearly": 460.27
        },
        "20201": {
            "year_quarter": 20201,
            "year": 2020,
            "quarter": 1,
            "eps": -0.24,
            "eps_growth_year": -105.06,
            "eps_4q": -0.27,
            "eps_4q_growth_year": -104.73,
            "roe": -0.8,
            "roe_4q": -0.9500000000000002,
            "gross_profit": 629562,
            "gross_margin": 54.28,
            "gross_margin_4q_avg": 49.72,
            "net_income": -423769,
            "net_income_4q": null,
            "revenue": 1159881,
            "revenue_4q": null,
            "common_shares": 17402970,
            "book_valuer_per_share": 29.63,
            "book_valuer_per_share_4q_avg": 31.63,
            "equity": 51647372,
            "current_ratio": 315.28,
            "debt_ratio": 58.67,
            "inventory_turnover_ratio": 0.01,
            "account_receivable_turnover_ratio": 3.43,
            "reinvestment_rate": -0.99,
            "research_to_sale_ratio": null,
            "price_fair": 100.38,
            "eps_avg_yearly": 2.87,
            "eps_latest_yearly": 0.8,
            "eps_growth_yearly": 535.91
        },
        "20202": {
            "year_quarter": 20202,
            "year": 2020,
            "quarter": 2,
            "eps": -0.01,
            "eps_growth_year": -104,
            "eps_4q": -0.54,
            "eps_4q_growth_year": -109.47,
            "roe": -0.05,
            "roe_4q": -1.75,
            "gross_profit": 1163613,
            "gross_margin": 33.37,
            "gross_margin_4q_avg": 48.3,
            "net_income": -24635,
            "net_income_4q": null,
            "revenue": 3487056,
            "revenue_4q": null,
            "common_shares": 17402970,
            "book_valuer_per_share": 27.98,
            "book_valuer_per_share_4q_avg": 30.28,
            "equity": 48764244,
            "current_ratio": 278.11,
            "debt_ratio": 60.73,
            "inventory_turnover_ratio": 0.06,
            "account_receivable_turnover_ratio": 8,
            "reinvestment_rate": -0.81,
            "research_to_sale_ratio": null,
            "price_fair": 102.82,
            "eps_avg_yearly": 2.94,
            "eps_latest_yearly": 0.8,
            "eps_growth_yearly": 515.46
        },
        "20203": {
            "year_quarter": 20203,
            "year": 2020,
            "quarter": 3,
            "eps": 0.65,
            "eps_growth_year": 225,
            "eps_4q": -0.09,
            "eps_4q_growth_year": -101.6,
            "roe": 2.25,
            "roe_4q": -0.11999999999999988,
            "gross_profit": 2979207,
            "gross_margin": 43.71,
            "gross_margin_4q_avg": 44.98,
            "net_income": 1129598,
            "net_income_4q": null,
            "revenue": 6815374,
            "revenue_4q": null,
            "common_shares": 17402970,
            "book_valuer_per_share": 29.58,
            "book_valuer_per_share_4q_avg": 29.66,
            "equity": 51554950,
            "current_ratio": 304.49,
            "debt_ratio": 57.62,
            "inventory_turnover_ratio": 0.1,
            "account_receivable_turnover_ratio": 13.43,
            "reinvestment_rate": -0.51,
            "research_to_sale_ratio": null,
            "price_fair": 113.23,
            "eps_avg_yearly": 3.24,
            "eps_latest_yearly": 0.8,
            "eps_growth_yearly": 617.39
        },
        "20204": {
            "year_quarter": 20204,
            "year": 2020,
            "quarter": 4,
            "eps": 0.29,
            "eps_growth_year": null,
            "eps_4q": 0.68,
            "eps_4q_growth_year": -85.66,
            "roe": 0.94,
            "roe_4q": 2.34,
            "gross_profit": 750121,
            "gross_margin": 38.32,
            "gross_margin_4q_avg": 42.42,
            "net_income": 496161,
            "net_income_4q": null,
            "revenue": 1957605,
            "revenue_4q": null,
            "common_shares": 17402970,
            "book_valuer_per_share": 31.07,
            "book_valuer_per_share_4q_avg": 29.57,
            "equity": 54151689,
            "current_ratio": 673.9,
            "debt_ratio": 53.52,
            "inventory_turnover_ratio": 0.03,
            "account_receivable_turnover_ratio": 4.4,
            "reinvestment_rate": 0.6,
            "research_to_sale_ratio": null,
            "price_fair": 110.08,
            "eps_avg_yearly": 3.15,
            "eps_latest_yearly": 1.16,
            "eps_growth_yearly": 471.84
        },
        "20211": {
            "year_quarter": 20211,
            "year": 2021,
            "quarter": 1,
            "eps": 0.44,
            "eps_growth_year": null,
            "eps_4q": 1.36,
            "eps_4q_growth_year": null,
            "roe": 1.42,
            "roe_4q": 4.56,
            "gross_profit": 772852,
            "gross_margin": 57.45,
            "gross_margin_4q_avg": 43.21,
            "net_income": 768508,
            "net_income_4q": null,
            "revenue": 1345252,
            "revenue_4q": null,
            "common_shares": 17402970,
            "book_valuer_per_share": 31.21,
            "book_valuer_per_share_4q_avg": 29.96,
            "equity": 54383533,
            "current_ratio": 195.62,
            "debt_ratio": 54.04,
            "inventory_turnover_ratio": 0.01,
            "account_receivable_turnover_ratio": 3.37,
            "reinvestment_rate": 0.46,
            "research_to_sale_ratio": null,
            "price_fair": 115.5,
            "eps_avg_yearly": 3.3,
            "eps_latest_yearly": 1.76,
            "eps_growth_yearly": 533.87
        },
        "20212": {
            "year_quarter": 20212,
            "year": 2021,
            "quarter": 2,
            "eps": 0.33,
            "eps_growth_year": null,
            "eps_4q": 1.7,
            "eps_4q_growth_year": null,
            "roe": 1.06,
            "roe_4q": 5.67,
            "gross_profit": 716691,
            "gross_margin": 57.06,
            "gross_margin_4q_avg": 49.14,
            "net_income": 565832,
            "net_income_4q": null,
            "revenue": 1255950,
            "revenue_4q": null,
            "common_shares": 17402970,
            "book_valuer_per_share": 30.07,
            "book_valuer_per_share_4q_avg": 30.48,
            "equity": 52403048,
            "current_ratio": 184.38,
            "debt_ratio": 54.88,
            "inventory_turnover_ratio": 0.01,
            "account_receivable_turnover_ratio": 2.98,
            "reinvestment_rate": -2.22,
            "research_to_sale_ratio": null,
            "price_fair": 107.8,
            "eps_avg_yearly": 3.08,
            "eps_latest_yearly": 1.32,
            "eps_growth_yearly": 463.44
        },
        "20213": {
            "year_quarter": 20213,
            "year": 2021,
            "quarter": 3,
            "eps": -0.08,
            "eps_growth_year": -112.31,
            "eps_4q": 0.97,
            "eps_4q_growth_year": null,
            "roe": -0.27,
            "roe_4q": 3.15,
            "gross_profit": 649938,
            "gross_margin": 55.84,
            "gross_margin_4q_avg": 52.17,
            "net_income": -139013,
            "net_income_4q": null,
            "revenue": 1163967,
            "revenue_4q": null,
            "common_shares": 17402970,
            "book_valuer_per_share": 29.86,
            "book_valuer_per_share_4q_avg": 30.55,
            "equity": 52046163,
            "current_ratio": 196.49,
            "debt_ratio": 54.67,
            "inventory_turnover_ratio": 0.01,
            "account_receivable_turnover_ratio": 2.9,
            "reinvestment_rate": -1.83,
            "research_to_sale_ratio": null,
            "price_fair": 107.8,
            "eps_avg_yearly": 3.08,
            "eps_latest_yearly": 1.32,
            "eps_growth_yearly": 463.44
        },
        "20214": {
            "year_quarter": 20214,
            "year": 2021,
            "quarter": 4,
            "eps": -0.01,
            "eps_growth_year": -104.9,
            "eps_4q": 0.67,
            "eps_4q_growth_year": -0.54,
            "roe": -0.05,
            "roe_4q": 2.16,
            "gross_profit": 527817,
            "gross_margin": 50.85,
            "gross_margin_4q_avg": 55.3,
            "net_income": -24313,
            "net_income_4q": null,
            "revenue": 1038019,
            "revenue_4q": null,
            "common_shares": 17402970,
            "book_valuer_per_share": 30.24,
            "book_valuer_per_share_4q_avg": 30.35,
            "equity": 52695411,
            "current_ratio": 201.33,
            "debt_ratio": 52.56,
            "inventory_turnover_ratio": 0.01,
            "account_receivable_turnover_ratio": 2.63,
            "reinvestment_rate": -2.15,
            "research_to_sale_ratio": null,
            "price_fair": 121.1,
            "eps_avg_yearly": 3.46,
            "eps_latest_yearly": 1.32,
            "eps_growth_yearly": 563.04
        },
        "20221": {
            "year_quarter": 20221,
            "year": 2022,
            "quarter": 1,
            "eps": 0.83,
            "eps_growth_year": 88.64,
            "eps_4q": 1.06,
            "eps_4q_growth_year": -22.21,
            "roe": 2.65,
            "roe_4q": 3.39,
            "gross_profit": 3823353,
            "gross_margin": 61.98,
            "gross_margin_4q_avg": 56.43,
            "net_income": 1440954,
            "net_income_4q": null,
            "revenue": 6168433,
            "revenue_4q": null,
            "common_shares": 17402970,
            "book_valuer_per_share": 32.09,
            "book_valuer_per_share_4q_avg": 30.57,
            "equity": 55918029,
            "current_ratio": 556.22,
            "debt_ratio": 50.11,
            "inventory_turnover_ratio": 0.05,
            "account_receivable_turnover_ratio": 15.01,
            "reinvestment_rate": -1.08,
            "research_to_sale_ratio": null,
            "price_fair": 121.1,
            "eps_avg_yearly": 3.46,
            "eps_latest_yearly": 1.32,
            "eps_growth_yearly": 563.04
        },
        "20222": {
            "year_quarter": 20222,
            "year": 2022,
            "quarter": 2,
            "eps": -0.2,
            "eps_growth_year": -160.61,
            "eps_4q": 0.53,
            "eps_4q_growth_year": -68.66,
            "roe": -0.65,
            "roe_4q": 1.68,
            "gross_profit": 150668,
            "gross_margin": 46.73,
            "gross_margin_4q_avg": 53.85,
            "net_income": -349947,
            "net_income_4q": null,
            "revenue": 322394,
            "revenue_4q": null,
            "common_shares": 17402970,
            "book_valuer_per_share": 29.67,
            "book_valuer_per_share_4q_avg": 30.47,
            "equity": 51706704,
            "current_ratio": 547.04,
            "debt_ratio": 51.91,
            "inventory_turnover_ratio": 0,
            "account_receivable_turnover_ratio": 0.7,
            "reinvestment_rate": -0.67,
            "research_to_sale_ratio": null,
            "price_fair": 121.1,
            "eps_avg_yearly": 3.46,
            "eps_latest_yearly": 1.32,
            "eps_growth_yearly": 563.04
        },
        "20223": {
            "year_quarter": 20223,
            "year": 2022,
            "quarter": 3,
            "eps": -0.24,
            "eps_growth_year": null,
            "eps_4q": 0.37,
            "eps_4q_growth_year": -61.93,
            "roe": -0.83,
            "roe_4q": 1.1199999999999999,
            "gross_profit": 299540,
            "gross_margin": 50.43,
            "gross_margin_4q_avg": 52.5,
            "net_income": -422745,
            "net_income_4q": null,
            "revenue": 593988,
            "revenue_4q": null,
            "common_shares": 17402970,
            "book_valuer_per_share": 29.05,
            "book_valuer_per_share_4q_avg": 30.26,
            "equity": 50639074,
            "current_ratio": 391.5,
            "debt_ratio": 56.21,
            "inventory_turnover_ratio": 0.01,
            "account_receivable_turnover_ratio": 1.16,
            "reinvestment_rate": -1.36,
            "research_to_sale_ratio": null,
            "price_fair": 136.8,
            "eps_avg_yearly": 3.91,
            "eps_latest_yearly": 1.32,
            "eps_growth_yearly": 684.29
        },
        "20224": {
            "year_quarter": 20224,
            "year": 2022,
            "quarter": 4,
            "eps": -0.04,
            "eps_growth_year": null,
            "eps_4q": 0.34,
            "eps_4q_growth_year": -49.38,
            "roe": -0.15,
            "roe_4q": 1.02,
            "gross_profit": 1197077,
            "gross_margin": 56.02,
            "gross_margin_4q_avg": 53.79,
            "net_income": -75453,
            "net_income_4q": null,
            "revenue": 2136762,
            "revenue_4q": null,
            "common_shares": 17402970,
            "book_valuer_per_share": 28.91,
            "book_valuer_per_share_4q_avg": 29.93,
            "equity": 50390959,
            "current_ratio": 335.22,
            "debt_ratio": 55.06,
            "inventory_turnover_ratio": 0.02,
            "account_receivable_turnover_ratio": 4.29,
            "reinvestment_rate": -1.53,
            "research_to_sale_ratio": null,
            "price_fair": 145.83,
            "eps_avg_yearly": 4.17,
            "eps_latest_yearly": 1.32,
            "eps_growth_yearly": 373.34
        },
        "20231": {
            "year_quarter": 20231,
            "year": 2023,
            "quarter": 1,
            "eps": 0.22,
            "eps_growth_year": -73.49,
            "eps_4q": -0.27,
            "eps_4q_growth_year": -125.59,
            "roe": 0.74,
            "roe_4q": -0.89,
            "gross_profit": 1894594,
            "gross_margin": 52.36,
            "gross_margin_4q_avg": 51.39,
            "net_income": 376439,
            "net_income_4q": null,
            "revenue": 3618088,
            "revenue_4q": null,
            "common_shares": 17402970,
            "book_valuer_per_share": 29.5,
            "book_valuer_per_share_4q_avg": 29.28,
            "equity": 51413021,
            "current_ratio": 388.88,
            "debt_ratio": 54.6,
            "inventory_turnover_ratio": 0.04,
            "account_receivable_turnover_ratio": 7.64,
            "reinvestment_rate": 3.67,
            "research_to_sale_ratio": null,
            "price_fair": 3.62,
            "eps_avg_yearly": 1.21,
            "eps_latest_yearly": 1.32,
            "eps_growth_yearly": -114.71
        },
        "20232": {
            "year_quarter": 20232,
            "year": 2023,
            "quarter": 2,
            "eps": -0.2,
            "eps_growth_year": null,
            "eps_4q": -0.27,
            "eps_4q_growth_year": -150.87,
            "roe": -0.71,
            "roe_4q": -0.95,
            "gross_profit": 291942,
            "gross_margin": 44.89,
            "gross_margin_4q_avg": 50.93,
            "net_income": -350146,
            "net_income_4q": null,
            "revenue": 650358,
            "revenue_4q": null,
            "common_shares": 17402970,
            "book_valuer_per_share": 27.23,
            "book_valuer_per_share_4q_avg": 28.67,
            "equity": 47467659,
            "current_ratio": 330.52,
            "debt_ratio": 57.55,
            "inventory_turnover_ratio": 0.01,
            "account_receivable_turnover_ratio": 1.47,
            "reinvestment_rate": 6.1,
            "research_to_sale_ratio": null,
            "price_fair": 3.78,
            "eps_avg_yearly": 1.26,
            "eps_latest_yearly": 1.32,
            "eps_growth_yearly": -48.66
        },
        "20233": {
            "year_quarter": 20233,
            "year": 2023,
            "quarter": 3,
            "eps": 0.04,
            "eps_growth_year": null,
            "eps_4q": 0.02,
            "eps_4q_growth_year": -95.62,
            "roe": 0.16,
            "roe_4q": 0.04000000000000006,
            "gross_profit": 1766337,
            "gross_margin": 55.66,
            "gross_margin_4q_avg": 52.23,
            "net_income": 77085,
            "net_income_4q": null,
            "revenue": 3173488,
            "revenue_4q": null,
            "common_shares": 17402970,
            "book_valuer_per_share": 28.17,
            "book_valuer_per_share_4q_avg": 28.45,
            "equity": 50053710,
            "current_ratio": 359.33,
            "debt_ratio": 55.66,
            "inventory_turnover_ratio": 0.03,
            "account_receivable_turnover_ratio": 8.01,
            "reinvestment_rate": 10.34,
            "research_to_sale_ratio": null,
            "price_fair": 4.24,
            "eps_avg_yearly": 1.41,
            "eps_latest_yearly": 1.32,
            "eps_growth_yearly": -38.21
        }
    },
    "months": {
        "2012-12": {
            "month": "2012-12",
            "price": "26.01",
            "revenue": 2191219
        },
        "2013-01": {
            "month": "2013-01",
            "price": "27.93",
            "revenue": 592133
        },
        "2013-02": {
            "month": "2013-02",
            "price": "29.28",
            "revenue": 375141
        },
        "2013-03": {
            "month": "2013-03",
            "price": "26.07",
            "revenue": 592856
        },
        "2013-04": {
            "month": "2013-04",
            "price": "25.79",
            "revenue": 544330
        },
        "2013-05": {
            "month": "2013-05",
            "price": "26.99",
            "revenue": 522718
        },
        "2013-06": {
            "month": "2013-06",
            "price": "24.95",
            "revenue": 638246
        },
        "2013-07": {
            "month": "2013-07",
            "price": "25.22",
            "revenue": 416236
        },
        "2013-08": {
            "month": "2013-08",
            "price": "25.03",
            "revenue": 536729
        },
        "2013-09": {
            "month": "2013-09",
            "price": "25.43",
            "revenue": 2239043
        },
        "2013-10": {
            "month": "2013-10",
            "price": "26.03",
            "revenue": 417539
        },
        "2013-11": {
            "month": "2013-11",
            "price": "25.77",
            "revenue": 470164
        },
        "2013-12": {
            "month": "2013-12",
            "price": "25.75",
            "revenue": 3459254
        },
        "2014-01": {
            "month": "2014-01",
            "price": "25.37",
            "revenue": 454295
        },
        "2014-02": {
            "month": "2014-02",
            "price": "23.10",
            "revenue": 410190
        },
        "2014-03": {
            "month": "2014-03",
            "price": "21.86",
            "revenue": 510113
        },
        "2014-04": {
            "month": "2014-04",
            "price": "22.35",
            "revenue": 393676
        },
        "2014-05": {
            "month": "2014-05",
            "price": "22.37",
            "revenue": 427850
        },
        "2014-06": {
            "month": "2014-06",
            "price": "25.51",
            "revenue": 671595
        },
        "2014-07": {
            "month": "2014-07",
            "price": "27.00",
            "revenue": 510114
        },
        "2014-08": {
            "month": "2014-08",
            "price": "31.75",
            "revenue": 477971
        },
        "2014-09": {
            "month": "2014-09",
            "price": "31.26",
            "revenue": 483709
        },
        "2014-10": {
            "month": "2014-10",
            "price": "27.28",
            "revenue": 397284
        },
        "2014-11": {
            "month": "2014-11",
            "price": "24.99",
            "revenue": 438046
        },
        "2014-12": {
            "month": "2014-12",
            "price": "27.42",
            "revenue": 2566840
        },
        "2015-01": {
            "month": "2015-01",
            "price": "27.08",
            "revenue": 1103913
        },
        "2015-02": {
            "month": "2015-02",
            "price": "27.12",
            "revenue": 1062893
        },
        "2015-03": {
            "month": "2015-03",
            "price": "27.27",
            "revenue": 1200134
        },
        "2015-04": {
            "month": "2015-04",
            "price": "30.21",
            "revenue": 819628
        },
        "2015-05": {
            "month": "2015-05",
            "price": "37.80",
            "revenue": 599102
        },
        "2015-06": {
            "month": "2015-06",
            "price": "25.51",
            "revenue": 661484
        },
        "2015-07": {
            "month": "2015-07",
            "price": "25.51",
            "revenue": 621037
        },
        "2015-08": {
            "month": "2015-08",
            "price": "22.08",
            "revenue": 697043
        },
        "2015-09": {
            "month": "2015-09",
            "price": "19.13",
            "revenue": 3383118
        },
        "2015-10": {
            "month": "2015-10",
            "price": "21.77",
            "revenue": 1248600
        },
        "2015-11": {
            "month": "2015-11",
            "price": "23.79",
            "revenue": 755144
        },
        "2015-12": {
            "month": "2015-12",
            "price": "22.42",
            "revenue": 702056
        },
        "2016-01": {
            "month": "2016-01",
            "price": "18.85",
            "revenue": 1110922
        },
        "2016-02": {
            "month": "2016-02",
            "price": "19.52",
            "revenue": 560924
        },
        "2016-03": {
            "month": "2016-03",
            "price": "23.11",
            "revenue": 449625
        },
        "2016-04": {
            "month": "2016-04",
            "price": "20.82",
            "revenue": 501661
        },
        "2016-05": {
            "month": "2016-05",
            "price": "20.15",
            "revenue": 462717
        },
        "2016-06": {
            "month": "2016-06",
            "price": "20.49",
            "revenue": 505679
        },
        "2016-07": {
            "month": "2016-07",
            "price": "20.42",
            "revenue": 449898
        },
        "2016-08": {
            "month": "2016-08",
            "price": "21.08",
            "revenue": 497680
        },
        "2016-09": {
            "month": "2016-09",
            "price": "22.48",
            "revenue": 370378
        },
        "2016-10": {
            "month": "2016-10",
            "price": "22.16",
            "revenue": 389567
        },
        "2016-11": {
            "month": "2016-11",
            "price": "20.83",
            "revenue": 429095
        },
        "2016-12": {
            "month": "2016-12",
            "price": "20.58",
            "revenue": 1692444
        },
        "2017-01": {
            "month": "2017-01",
            "price": "20.52",
            "revenue": 520569
        },
        "2017-02": {
            "month": "2017-02",
            "price": "20.97",
            "revenue": 412470
        },
        "2017-03": {
            "month": "2017-03",
            "price": "21.00",
            "revenue": 391828
        },
        "2017-04": {
            "month": "2017-04",
            "price": "20.70",
            "revenue": 372853
        },
        "2017-05": {
            "month": "2017-05",
            "price": "20.23",
            "revenue": 399915
        },
        "2017-06": {
            "month": "2017-06",
            "price": "20.24",
            "revenue": 359962
        },
        "2017-07": {
            "month": "2017-07",
            "price": "20.11",
            "revenue": 368580
        },
        "2017-08": {
            "month": "2017-08",
            "price": "19.42",
            "revenue": 521242
        },
        "2017-09": {
            "month": "2017-09",
            "price": "18.69",
            "revenue": 430151
        },
        "2017-10": {
            "month": "2017-10",
            "price": "18.40",
            "revenue": 402130
        },
        "2017-11": {
            "month": "2017-11",
            "price": "18.41",
            "revenue": 406705
        },
        "2017-12": {
            "month": "2017-12",
            "price": "18.30",
            "revenue": 443383
        },
        "2018-01": {
            "month": "2018-01",
            "price": "19.71",
            "revenue": 478753
        },
        "2018-02": {
            "month": "2018-02",
            "price": "18.77",
            "revenue": 322760
        },
        "2018-03": {
            "month": "2018-03",
            "price": "18.59",
            "revenue": 413166
        },
        "2018-04": {
            "month": "2018-04",
            "price": "18.92",
            "revenue": 410495
        },
        "2018-05": {
            "month": "2018-05",
            "price": "18.94",
            "revenue": 375949
        },
        "2018-06": {
            "month": "2018-06",
            "price": "19.10",
            "revenue": 440274
        },
        "2018-07": {
            "month": "2018-07",
            "price": "20.95",
            "revenue": 403145
        },
        "2018-08": {
            "month": "2018-08",
            "price": "20.18",
            "revenue": 328378
        },
        "2018-09": {
            "month": "2018-09",
            "price": "19.98",
            "revenue": 409610
        },
        "2018-10": {
            "month": "2018-10",
            "price": "18.01",
            "revenue": 454844
        },
        "2018-11": {
            "month": "2018-11",
            "price": "17.38",
            "revenue": 366740
        },
        "2018-12": {
            "month": "2018-12",
            "price": "18.95",
            "revenue": 3549431
        },
        "2019-01": {
            "month": "2019-01",
            "price": "19.45",
            "revenue": 552276
        },
        "2019-02": {
            "month": "2019-02",
            "price": "19.73",
            "revenue": 259361
        },
        "2019-03": {
            "month": "2019-03",
            "price": "19.61",
            "revenue": 346858
        },
        "2019-04": {
            "month": "2019-04",
            "price": "21.58",
            "revenue": 229094
        },
        "2019-05": {
            "month": "2019-05",
            "price": "21.98",
            "revenue": 1633584
        },
        "2019-06": {
            "month": "2019-06",
            "price": "24.73",
            "revenue": 305298
        },
        "2019-07": {
            "month": "2019-07",
            "price": "27.33",
            "revenue": 324776
        },
        "2019-08": {
            "month": "2019-08",
            "price": "24.07",
            "revenue": 304115
        },
        "2019-09": {
            "month": "2019-09",
            "price": "24.52",
            "revenue": 397055
        },
        "2019-10": {
            "month": "2019-10",
            "price": "24.96",
            "revenue": 363285
        },
        "2019-11": {
            "month": "2019-11",
            "price": "25.63",
            "revenue": 483559
        },
        "2019-12": {
            "month": "2019-12",
            "price": "26.25",
            "revenue": 547924
        },
        "2020-01": {
            "month": "2020-01",
            "price": "27.73",
            "revenue": 521617
        },
        "2020-02": {
            "month": "2020-02",
            "price": "23.54",
            "revenue": 151003
        },
        "2020-03": {
            "month": "2020-03",
            "price": "21.97",
            "revenue": 487793
        },
        "2020-04": {
            "month": "2020-04",
            "price": "23.14",
            "revenue": 595799
        },
        "2020-05": {
            "month": "2020-05",
            "price": "24.82",
            "revenue": 1800231
        },
        "2020-06": {
            "month": "2020-06",
            "price": "25.21",
            "revenue": 1057909
        },
        "2020-07": {
            "month": "2020-07",
            "price": "26.41",
            "revenue": 635927
        },
        "2020-08": {
            "month": "2020-08",
            "price": "25.31",
            "revenue": 593417
        },
        "2020-09": {
            "month": "2020-09",
            "price": "24.68",
            "revenue": 5636921
        },
        "2020-10": {
            "month": "2020-10",
            "price": "24.53",
            "revenue": 680940
        },
        "2020-11": {
            "month": "2020-11",
            "price": "25.49",
            "revenue": 504426
        },
        "2020-12": {
            "month": "2020-12",
            "price": "27.77",
            "revenue": 741250
        },
        "2021-01": {
            "month": "2021-01",
            "price": "29.59",
            "revenue": 440643
        },
        "2021-02": {
            "month": "2021-02",
            "price": "31.60",
            "revenue": 303028
        },
        "2021-03": {
            "month": "2021-03",
            "price": "36.36",
            "revenue": 600513
        },
        "2021-04": {
            "month": "2021-04",
            "price": "32.68",
            "revenue": 526548
        },
        "2021-05": {
            "month": "2021-05",
            "price": "30.23",
            "revenue": 392337
        },
        "2021-06": {
            "month": "2021-06",
            "price": "28.47",
            "revenue": 337526
        },
        "2021-07": {
            "month": "2021-07",
            "price": "28.33",
            "revenue": 581487
        },
        "2021-08": {
            "month": "2021-08",
            "price": "25.84",
            "revenue": 256361
        },
        "2021-09": {
            "month": "2021-09",
            "price": "26.72",
            "revenue": 327905
        },
        "2021-10": {
            "month": "2021-10",
            "price": "26.64",
            "revenue": 261399
        },
        "2021-11": {
            "month": "2021-11",
            "price": "27.52",
            "revenue": 350112
        },
        "2021-12": {
            "month": "2021-12",
            "price": "27.17",
            "revenue": 425757
        },
        "2022-01": {
            "month": "2022-01",
            "price": "27.80",
            "revenue": 500651
        },
        "2022-02": {
            "month": "2022-02",
            "price": "27.16",
            "revenue": 2916063
        },
        "2022-03": {
            "month": "2022-03",
            "price": "26.11",
            "revenue": 2779785
        },
        "2022-04": {
            "month": "2022-04",
            "price": "25.56",
            "revenue": 23667
        },
        "2022-05": {
            "month": "2022-05",
            "price": "25.58",
            "revenue": 20768
        },
        "2022-06": {
            "month": "2022-06",
            "price": "25.47",
            "revenue": 250150
        },
        "2022-07": {
            "month": "2022-07",
            "price": "24.88",
            "revenue": 131397
        },
        "2022-08": {
            "month": "2022-08",
            "price": "22.86",
            "revenue": 257013
        },
        "2022-09": {
            "month": "2022-09",
            "price": "21.22",
            "revenue": 203539
        },
        "2022-10": {
            "month": "2022-10",
            "price": "20.57",
            "revenue": 194992
        },
        "2022-11": {
            "month": "2022-11",
            "price": "21.93",
            "revenue": 189912
        },
        "2022-12": {
            "month": "2022-12",
            "price": "22.14",
            "revenue": 1749570
        },
        "2023-01": {
            "month": "2023-01",
            "price": "21.46",
            "revenue": 3238434
        },
        "2023-02": {
            "month": "2023-02",
            "price": "22.54",
            "revenue": 202222
        },
        "2023-03": {
            "month": "2023-03",
            "price": "23.43",
            "revenue": 203043
        },
        "2023-04": {
            "month": "2023-04",
            "price": "22.96",
            "revenue": 268716
        },
        "2023-05": {
            "month": "2023-05",
            "price": "23.84",
            "revenue": 208853
        },
        "2023-06": {
            "month": "2023-06",
            "price": "26.44",
            "revenue": 196734
        },
        "2023-07": {
            "month": "2023-07",
            "price": "25.35",
            "revenue": 179730
        },
        "2023-08": {
            "month": "2023-08",
            "price": "23.07",
            "revenue": 2692346
        },
        "2023-09": {
            "month": "2023-09",
            "price": "22.69",
            "revenue": 303360
        },
        "2023-10": {
            "month": "2023-10",
            "price": "22.75",
            "revenue": 212228
        },
        "2023-11": {
            "month": "2023-11",
            "price": "24.45",
            "revenue": 235088
        }
    }
}
